4450 6209
523 669 596 743 588
1099 669 1191 743 LES
1222 669 1361 745 OLlM.

296 813 481 878 Pffiss’ssll»
521 839 644 889 russas
658 811 765 896 fecit,
788 811 966 888 sueciam
987 809 1132 887 dictum
1152 816 1370 919 episcopum
1388 811 1550 889 turbavit
1563 813 1602 887 in
1617 810 1851 916 possessione
1868 810 1932 887 alte

356 906 420 950 Μ’
521 964 559 1022 et
578 946 684 1022 basse
695 942 846 1052 justicie
860 941 970 1048 burgi
992 940 1213 1031 d'rllamans,
1230 945 1269 1018 in
1284 963 1359 1050 qua
1378 942 1501 1021 dictus
1517 943 1716 1050 episcopus
1733 957 1773 1017 et
1790 941 1846 1017 sui
1861 971 1933 1048 pre·

523 1078 737 1155 decessores
754 1091 861 1163 sunt,
879 1091 922 1150 ut
939 1072 1089 1161 dicitur,
1107 1091 1146 1150 et
1158 1072 1312 1150 luerunt
1333 1071 1486 1181 pacifice
1505 1092 1711 1180 atempore
1732 1100 1846 1178 aquo
1862 1101 1931 1149 me-

521 1207 640 1284 moria
655 1207 855 1285 hominum
872 1204 911 1279 in
932 1205 1159 1280 contrarium
1176 1231 1254 1280 non
1270 1205 1409 1296 existit,
1425 1233 1495 1284 nos
1508 1233 1608 1295 vero,
1626 1205 1674 1281 de
1689 1201 1867 1308 predictis
1877 1230 1931 1279 ex·

520 1338 686 1416 cessibus
715 1353 752 1414 et
779 1335 1072 1424 inobedieuciis,
1107 1336 1247 1413 vocatis
1276 1337 1491 1424 evocandis,
1517 1335 1656 1444 inquiri
1687 1333 1930 1411 mandavimus

520 1471 730 1561 veritatem3
752 1469 848 1548 lacta
866 1470 980 1576 igitur
999 1470 1204 1574 superbiis
1226 1471 1395 1578 inquesta
1416 1489 1453 1549 et
1472 1473 1521 1549 ad
1540 1473 1681 1549 curiam
1704 1489 1867 1549 nostram
1884 1502 1932 1549 re·

520 1620 680 1710 portata,
693 1602 769 1680 visa
782 1619 820 1678 et
840 1599 1039 1708 diligenter
1052 1601 1274 1691 examinata,
1291 1603 1380 1710 quia
1399 1621 1593 1710 repertum
1613 1620 1669 1681 est
1682 1630 1756 1709 per
1770 1631 1849 1678 eam
1868 1602 1933 1679 sul·

519 1733 691 1810 ficienter
701 1732 899 1839 probatum
911 1732 1015 1838 quod
1033 1731 1157 1808 dictus
1167 1731 1390 1822 Gaulridus,
1405 1735 1584 1812 dominus
1596 1733 1803 1824 hiberiaci,
1817 1731 1932 1810 Geral

521 1867 613 1943 dum
621 1865 677 1942 de
688 1866 940 1952 BonoFonte,
954 1863 1221 1968 presbiterum,
1236 1865 1351 1972 cepit,
1366 1883 1404 1944 et
1416 1866 1456 1943 in
1467 1865 1647 1943 vilissimo
1662 1865 1933 1970 carcereposuit

521 2014 559 2072 et
581 1995 747 2083 intrusit,
771 2021 934 2082 necnon,
955 2009 1040 2100 post
1052 1995 1340 2099 provocaciones
1357 2014 1395 2072 et
1411 1996 1687 2102 appellaeiones
1707 2025 1727 2071 a
1750 1997 1850 2073 disto
1867 1995 1934 2102 epi·

521 2156 633 2235 scopo
645 2143 682 2204 et
694 2125 916 2204 hominibus
929 2125 1007 2202 suis
1018 2125 1129 2233 burgi
1145 2123 1357 2204 d’vllamans
1371 2129 1419 2205 ad
1432 2154 1503 2206 nos
1517 2127 1748 2234 interjectas,
1764 2128 1933 2205 nedictus

520 2259 724 2340 Gaulridus
737 2258 952 2362 predictum
974 2258 1194 2365 episcopum
1215 2257 1253 2333 in
1273 2258 1406 2337 saisina
1420 2259 1572 2367 justicie
1585 2258 1659 2336 alte
1673 2276 1712 2336 et
1731 2260 1838 2336 basse
1855 2257 1933 2334 dicti

519 2391 642 2498 burgi,
656 2391 780 2497 inqua
794 2405 882 2476 erat,
898 2407 941 2465 ut
954 2386 1113 2475 dicebat,
1125 2387 1230 2466 solus
1242 2407 1281 2465 et
1292 2388 1510 2480 insolidum,
1522 2389 1737 2496 impediret,
1749 2415 1820 2466 nec
1829 2389 1934 2465 homi·

519 2522 632 2599 nibus
651 2521 740 2598 dicti
763 2519 872 2628 burgi
898 2519 1041 2626 aliquas
1061 2519 1262 2596 violencias
1290 2519 1462 2609 inferret,
1488 2519 1667 2625 dictoque
1693 2521 1886 2626 episcopo,
1901 2518 1933 2592 in

519 2652 668 2759 speciali
690 2653 803 2760 garda
822 2669 948 2730 nostra
968 2651 1149 2728 existente
1167 2651 1204 2726 in
1222 2677 1383 2757 persona
1402 2669 1441 2729 et
1462 2650 1640 2728 omnibus
1657 2650 1773 2728 bonis
1793 2650 1879 2738 suis,
1899 2677 1932 2724 ac

516 2783 663 2860 'Nicasio
685 2784 732 2859 de
748 2783 895 2870 Ursino,
913 2780 1096 2858 serviente
1117 2797 1257 2869 nostro,
1269 2809 1383 2888 super
1397 2782 1488 2871 hoc,
1502 2809 1571 2888 per
1589 2781 1841 2858 senescallum
1857 2806 1932 2856 nos·

520 2933 620 2990 trum
636 2913 989 3020 Petragoricensem‚
1007 2910 1217 3017 specialiter
1230 2911 1439 3018 gardiatore
1459 2912 1530 3017 ipsi
1551 2911 1725 3018 episcopo
1747 2911 1930 3018 deputato,

520 3046 583 3150 qui
600 3043 780 3131 Nicasius,
797 3041 960 3120 serviens
972 3059 1111 3132 noster,
1131 3044 1298 3149 predicta
1309 3043 1412 3120 dicto
1424 3041 1606 3122 Gauhido
1622 3041 1888 3128 notificaverat,
1900 3055 1932 3117 et

519 3175 611 3263 sibi,
629 3175 848 3252 auctoritate
868 3191 1015 3262 nostra,
1033 3174 1265 3263 inhibuerat,
1281 3173 1353 3252 suh
1373 3173 1478 3250 omni
1497 3201 1545 3250 eo
1563 3174 1667 3280 quod
1687 3191 1817 3279 posset
1835 3169 1931 3248 nohis

519 3305 751 3397 forisfacere,
774 3333 822 3383 ne
840 3303 1018 3411 predictis
1038 3305 1215 3413 episcopo
1235 3323 1275 3382 et
1294 3303 1513 3383 hominihus
1531 3305 1572 3380 in
1591 3304 1762 3410 ipsorum
1778 3301 1931 3412 prejudi-

519 3439 619 3516 cium
639 3437 786 3548 aliquid
800 3453 1055 3544 attemptaret,
1074 3439 1254 3544 quodque
1270 3437 1392 3515 dictus
1410 3437 1573 3515 serviens
1587 3454 1716 3514 nomer
1728 3436 1929 3541 predictum

519 3569 744 3648 Gaulridum
759 3569 932 3646 citaverat
942 3569 989 3647 ad
1003 3570 1168 3647 assisiam
1182 3569 1375 3646 senescalli
1389 3568 1508 3646 nostri
1520 3567 1833 3675 Petragoricensis
1846 3593 1930 3672 pres

518 3701 678 3776 titurum
702 3718 1041 3778 assecuramentum
1067 3701 1257 3806 preposito
1279 3718 1318 3778 et
1339 3699 1558 3777 hominibus
1577 3698 1710 3807 prelati
1729 3697 1839 3806 burgi
1857 3696 1930 3774 d’d·

519 3832 677 3924 lamans,
694 3849 731 3908 et
744 3860 787 3907 ex
799 3829 1051 3918 habundanti,
1070 3831 1204 3909 iterato
1220 3831 1434 3909 inhibuerat
1449 3830 1575 3908 eidem
1589 3858 1637 3906 ne
1651 3830 1753 3910 dicto
1767 3830 1929 3936 episcopo
2042 3811 2046 3818 ¹

517 3979 556 4038 et
577 3961 752 4067 gentibus
769 3961 848 4037 suis
866 3959 1011 4065 aliquid
1028 3959 1273 4052 forisfaceret3
1291 3962 1430 4068 quibus
1452 3961 1629 4038 omnibus
1648 3962 1799 4068 spretis,
1820 3959 1929 4037 dictus

518 4091 736 4180 Gaufridus,
755 4092 793 4168 in
807 4090 1057 4198 prejudicium
1069 4092 1183 4199 garde
1197 4111 1339 4182 nostre,
1354 4092 1481 4199 plures
1491 4092 1667 4170 homines
1682 4110 1720 4170 et
1731 4093 1930 4170 habitantes

518 4225 605 4301 dicti
623 4222 732 4333 burgi
753 4222 963 4300 d‘Alamans
984 4223 1082 4329 cepit
1102 4241 1140 4300 et
1157 4223 1395 4301 incarceravit
1413 4240 1449 4299 et
1469 4221 1509 4299 in
1529 4223 1710 4301 vilissimo
1726 4251 1867 4300 carcere
1879 4250 1930 4297 re·

517 4356 646 4432 trudit:
655 4356 753 4432 dtem
764 4417 772 4444 ,
783 4355 963 4460 predictis
979 4383 1055 4431 non
1075 4373 1292 4446 contentus,
1308 4355 1431 4432 dictus
1445 4354 1651 4437 Gaulridus
1669 4354 1717 4431 ad
1730 4354 1928 4461 predictum

517 4487 678 4594 burgum
700 4486 912 4564 d’Alamans
931 4487 1099 4576 accessit,
1123 4504 1162 4563 et
1175 4486 1320 4564 ibidem
1339 4486 1490 4563 intravit
1503 4513 1572 4592 per
1589 4485 1825 4575 violenciam,
1840 4484 1928 4562 fran-

517 4618 641 4722 gendo
669 4634 794 4723 portas
820 4618 909 4695 dicti
934 4618 1062 4724 burgi,
1087 4647 1174 4694 cum
1192 4618 1438 4695 multitudine
1465 4617 1664 4695 hominum
1690 4635 1925 4703 armatorum,

517 4774 596 4822 non
611 4747 909 4826 obstanteeciam
927 4749 1032 4856 quod
1047 4748 1172 4827 dictus
1187 4749 1348 4826 serviens
1358 4767 1486 4826 noster
1499 4748 1642 4826 ibidem
1652 4777 1822 4855 presens,
1836 4746 1926 4822 dicto

517 4876 717 4966 Gaufrido,¹
735 4883 951 4957 auctoritate
971 4897 1114 4969 nostra,
1138 4879 1327 4958 inhiberet
1345 4879 1419 4958 hoc
1437 4878 1578 4970 eidem,
1600 4896 1780 4988 quantum
1800 4894 1923 4985 posset.

518 5011 624 5096 ltem,
641 5009 885 5114 quoddictus
899 5010 1118 5100 Gaulridus,
1137 5010 1231 5088 mala
1243 5010 1356 5088 malis
1372 5010 1626 5104 accumulans,
1643 5010 1745 5088 dicto
1761 5009 1925 5116 episcopo
