4450 6209
511 711 586 782 622
1094 705 1185 782 LES
1214 707 1355 783 OLIM.

283 861 413 916 ranna
427 861 470 926 lv,
507 871 634 932 nostre
648 854 768 944 curie,
787 853 930 931 dictum
945 851 1018 929 fuit
1031 852 1138 959 quod
1152 851 1246 929 certi
1260 849 1464 939 dabuntur,
1478 879 1549 958 per
1561 852 1722 943 curiam,
1741 853 1934 936 auditores

345 954 408 997 Μ’
508 983 587 1092 qui,
600 985 736 1062 vocatis
750 985 816 1092 qni
830 983 972 1061 fuerint
987 983 1178 1076 evocandi,
1195 982 1244 1060 de
1257 981 1370 1060 dictis
1381 981 1502 1061 misiis
1515 980 1712 1061 veritatem
1725 983 1929 1093 inquirent,

508 1130 547 1190 et
562 1115 679 1192 eciam
696 1114 743 1194 do
756 1114 1031 1194 consuetudine
1045 1113 1244 1192 comitatus
1256 1112 1541 1205 Attrebatensis,
1552 1113 1649 1192 infin
1662 1115 1769 1222 quod
1782 1133 1931 1224 tempus

507 1272 633 1324 comes
650 1245 969 1326 Claromontensis
983 1272 1139 1322 nemora
1151 1271 1227 1352 que
1241 1241 1331 1333 sibi,
1346 1261 1538 1352 tamqnam
1553 1245 1728 1336 mobilia,
1747 1245 1929 1326 delibera·

505 1376 661 1467 buntur,
672 1407 741 1484 pro
753 1394 857 1485 parte
873 1405 939 1455 sua
952 1374 1142 1454 dictorum
1153 1401 1373 1468 nemorum,
1384 1375 1594 1484 expleetane
1606 1392 1808 1455 etvacmre
1822 1377 1929 1457 debe·

506 1507 576 1597 bit,
605 1525 656 1600 et,
682 1510 859 1616 inquisita
879 1509 1033 1587 veritate
1059 1508 1107 1585 de
1126 1507 1323 1614 predictis,
1343 1506 1506 1616 visisque
1532 1507 1715 1616 inquestis
1734 1508 1927 1614 predictis,

506 1639 610 1716 curia
626 1659 753 1718 nostra
773 1642 821 1719 ad
834 1667 877 1719 ea
891 1639 1143 1749 judicandum
1158 1639 1341 1746 procedet
1362 1637 1411 1715 ad
1427 1636 1601 1716 littorum
1620 1639 1793 1746 proximo
1812 1640 1928 1747 parla-

506 1787 690 1849 mentum.

561 1899 697 1980 Actum
718 1904 820 2010 apud
838 1899 1086 1993 Pontisaram,
1108 1899 1284 1982 Mercurii
1304 1917 1392 2006 post
1406 1899 1703 1991 Penthecosten,
1729 1929 1829 1981 anno
1853 1919 1925 1980 tre·

507 2033 711 2112 centesimo
726 2033 944 2112 undecimo.

561 2164 714 2242 Tradita
734 2163 804 2243 luit
824 2165 892 2242 ista
907 2165 1079 2272 inquesta
1094 2164 1369 2244 commissariis.

560 2425 686 2504 CXVI.
718 2429 841 2534 Super
860 2455 905 2505 eo
926 2426 1031 2534 quod
1052 2424 1274 2504 Lancelotus
1294 2425 1342 2502 de
1360 2423 1714 2514 Sancto-Mederdo,
1733 2425 1860 2517 miles,
1873 2425 1926 2502 di·

503 2554 612 2634 cebat
630 2586 686 2650 se,
711 2558 860 2636 racione
882 2559 1008 2636 uxoris
1026 2583 1109 2648 sue,
1133 2585 1214 2636 esse
1229 2557 1269 2634 in
1281 2557 1383 2635 bona
1402 2556 1535 2634 saisina
1553 2555 1786 2664 percipiendi
1808 2575 1846 2635 et
1863 2559 1926 2636 ha·

504 2686 619 2763 bendi
643 2715 757 2765 unam
780 2689 930 2766 unciam
953 2687 1080 2766 auria
1104 2687 1262 2796 singulis
1287 2686 1508 2766 hominibus
1529 2685 1615 2764 ville
1641 2686 1924 2767 Sancti-Felicis

504 2819 646 2896 servilis
660 2819 890 2898 condicionis
906 2820 1008 2928 qnod
1022 2819 1240 2897 manumitti
1254 2847 1322 2897 seu
1339 2817 1522 2898 franchiri
1535 2819 1732 2927 contingit,
1746 2821 1858 2897 certis
1867 2849 1924 2898 au·

504 2948 690 3027 ditoribus
706 2950 891 3056 deputatis
906 2979 926 3026 a
939 2950 1067 3040 nobis,
1083 2967 1137 3041 et,
1156 2974 1281 3028 coram
1298 2949 1353 3026 eis
1370 2966 1473 3028 mota
1489 2950 1690 3056 questione
1703 2978 1819 3057 super
1836 2951 1920 3039 hoc,

503 3106 570 3186 per
591 3080 734 3158 dictum
759 3081 919 3158 militem
947 3098 1076 3160 contra
1098 3082 1286 3189 quosdam
1310 3081 1485 3160 homines
1505 3081 1606 3159 dicte
1626 3081 1735 3174 ville,
1756 3082 1922 3188 ipsorum

502 3211 702 3290 hominum
723 3230 942 3320 procurator
966 3242 986 3289 a
1005 3213 1170 3320 maedam
1193 3212 1483 3319 interloqutoria
1500 3229 1630 3289 contra
1647 3239 1713 3291 eos
1734 3239 1804 3320 pro
1823 3212 1921 3291 dicto

502 3341 622 3418 milite
636 3342 736 3432 data,
748 3344 796 3421 ad
810 3355 975 3420 nostram
985 3344 1127 3420 curiam
1140 3341 1376 3449 appellasset,
1387 3359 1426 3420 et
1436 3371 1551 3449 super
1562 3341 1726 3420 articulis
1740 3343 1920 3420 dictarum

501 3473 684 3579 parcium,
704 3474 744 3550 in
765 3503 873 3552 causa
893 3474 991 3551 dicte
1013 3473 1296 3582 appellacionis,
1319 3471 1431 3550 certis
1450 3473 1546 3550 datis
1564 3473 1848 3562 commissariis,
1868 3475 1922 3549 in-

500 3622 632 3711 questa
651 3633 720 3712 per
737 3633 801 3683 eos
816 3605 915 3682 ,sacta
932 3606 979 3682 ad
1001 3603 1144 3682 curiam
1162 3620 1331 3682 nostram
1349 3619 1538 3709 reportata
1556 3602 1711 3681 fuisset:
1732 3605 1916 3692 Tandem,

500 3735 574 3812 visa
587 3737 759 3842 inquesta
771 3736 957 3841 predicta,
978 3763 1065 3812 cum
1082 3735 1213 3840 plures
1227 3733 1396 3812 delectus
1409 3733 1449 3810 in
1462 3761 1507 3810 ea
1522 3734 1662 3842 reperti
1676 3733 1836 3825 luerint,
1856 3763 1918 3840 per

501 3863 603 3939 curie
626 3880 753 3940 nostre
772 3863 979 3971 judicium,
999 3865 1142 3941 dictum
1157 3865 1229 3941 suit
1244 3864 1367 3971 quod,
1391 3863 1567 3943 obmissis
1580 3864 1748 3942 totaliter
1760 3863 1910 3972 appella·

499 3994 607 4070 cione
617 3993 785 4099 predicta
792 4023 833 4072 ae
842 4021 1018 4102 processu
1032 3997 1201 4102 predicto
1215 3996 1255 4072 in
1270 4024 1379 4074 causa
1389 3995 1488 4073 dicte
1502 3995 1767 4102 appellacionis
1778 3995 1913 4084 habito,

500 4121 598 4200 dicte
609 4140 733 4232 partes
741 4153 854 4232 super
865 4124 1059 4234 principali
1073 4153 1182 4204 causa
1193 4127 1360 4233 predicta
1372 4127 1420 4205 ad
1432 4154 1588 4205 examen
1601 4127 1729 4206 ballivi
1739 4125 1917 4207 Silvanec-

497 4256 614 4334 tensis
624 4273 867 4349 revertantur,
885 4257 949 4365 qui
966 4258 1005 4334 in
1023 4258 1245 4367 hujusmodi
1259 4258 1502 4368 negocio,via
1517 4259 1716 4349 ordinaria,
1727 4257 1913 4365 procedat.

553 4387 690 4466 Actum
710 4389 810 4496 apud
828 4391 1073 4478 Pontisaram,
1090 4389 1220 4468 Martis
1239 4403 1325 4497 post
1340 4389 1576 4468 Trinitatem.

553 4649 690 4730 CXVII.
722 4651 836 4740 Cum,
856 4668 1021 4758 exparte
1039 4651 1294 4757 procuratoris
1316 4651 1435 4730 nostri
1454 4652 1783 4760 Petragoricensis,
1810 4650 1914 4730 nobis

496 4777 610 4856 fuerit
633 4781 881 4886 significatum
907 4782 1012 4888 quod
1034 4781 1163 4862 Guido
1186 4782 1234 4860 de
1251 4783 1483 4864 Tornemine
1503 4801 1542 4861 et
1559 4785 1737 4874 Peneius,
1758 4781 1914 4863 Guillel-

497 4939 599 5002 mus,
622 4912 755 4989 Petrus
772 4941 812 4989 ac
826 4911 1003 5003 Guiotus,
1021 4912 1152 4991 fratres
1168 4943 1212 4991 ac
1226 4931 1398 5023 nepotes,
1419 4914 1618 4993 familiares
1633 4932 1671 4993 ct
1688 4915 1736 4992 de
1750 4913 1913 4993 vestibus

496 5042 654 5146 predicti
681 5041 868 5122 Guidonis
892 5045 940 5122 de
961 5045 1192 5124 Tornemine
1208 5064 1294 5153 post
1315 5046 1536 5126 citacionem
1558 5065 1597 5126 et
1615 5048 1909 5155 ajomamentum
