4450 6209
767 728 1032 840 snoutrns
1058 749 1121 823 er
1148 725 1352 823 enonas.
1697 747 1764 821 aar

349 894 389 968 in
404 889 567 998 panibus
585 890 799 984 existentes,
821 891 1051 1000 bulengeriis
1065 890 1165 969 dicte
1182 889 1269 968 ville
1287 890 1516 968 contrarium
1539 888 1769 980 dicentibus,
1803 897 1933 952 Parnm
1952 899 1996 964 tv,

351 1039 387 1099 et
406 1021 660 1100 asserentibus
679 1052 719 1101 se
740 1052 820 1101 esse
840 1024 880 1100 in
901 1022 1035 1100 saisina
1055 1021 1284 1128 prohibendi
1307 1049 1354 1099 ne
1376 1022 1539 1098 extranei
1558 1019 1770 1128 bolengarii
1872 991 1934 1036 Μ’

347 1153 508 1260 predicti
525 1153 584 1230 vel
599 1152 664 1230 alii
676 1154 821 1261 possint
838 1169 1028 1261 asportare
1047 1179 1164 1260 panes
1177 1153 1225 1230 ad
1239 1151 1486 1230 vendendum
1500 1152 1540 1230 in
1560 1151 1657 1230 dicta
1669 1153 1771 1245 villa,

348 1284 421 1362 nisi
443 1285 484 1360 in
504 1284 566 1362 die
586 1284 731 1362 sabbati
751 1269 1016 1364 tantummode
1036 1301 1074 1362 et
1095 1311 1173 1363 non
1194 1284 1381 1362 talliatam
1399 1299 1436 1361 et
1455 1282 1590 1362 subtus
1610 1284 1775 1362 valorem

349 1414 515 1494 duorum
539 1415 799 1508 denariorum,
824 1435 864 1496 et
886 1418 1006 1495 eciam
1031 1415 1207 1493 dicebant
1228 1445 1266 1493 se
1289 1443 1369 1494 esse
1393 1416 1431 1492 in
1453 1415 1587 1494 saisina
1608 1416 1774 1495 habendi
1830 1458 1839 1477 ·

348 1548 551 1656 segardum
571 1547 611 1624 in
632 1547 795 1655 panibus
809 1577 879 1657 per
892 1549 1068 1628 homines
1082 1547 1141 1624 s'ui
1161 1547 1307 1625 artificii
1322 1563 1359 1624 et
1372 1547 1584 1655 corrigendi
1605 1547 1774 1626 defectus

341 1679 387 1755 *in
402 1678 564 1785 panibus
581 1680 782 1757 existentes
795 1680 901 1761 :Visa
915 1680 1032 1790 igitur
1053 1680 1227 1785 inquesta
1243 1707 1355 1785 super
1372 1679 1445 1757 hiis
1461 1679 1509 1757 de
1525 1681 1702 1758 mandato
1718 1711 1776 1759 cu-

349 1811 404 1888 rie
419 1826 547 1889 nostre
560 1810 670 1901 facta,
687 1812 979 1918 pronunciatum
995 1810 1085 1903 fuit,
1102 1839 1170 1918 per
1187 1812 1291 1889 curie
1309 1827 1436 1888 nostre
1444 1811 1650 1919 judicium,
1671 1813 1775 1919 quod

349 1941 559 2050 bolengarii
580 1943 746 2020 extranei
765 1959 946 2050 poterunt
965 1942 1013 2020 de
1036 1958 1178 2033 cetero,
1202 1943 1322 2020 libere
1343 1943 1479 2020 etsine
1502 1943 1776 2050 impedimento

349 2097 593 2181 quocunque,
612 2090 801 2181 asportare
821 2074 869 2151 ad
889 2075 1028 2152 dictam
1047 2074 1192 2168 villam,
1213 2075 1347 2154 diebus
1365 2076 1513 2167 martis,
1521 2075 1618 2183 jovis
1639 2091 1676 2151 et
1696 2077 1778 2153 sab-

348 2203 442 2293 bati,
470 2204 640 2312 qualibet
666 2205 894 2313 septimana,
917 2233 1034 2314 panes
1056 2235 1146 2285 suos
1170 2234 1247 2285 non
1273 2207 1435 2285 talliatos
1457 2206 1591 2284 subtus
1610 2207 1775 2285 valorem

350 2334 517 2414 duorum
533 2335 777 2414 denariorum
799 2353 837 2414 et
852 2363 917 2415 eos
929 2337 1073 2414 ibidem
1088 2338 1270 2430 vendere,
1293 2353 1331 2415 et
1350 2340 1455 2446 quod
1475 2338 1705 2445 quicumque
1722 2339 1778 2413 in-

349 2466 502 2545 traverit
523 2466 572 2544 de
596 2484 722 2544 cetero
744 2467 998 2546 ministerium
1017 2468 1328 2578 bolengariorum
1351 2469 1456 2546 dabit
1480 2466 1636 2546 cuilibet
1649 2467 1778 2547 bolend

350 2597 456 2702 gerlo
475 2595 677 2704 gastellum
694 2598 811 2677 unius
830 2597 935 2676 oboli
957 2611 995 2676 et
1010 2599 1106 2676 dnos
1128 2599 1302 2676 denarios
1322 2615 1474 2676 monete
1491 2598 1692 2687 merentis,
1708 2613 1776 2704 pro

350 2744 443 2834 potu
463 2727 748 2818 tautummodo,
764 2727 936 2807 delectus
955 2745 1082 2807 autem
1104 2729 1303 2808 existentes
1320 2730 1359 2806 in
1382 2729 1543 2836 panibus
1562 2757 1630 2835 per
1651 2742 1775 2808 toturn

351 2883 495 2935 annmn
519 2847 704 2936 videbunt
729 2878 767 2936 et
790 2859 978 2968 corrigent
999 2861 1079 2938 duo
1098 2861 1210 2968 probi
1233 2861 1325 2949 viri,
1347 2887 1425 2938 non
1447 2859 1677 2966 bolerxgerii,
1702 2889 1778 2939 una

351 3011 438 3065 cunr
459 2989 612 3067 duobus
635 2989 718 3068 aliis
736 2991 867 3096 probis
882 2991 970 3067 viris
988 2991 1218 3100 bolengariis
1240 3019 1354 3099 super
1374 2992 1446 3069 boc
1463 3019 1483 3067 a
1502 2991 1640 3069 ballivo
1664 2993 1777 3102 depu-

351 3134 448 3195 tatis.

408 3250 586 3328 Mercurii
607 3253 646 3328 in
665 3253 763 3331 festo
779 3252 890 3331 beate
909 3254 1025 3331 Lucie
1042 3253 1204 3363 virginis.

409 3380 567 3460 Cuillier
584 3383 797 3492 reportavit.

408 3645 483 3722 ΧΗ.
514 3643 612 3724 Cum
631 3644 861 3726 Guillelmus
883 3646 932 3726 de
954 3650 1097 3757 Fayno‚
1119 3645 1295 3739 clericus,
1311 3647 1421 3726 nobis
1442 3664 1669 3757 conquestus
1687 3647 1779 3727 fuis-

353 3791 410 3852 set
430 3775 536 3897 quod
557 3778 733 3884 magister
748 3778 958 3869 lohannes,
978 3776 1222 3856 cancellarius
1242 3779 1499 3869 Bituricensis,
1520 3796 1557 3857 et
1579 3781 1711 3858 Petrus
1730 3780 1777 3856 de

356 3906 639 4000 SanctaCruce,
653 3907 766 3986 miles
781 3925 922 4002 noster,
937 3909 1180 4016 inquisitores
1193 3939 1307 4017 super
1322 3909 1500 3989 officiales
1515 3929 1664 3990 nostros
1680 3939 1700 3987 a
1716 3940 1780 3988 no

354 4034 412 4115 bis
425 4040 594 4147 deputati
614 4041 654 4116 in
665 4040 879 4118 senescallia
898 4041 1147 4135 belli-Cadri,
1162 4041 1322 4119 sormam
1339 4043 1533 4150 potestatis
1548 4069 1615 4121 sue
1631 4073 1649 4120 a
1670 4043 1780 4120 nobis

355 4169 497 4249 eisdem
518 4172 655 4249 tradite
676 4171 915 4261 excedentes,
937 4172 1141 4277 cumipse,
1163 4189 1207 4249 ut
1227 4172 1392 4265 dicebat,
1415 4175 1453 4250 in
1474 4174 1630 4250 servicio
1650 4189 1779 4250 nostro

354 4328 550 4411 uunquam
567 4301 714 4391 fuisset,
732 4319 861 4380 contra
876 4303 1020 4410 ipsum,
1034 4319 1214 4410 tanquam
1230 4301 1428 4381 officialem
1444 4319 1633 4394 nostrum,
1651 4329 1781 4410 proce-

356 4431 503 4523 dentes,
522 4433 605 4540 ipso
620 4433 660 4510 in
676 4435 906 4513 contrarium
920 4429 1162 4524 reclamante,
1180 4434 1337 4512 domum
1353 4434 1436 4542 ejus
1450 4433 1568 4541 frangi
1583 4449 1620 4509 et
1636 4461 1779 4539 equum

355 4591 467 4641 snum
482 4565 620 4642 adduci
636 4581 674 4644 et
684 4565 785 4643 bona
800 4563 882 4673 ejus
894 4563 1106 4642 vendicioni
1122 4565 1257 4672 exponi
1275 4562 1468 4658 fecissent,
1484 4581 1521 4642 et
1536 4563 1646 4671 plura
1662 4564 1779 4641 eciam

354 4695 566 4803 gravamina
581 4695 720 4802 injuste
736 4694 861 4772 eidem
876 4695 1108 4787 intulissent3
1127 4711 1165 4773 et
1179 4723 1264 4787 nos,
1283 4723 1351 4802 per
1365 4695 1507 4774 litteras
1523 4710 1683 4784 nostras,
1700 4691 1779 4772 dic-

355 4825 404 4902 tis
425 4825 714 4931 inquisitoribus
741 4826 1062 4904 mandavissemus
1085 4845 1144 4916 ut,
1172 4827 1202 4904 si
1227 4827 1279 4903 ita
1305 4843 1417 4919 esset,
1448 4828 1547 4905 dicta
1571 4825 1781 4935 gravamina

357 4963 587 5048 revocarent,
604 4958 810 5036 clausulam
830 4959 869 5035 in
887 4959 996 5040 dietis
1011 4957 1147 5036 litteris
1163 4975 1392 5066 apponentes
1406 4960 1526 5068 quod,
1543 4959 1614 5038 uisi
1634 4957 1706 5066 ipsi
1721 4957 1781 5034 in·

357 5089 559 5194 quisitores
579 5090 793 5198 predictum
813 5093 1035 5169 mandatum
1054 5107 1228 5170 nostrum
1249 5093 1518 5200 adimplerent,
1538 5116 1608 5201 per
1629 5091 1779 5169 easdem
