4450 6209
505 683 550 751 10
1081 674 1175 747 Lus
1204 670 1344 747 OLlM.

276 836 407 891 rarum
418 836 461 900 tv,
500 819 667 908 lecisset,
680 819 858 911 Parisios,
870 844 999 897 coram
1010 815 1140 905 nobis,
1151 832 1394 923 recepturum
1407 815 1609 923 pecuniam
1622 814 1714 893 dicti
1727 830 1937 905 retractum,

337 929 401 971 '²⁹⁹'
504 978 570 1058 per
584 950 764 1029 eumdem
782 948 946 1027 militem
965 947 1068 1027 curie
1086 965 1217 1025 nostre
1234 946 1427 1039 traditan,
1450 946 1660 1053 depositam
1674 963 1716 1025 et
1732 950 1939 1055 conigun-

501 1100 597 1171 tam,
618 1110 675 1171 ac,
693 1081 742 1160 de
760 1081 888 1188 precio
904 1080 1004 1157 dicte
1018 1078 1269 1169 vendicionis,
1290 1096 1405 1186 prout
1416 1078 1768 1188 suaderetjusticia,
1785 1078 1940 1157 deduc-

402 1299 406 1308 ,
501 1229 632 1291 turum
652 1214 773 1291 oritus
793 1230 831 1290 et
849 1228 1053 1319 proventus
1071 1239 1118 1289 er
1137 1208 1247 1287 dictis
1265 1210 1376 1289 bonis
1395 1226 1610 1318 perceptos:
1630 1210 1803 1301 undem,
1820 1208 1939 1288 dictis

501 1344 672 1452 partibus
689 1344 729 1421 in
750 1361 879 1423 nostra
897 1343 1001 1421 curia
1024 1342 1253 1431 constitutis,
1276 1342 1401 1419 dictus
1423 1342 1556 1431 miles,
1579 1340 1748 1451 predicte
1765 1342 1936 1449 pecunie

502 1475 671 1581 deposito
695 1473 931 1555 solucionem
953 1474 1079 1552 eidem
1103 1473 1266 1551 lobanni
1290 1474 1461 1551 Saunerii
1483 1473 1661 1563 offerens,
1687 1472 1802 1580 peciit
1822 1474 1937 1581 judi·

501 1622 625 1682 catum
638 1605 853 1712 predictum
874 1604 1087 1682 execucioni
1108 1603 1294 1694 mandari,
1312 1622 1366 1695 et,
1389 1603 1483 1683 facta
1499 1604 1727 1684 deductione
1743 1603 1934 1711 predicta,

500 1734 572 1814 sibi
592 1736 795 1815 deliberari
816 1752 1022 1815 retractum
1036 1734 1270 1841 pradictum
1289 1736 1414 1814 dictus
1427 1762 1519 1813 vero
1530 1735 1723 1812 Jubuuues
1738 1732 1932 1823 Sauuerii,

500 1866 699 1973 requirens
717 1866 819 1943 dicta
836 1866 938 1945 bona
958 1864 1030 1943 sibi
1053 1864 1230 1971 primitus
1254 1864 1458 1943 deliberari
1476 1882 1522 1945 et
1533 1866 1663 1955 reddi,
1684 1864 1934 1972 multas-pro—

501 1997 629 2101 posuit
655 1997 843 2086 raciones,
873 2024 943 2105 per
969 2024 1062 2103 quas
1086 1994 1288 2074 ostendere
1319 1996 1511 2075 nitebatur
1538 1997 1645 2103 quod
1672 1992 1797 2075 dictus
1820 1996 1934 2075 miles

503 2154 628 2205 carere
648 2126 812 2205 debebat
831 2126 1035 2205 commodo
1049 2126 1207 2235 judicati
1225 2125 1406 2235 predicti:
1428 2126 1580 2221 Quibus
1590 2126 1777 2233 partibus,
1797 2126 1853 2204 sic
1867 2154 1934 2205 au-

503 2258 610 2375 ditis,
632 2276 671 2337 et
687 2259 889 2367 diligenter
907 2286 1039 2337 earum
1058 2259 1149 2337 hinc
1168 2259 1257 2338 inde
1273 2260 1488 2339 rosionibus
1501 2256 1723 2351 iutelloetis,
1742 2285 1811 2367 per
1827 2260 1933 2339 curie

502 2407 628 2473 nostre
640 2390 846 2499 judicium,
863 2391 1008 2469 dictrun
1021 2389 1094 2468 fuit
1108 2406 1151 2469 et
1159 2392 1450 2499 pronunciatum
1465 2391 1585 2500 qtrod,
1599 2418 1678 2469 uon
1694 2390 1933 2471 obstantibus

501 2522 705 2629 propositis
713 2552 757 2600 ex
768 2539 873 2630 parte
886 2522 978 2601 dicti
992 2521 1176 2601 lobannis
1190 2522 1376 2615 Ssunerii,
1389 2523 1603 2631 judicatum
1613 2522 1844 2631 predictum,
1862 2548 1931 2629 pro

502 2652 604 2731 dicto
614 2652 736 2731 milite
749 2652 918 2744 foetum,¹
928 2654 1145 2732 executioni
1161 2654 1414 2745 mmduetur,
1432 2671 1471 2733 et
1483 2654 1607 2761 quod,
1624 2654 1671 2731 de
1687 2655 1813 2761 precio
1831 2654 1931 2731 dicte

501 2784 733 2861 vendicionis
756 2785 883 2861 eidem
902 2785 1063 2861 lobanni
1082 2784 1254 2863 Sauuerii
1270 2786 1487 2875 reddendo,
1510 2781 1792 2865 deducerentur
1811 2786 1932 2863 exitus

503 2930 540 2987 et
561 2931 764 3017 proventus
779 2942 823 2991 er
844 2914 954 2992 dictis
974 2915 1084 2994 bouis
1108 2916 1297 3023 percepti,
1319 2916 1447 2995 habita
1469 2917 1624 2997 racione
1642 2916 1931 2998 sursnucionis

504 3069 654 3131 eorum,
675 3042 721 3118 ab
740 3042 807 3119 illo
826 3061 999 3150 tempore
1019 3074 1096 3151 quo
1113 3046 1238 3152 primo
1257 3048 1380 3125 dictus
1401 3046 1642 3155 miles-peciit
1656 3047 1844 3127 dictorum
1859 3046 1929 3125 bc·

503 3199 640 3249 norum
660 3174 900 3253 venditorum
916 3192 1142 3268 retractum,
1166 3177 1265 3257 dicte
1282 3178 1512 3257 vendicionis
1527 3180 1697 3285 precium
1718 3177 1925 3259 offerendo.

557 3434 650 3513 XVI.
683 3436 894 3543 senescallo
914 3436 1217 3515 Carcassonensi:
1235 3437 1334 3516 Cum
1351 3434 1549 3546 Philippus
1570 3440 1617 3516 de
1633 3438 1782 3529 Levies,
1803 3438 1927 3522 domi·

501 3564 634 3655 cellus,
662 3566 805 3644 diceret
828 3584 991 3644 castrum
1013 3568 1061 3644 de
1082 3568 1285 3677 Senegacio
1305 3597 1326 3644 a
1345 3568 1457 3647 nobis
1476 3570 1597 3647 teneri
1618 3569 1664 3647 ad
1685 3570 1928 3649 cousuetudi-

501 3723 592 3771 nem
610 3694 789 3802 Albigesii
820 3712 858 3773 et
882 3724 960 3775 nou
984 3698 1155 3787 Francia,
1186 3715 1223 3776 et
1242 3698 1331 3777 ideo
1358 3727 1427 3777 nos
1457 3726 1533 3778 nou
1556 3699 1714 3790 debere,
1746 3730 1815 3807 pro
1845 3700 1925 3809 ipso

504 3841 638 3913 castro,
660 3826 857 3902 rechatum
875 3824 1035 3917 habere3
1052 3856 1197 3936 nosque
1215 3829 1499 3909 mandassemus
1515 3830 1721 3916 senescallo
1736 3850 1827 3910 tuno
1840 3833 1926 3910 Car·

502 3955 713 4033 cassonensi
732 3971 794 4045 ut,
816 3972 1001 4063 receptas
1024 3957 1124 4037 dicto
1143 3958 1320 4068 Philippo
1336 3961 1485 4068 ydonee
1504 3963 1689 4041 caucioue.
1702 3963 1749 4039 de
1773 3962 1925 4039 recbato

504 4100 541 4159 et
561 4083 644 4160 aliis
657 4085 809 4191 juribus
827 4114 869 4176 ac
889 4087 1046 4165 deveriis
1069 4090 1208 4169 nostris
1227 4090 1425 4170 solvendis
1436 4091 1548 4171 nobis
1571 4120 1640 4200 pro
1663 4092 1764 4170 dicto
1787 4108 1923 4183 castro,

502 4213 604 4321 quod
629 4233 707 4292 erat
728 4216 768 4292 in
786 4246 899 4294 manu
921 4236 1065 4311 nostra,
1089 4248 1131 4297 ac
1155 4219 1340 4299 fructibus
1364 4222 1452 4302 inde
1478 4223 1663 4330 perceptis
1687 4222 1797 4301 nobis
1816 4223 1924 4301 resti·

500 4344 668 4436 tuendis,
690 4347 721 4425 si
742 4366 906 4429 castrum
924 4351 1049 4456 ipsum
1072 4350 1122 4429 ad
1143 4353 1459 4433 consuetudinem
1481 4354 1634 4431 Francis
1655 4352 1801 4432 circiter
1824 4352 1923 4429 Pari·

501 4475 577 4555 sius
609 4478 839 4584 reperiretur
866 4479 1008 4561 debere
1035 4483 1172 4573 teneri,
1198 4502 1322 4563 amota
1346 4485 1435 4563 inde
1462 4514 1578 4564 manu
1604 4502 1749 4573 nostru,
1780 4486 1920 4564 dictum

501 4625 679 4697 castrum,
703 4639 791 4687 cum
809 4612 887 4691 suis
901 4614 1157 4720 pertinenciis,
1176 4613 1301 4695 eidem
1317 4616 1480 4696 lohauni
1496 4616 1740 4709 deliberaret,
1759 4634 1799 4695 et
1812 4644 1921 4721 super

500 4736 571 4813 hoc
583 4738 757 4829 veritam,
773 4743 910 4821 vocatis
927 4744 1111 4848 partibus,
1133 4746 1342 4853 inquireret
1360 4764 1398 4825 et
1411 4749 1522 4827 nobis
1535 4748 1710 4827 referret:
1730 4748 1915 4835 Tandem,

498 4865 590 4945 lacta
613 4896 727 4975 super
746 4872 820 4952 hoc
842 4874 1016 4980 inquesta
1035 4876 1137 4954 curie
1157 4894 1283 4956 nostre
1304 4878 1434 4972 relata,
1459 4879 1535 4957 visa
1554 4898 1592 4957 et
1612 4878 1816 4987 diligenter
1835 4905 1916 4955 err-

498 4998 653 5089 minata,
688 5001 848 5108 visisque
869 5004 978 5084 curie
1004 5022 1130 5085 nostre
1157 5008 1335 5116 registris,
1351 5048 1354 5053 ·
1369 5010 1512 5089 dictum
1548 5011 1620 5090 suit
1652 5027 1704 5100 et,
1729 5037 1798 5117 per
1816 5010 1913 5087 curie
