4450 6209
522 730 596 801 286
807 662 814 669 ·
1103 725 1195 797 LES
1224 723 1362 796 OLIM.

157 918 161 925 .
295 882 425 936 nautam
438 880 482 945 tv,
522 898 623 958 rem,
636 868 743 976 quod
762 866 833 973 ipsi
853 865 1029 973 conjuges
1041 863 1284 971 possidebant
1303 863 1504 969 quamdam
1524 862 1683 943 domum
1702 881 1740 941 et
1758 866 1938 973 quasdam

357 974 419 1017 Μ’
522 1000 613 1079 alias
630 1028 692 1077 res
709 995 925 1075 immobiles
935 1013 974 1072 et
988 996 1106 1074 eciam
1118 994 1299 1086 mobiles,
1313 994 1353 1072 in
1366 994 1534 1073 articulis
1547 1022 1680 1073 eorum
1694 1014 1935 1101 expressatas,

521 1160 599 1239 que
618 1130 769 1208 fuerant
781 1128 940 1207 Guiardi
957 1127 1005 1204 de
1021 1127 1230 1207 lemovicis
1243 1144 1280 1205 et
1294 1126 1501 1215 Genovele,
1513 1126 1594 1234 ejus
1608 1126 1750 1217 uxoris,
1768 1145 1937 1235 tempore

521 1290 599 1371 quo
609 1261 680 1369 ipsi
692 1260 942 1347 decesserant,
963 1259 1011 1336 de
1026 1258 1235 1336 hereditate
1257 1275 1296 1335 et
1309 1275 1521 1365 conquestu
1539 1258 1708 1365 ipsorum
1726 1276 1935 1351 moventes,

519 1422 684 1501 quorum
699 1392 817 1469 eciam
837 1390 908 1495 ipsi
927 1388 1093 1469 Guiotus
1112 1407 1151 1468 et
1169 1390 1375 1497 Margareta
1394 1388 1568 1467 dicebant
1586 1416 1626 1467 se
1642 1416 1722 1467 esse
1742 1387 1883 1467 liberos
1901 1409 1937 1469 et

519 1523 699 1611 heredes,
730 1520 1005 1627 periissentque
1033 1520 1154 1598 dictos
1181 1518 1359 1628 conjuges
1387 1518 1564 1625 compelli
1591 1519 1639 1597 ad
1660 1518 1934 1599 restituendum

518 1651 571 1728 eis
588 1650 775 1757 predicta,
793 1679 880 1726 cum
903 1646 1087 1726 fructibus
1105 1650 1194 1727 inde
1214 1649 1415 1755 perceptis,
1437 1648 1547 1727 dictis
1566 1648 1790 1755 conjugibus
1808 1648 1936 1755 plures

515 1780 686 1887 raciones
699 1778 1015 1885 proponentibus,
1031 1796 1186 1884 propter
1199 1807 1292 1885 quas
1305 1779 1480 1857 dicebant
1494 1778 1661 1884 predicta
1676 1778 1760 1857 lieri
1779 1806 1858 1857 non
1876 1780 1936 1857 de·

517 1907 628 2000 bere3
643 1909 816 1999 undem,
834 1908 970 1985 auditis
986 1907 1173 2014 partibus,
1192 1908 1315 1987 dictus
1335 1910 1486 1987 auditor
1497 1908 1685 2015 predictos
1697 1908 1875 2017 conjuges
1889 1910 1933 1989 ab

517 2040 758 2144 impeticione
773 2037 863 2116 dicti
879 2038 1008 2115 Guioti
1024 2036 1196 2129 absolvit,
1214 2038 1494 2144 condempnans
1507 2038 1660 2121 eosdem
1676 2040 1725 2116 ad
1738 2040 1935 2119 restituen-

519 2169 612 2247 dum
628 2168 727 2247 dicte
745 2170 951 2275 Margarete
973 2184 1012 2245 et
1030 2167 1112 2274 ejus
1132 2169 1267 2249 marito
1287 2168 1532 2247 medietatem
1546 2170 1719 2247 omnium
1735 2169 1934 2250 mobilium

517 2316 556 2375 et
567 2297 829 2386 inmobilium,
842 2296 884 2375 io
898 2296 1065 2375 articulis
1076 2296 1267 2377 dictorum
1279 2297 1487 2377 liberorum
1505 2306 1788 2389 contentorum,
1804 2316 1844 2377 et
1859 2328 1934 2379 me-

516 2429 696 2507 dietatem
709 2428 896 2533 octoginta
910 2425 1094 2507 librarum
1114 2429 1154 2505 in
1172 2428 1281 2507 dictis
1296 2427 1463 2507 artictdis
1482 2444 1813 2518 contentarum„et
1825 2429 1865 2507 in
1878 2458 1934 2507 ree

515 2557 633 2638 siduis
657 2557 863 2640 mobilibus
892 2558 1047 2637 eosdem
1071 2557 1293 2647 absolvens3
1321 2558 1428 2665 cujus
1454 2558 1615 2665 judicati
1639 2559 1730 2637 dicti
1760 2562 1933 2670 conjuges

515 2689 828 2768 emendacionem
846 2689 1062 2767 Parisiensis
1085 2688 1269 2796 prepositi
1286 2689 1507 2796 pecierun13
1527 2690 1594 2797 qui
1618 2691 1831 2797 prepositus
1851 2720 1933 2796 pre·

516 2819 654 2897 dictam
674 2820 902 2899 sentenciam
920 2820 1173 2909 confirmarit,
1198 2848 1217 2896 a
1241 2848 1316 2926 qua
1335 2819 1625 2913 confirmacione
1648 2823 1737 2899 dicti
1755 2823 1931 2932 conjuges

515 2948 562 3023 ad
581 2966 747 3025 nostram
766 2949 911 3025 curiam
930 2949 1167 3055 appellarunt
1180 2950 1297 3043 :Visis
1314 2950 1428 3057 igitur
1441 2950 1643 3059 diligenter
1656 2953 1835 3032 omnibus
1849 2982 1931 3059 pro·

516 3077 681 3156 cessibus
700 3078 893 3183 predictis,
916 3096 953 3155 et
977 3080 1222 3157 consideratis
1243 3080 1419 3158 omnibus
1445 3081 1534 3159 hinc
1554 3082 1644 3161 inde
1663 3082 1847 3191 allegatis,
1867 3112 1933 3192 per

516 3207 617 3284 curie
628 3225 755 3285 nostre
765 3207 970 3315 judicium,
984 3208 1128 3287 dictum
1140 3208 1213 3287 fuit
1226 3210 1438 3315 predictum
1449 3212 1699 3318 prepositum,
1715 3214 1813 3293 ineo
1828 3214 1931 3321 quod

514 3337 593 3442 ipse
611 3337 768 3414 absolvit
788 3337 1011 3445 simpliciter
1031 3339 1152 3419 dictos
1170 3341 1348 3448 conjuges
1361 3341 1409 3418 ab
1425 3342 1666 3447 impeticione
1680 3344 1768 3420 dicti
1783 3344 1928 3431 Goion,

513 3484 553 3545 et
564 3467 604 3544 in
617 3496 662 3546 eo
679 3469 796 3545 eciam
808 3469 914 3576 quod
925 3471 1005 3578 ipse
1020 3470 1310 3577 condempnavit
1323 3471 1442 3549 dictos
1457 3472 1785 3581 conjugesprecise
1801 3474 1931 3553 adres

509 3597 729 3677 tituendum
748 3599 847 3676 dicte
868 3601 1073 3705 Margarete
1095 3618 1133 3679 et
1157 3601 1239 3708 ejus
1252 3601 1389 3683 marito
1407 3601 1649 3683 medietatem
1663 3632 1793 3683 rerum
1813 3605 1931 3685 mobi-

511 3729 608 3807 lium
626 3746 667 3805 et
683 3729 943 3819 inmobilium,
964 3730 1005 3806 in
1024 3731 1192 3809 articulis
1215 3732 1407 3835 dictorum
1427 3732 1634 3813 liberorum
1654 3752 1926 3826 contentarum,

513 3874 552 3935 et
564 3858 805 3935 medietatem
818 3859 1004 3937 dictarum
1019 3861 1212 3967 octoginta
1221 3860 1421 3955 librarum,
1435 3864 1532 3947 male
1542 3866 1817 3971 pronunciasse.
1833 3867 1927 3947 Cum

513 3988 616 4066 enim
636 3988 845 4067 constiterit
865 3991 966 4069 curie
993 3992 1131 4069 dictam
1151 3992 1379 4073 Genovesam
1390 3993 1560 4103 legasse,
1583 3994 1691 4073 dictis
1709 3998 1930 4106 conjugibus

512 4120 681 4197 Petro'et
706 4119 787 4226 ejus
811 4124 936 4211 uxori,
957 4124 1127 4228 quintam
1147 4124 1535 4230 partembereditatis
1553 4156 1620 4205 sue
1644 4158 1731 4207 cum
1755 4131 1929 4209 omnibus

512 4249 781 4355 conquestibus
802 4270 840 4328 et
858 4252 1065 4331 mobilibus
1081 4255 1178 4347 suis,
1197 4272 1234 4331 et
1253 4255 1372 4333 dictos
1393 4256 1571 4365 conjuges
1591 4258 1803 4363 predictum
1818 4260 1929 4341 Gaio

509 4396 610 4471 tum,
629 4380 713 4485 qui,
732 4399 994 4488 postmortem
1011 4386 1219 4491 patrissui,
1243 4387 1282 4462 in
1298 4385 1392 4464 sella
1407 4388 1586 4467 remansit
1601 4387 1648 4467 de
1670 4390 1924 4497 dictolegato,

510 4526 638 4615 postea
651 4511 868 4617 quitavisse,
880 4542 950 4620 pro
961 4516 1072 4593 certis
1084 4515 1197 4593 rebus
1208 4522 1426 4622 expressatis
1442 4518 1481 4595 in
1490 4517 1624 4597 litteris
1639 4548 1752 4626 super
1763 4520 1836 4599 hoc
1845 4550 1928 4599 con-

510 4639 616 4719 lectis
637 4658 675 4719 et
693 4644 734 4721 in
758 4646 858 4724 dicto
878 4676 1055 4754 processu
1075 4651 1282 4740 contentis,
1305 4652 1393 4729 dicti
1419 4655 1596 4763 conjuges
1617 4655 1663 4733 ab
1689 4657 1926 4763 impeticione

511 4769 699 4849 dictorum
723 4774 952 4869 liberorum,
976 4780 1102 4885 quoad
1121 4808 1181 4858 res
1200 4781 1241 4857 in
1259 4781 1366 4858 dictis
1390 4782 1524 4865 litteris
1549 4802 1757 4877 contentas,
1778 4816 1847 4895 per
1863 4816 1927 4865 cu-

509 4899 565 4977 rie
580 4918 708 4981 nostre
719 4905 928 5010 judicium,
946 4908 1101 4988 luerunt
1116 4912 1292 5004 absoluti,
1311 4932 1349 4993 et
1363 4918 1626 5026 condempnati
1640 4918 1793 4997 suerunt
1811 4920 1926 4997 iidem

511 5029 690 5140 conjuges
709 5037 756 5112 ad
777 5037 1053 5117 restituendum
1074 5041 1184 5121 dictis
1203 5043 1331 5125 liberis
1350 5047 1543 5127 residuum
1561 5049 1748 5129 bonorum
1766 5048 1926 5128 inmobi-
