<?xml version="1.0" encoding="UTF-8"?>
<!DOCTYPE html PUBLIC "-//W3C//DTD XHTML 1.0 Transitional//EN"
    "http://www.w3.org/TR/xhtml1/DTD/xhtml1-transitional.dtd">
<html xmlns="http://www.w3.org/1999/xhtml" xml:lang="en" lang="en">
 <head>
  <title>
</title>
<meta http-equiv="Content-Type" content="text/html;charset=utf-8" />
  <meta name='ocr-system' content='tesseract 3.04.00' />
  <meta name='ocr-capabilities' content='ocr_page ocr_carea ocr_par ocr_line ocrx_word'/>
</head>
<body>
  <div class='ocr_page' id='page_1' title='image "./lesolimouregist00parigoog_0197.png"; bbox 0 0 4450 6209; ppageno 0'>
   <div class='ocr_carea' id='block_1_1' title="bbox 531 725 1371 808">
    <p class='ocr_par' dir='ltr' id='par_1_1' title="bbox 531 725 1371 808">
     <span class='ocr_line' id='line_1_1' title="bbox 531 725 1371 808; baseline 0.001 -6"><span class='ocrx_word' id='word_1_1' title='bbox 531 725 580 802; x_wconf 79' lang='lat'>98</span> <span class='ocrx_word' id='word_1_2' title='bbox 1024 755 1031 774; x_wconf 90' lang='lat'><strong>·</strong></span> <span class='ocrx_word' id='word_1_3' title='bbox 1107 731 1198 808; x_wconf 80' lang='lat' dir='ltr'>Lus</span> <span class='ocrx_word' id='word_1_4' title='bbox 1229 729 1371 805; x_wconf 83' lang='lat' dir='ltr'>otltt.</span> 
     </span>
    </p>
   </div>
   <div class='ocr_carea' id='block_1_2' title="bbox 301 870 1952 2028">
    <p class='ocr_par' dir='ltr' id='par_1_2' title="bbox 301 870 1952 2028">
     <span class='ocr_line' id='line_1_2' title="bbox 301 870 1947 981; baseline 0.006 -38"><span class='ocrx_word' id='word_1_5' title='bbox 301 873 433 930; x_wconf 69' lang='lat' dir='ltr'>renim</span> <span class='ocrx_word' id='word_1_6' title='bbox 447 874 489 937; x_wconf 53' lang='lat' dir='ltr'>&#39;Vs</span> <span class='ocrx_word' id='word_1_7' title='bbox 529 870 602 948; x_wconf 86' lang='lat' dir='ltr'>sihi</span> <span class='ocrx_word' id='word_1_8' title='bbox 624 870 756 950; x_wconf 82' lang='lat' dir='ltr'>luctam</span> <span class='ocrx_word' id='word_1_9' title='bbox 779 900 849 979; x_wconf 92' lang='lat' dir='ltr'>per</span> <span class='ocrx_word' id='word_1_10' title='bbox 869 888 1000 980; x_wconf 88' lang='lat' dir='ltr'>gentes</span> <span class='ocrx_word' id='word_1_11' title='bbox 1020 890 1166 952; x_wconf 83' lang='lat' dir='ltr'>nostras</span> <span class='ocrx_word' id='word_1_12' title='bbox 1186 871 1371 980; x_wconf 84' lang='lat' dir='ltr'>predictas</span> <span class='ocrx_word' id='word_1_13' title='bbox 1391 872 1559 952; x_wconf 86' lang='lat' dir='ltr'>totaliter</span> <span class='ocrx_word' id='word_1_14' title='bbox 1579 871 1750 964; x_wconf 77' lang='lat' dir='ltr'>enudari,</span> <span class='ocrx_word' id='word_1_15' title='bbox 1775 873 1947 981; x_wconf 74' lang='lat' dir='ltr'>predicto</span> 
     </span>
     <span class='ocr_line' id='line_1_3' title="bbox 364 965 1950 1112; baseline 0.003 -32"><span class='ocrx_word' id='word_1_16' title='bbox 364 965 427 1008; x_wconf 59' lang='grc' dir='ltr'>Μ’</span> <span class='ocrx_word' id='word_1_17' title='bbox 529 1003 668 1082; x_wconf 89' lang='lat' dir='ltr'>Jacobo</span> <span class='ocrx_word' id='word_1_18' title='bbox 687 1033 710 1083; x_wconf 89' lang='lat' dir='ltr'>e</span> <span class='ocrx_word' id='word_1_19' title='bbox 732 1004 917 1084; x_wconf 89' lang='lat' dir='ltr'>contrario</span> <span class='ocrx_word' id='word_1_20' title='bbox 936 1021 1192 1112; x_wconf 79' lang='lat' dir='ltr'>proponente,</span> <span class='ocrx_word' id='word_1_21' title='bbox 1218 1021 1270 1094; x_wconf 87' lang='lat' dir='ltr'>et,</span> <span class='ocrx_word' id='word_1_22' title='bbox 1292 1003 1466 1112; x_wconf 90' lang='lat' dir='ltr'>pluribus</span> <span class='ocrx_word' id='word_1_23' title='bbox 1485 1003 1716 1093; x_wconf 78' lang='lat' dir='ltr'>nacionibus,</span> <span class='ocrx_word' id='word_1_24' title='bbox 1735 1021 1889 1112; x_wconf 88' lang='lat' dir='ltr'>petente</span> <span class='ocrx_word' id='word_1_25' title='bbox 1904 1007 1950 1085; x_wconf 87' lang='lat' dir='ltr'>ab</span> 
     </span>
     <span class='ocr_line' id='line_1_4' title="bbox 530 1133 1952 1244; baseline 0.004 -36"><span class='ocrx_word' id='word_1_26' title='bbox 530 1134 772 1241; x_wconf 90' lang='lat' dir='ltr'>impeticione</span> <span class='ocrx_word' id='word_1_27' title='bbox 789 1135 956 1242; x_wconf 84' lang='lat' dir='ltr'>predicta</span> <span class='ocrx_word' id='word_1_28' title='bbox 971 1137 1062 1212; x_wconf 90' lang='lat' dir='ltr'>dicti</span> <span class='ocrx_word' id='word_1_29' title='bbox 1084 1133 1261 1244; x_wconf 88' lang='lat' dir='ltr'>Symonis</span> <span class='ocrx_word' id='word_1_30' title='bbox 1279 1163 1319 1215; x_wconf 85' lang='lat' dir='ltr'>se</span> <span class='ocrx_word' id='word_1_31' title='bbox 1339 1134 1504 1215; x_wconf 84' lang='lat' dir='ltr'>absolvi:</span> <span class='ocrx_word' id='word_1_32' title='bbox 1525 1133 1712 1224; x_wconf 80' lang='lat' dir='ltr'>Tandem,</span> <span class='ocrx_word' id='word_1_33' title='bbox 1735 1136 1875 1213; x_wconf 82' lang='lat' dir='ltr'>euthtis</span> <span class='ocrx_word' id='word_1_34' title='bbox 1893 1165 1952 1214; x_wconf 87' lang='lat' dir='ltr'>su-</span> 
     </span>
     <span class='ocr_line' id='line_1_5' title="bbox 528 1263 1950 1374; baseline 0.004 -35"><span class='ocrx_word' id='word_1_35' title='bbox 528 1292 599 1369; x_wconf 90' lang='lat' dir='ltr'>per</span> <span class='ocrx_word' id='word_1_36' title='bbox 617 1266 689 1342; x_wconf 90' lang='lat' dir='ltr'>hoc</span> <span class='ocrx_word' id='word_1_37' title='bbox 707 1265 924 1344; x_wconf 89' lang='lat' dir='ltr'>racionibus</span> <span class='ocrx_word' id='word_1_38' title='bbox 945 1267 1113 1373; x_wconf 88' lang='lat' dir='ltr'>parcium</span> <span class='ocrx_word' id='word_1_39' title='bbox 1133 1268 1401 1374; x_wconf 86' lang='lat' dir='ltr'>predictarum,</span> <span class='ocrx_word' id='word_1_40' title='bbox 1424 1283 1463 1345; x_wconf 86' lang='lat' dir='ltr'>et</span> <span class='ocrx_word' id='word_1_41' title='bbox 1481 1293 1595 1373; x_wconf 89' lang='lat' dir='ltr'>super</span> <span class='ocrx_word' id='word_1_42' title='bbox 1618 1263 1722 1343; x_wconf 81' lang='lat' dir='ltr'>lactis</span> <span class='ocrx_word' id='word_1_43' title='bbox 1747 1295 1878 1344; x_wconf 83' lang='lat' dir='ltr'>earnm</span> <span class='ocrx_word' id='word_1_44' title='bbox 1898 1268 1950 1345; x_wconf 86' lang='lat' dir='ltr'>in·</span> 
     </span>
     <span class='ocr_line' id='line_1_6' title="bbox 528 1395 1949 1506; baseline 0.003 -34"><span class='ocrx_word' id='word_1_45' title='bbox 528 1413 660 1501; x_wconf 87' lang='lat' dir='ltr'>questa</span> <span class='ocrx_word' id='word_1_46' title='bbox 674 1395 782 1486; x_wconf 84' lang='lat' dir='ltr'>lacta,</span> <span class='ocrx_word' id='word_1_47' title='bbox 804 1396 880 1474; x_wconf 85' lang='lat' dir='ltr'>visa</span> <span class='ocrx_word' id='word_1_48' title='bbox 900 1413 939 1477; x_wconf 89' lang='lat' dir='ltr'>et</span> <span class='ocrx_word' id='word_1_49' title='bbox 958 1397 1158 1506; x_wconf 80' lang='lat' dir='ltr'>diligenter</span> <span class='ocrx_word' id='word_1_50' title='bbox 1177 1397 1398 1490; x_wconf 81' lang='lat' dir='ltr'>examinata,</span> <span class='ocrx_word' id='word_1_51' title='bbox 1421 1397 1543 1474; x_wconf 89' lang='lat' dir='ltr'>dictus</span> <span class='ocrx_word' id='word_1_52' title='bbox 1563 1396 1740 1488; x_wconf 84' lang='lat' dir='ltr'>lacobus,</span> <span class='ocrx_word' id='word_1_53' title='bbox 1762 1426 1832 1505; x_wconf 89' lang='lat' dir='ltr'>per</span> <span class='ocrx_word' id='word_1_54' title='bbox 1850 1400 1949 1476; x_wconf 84' lang='lat' dir='ltr'>curie</span> 
     </span>
     <span class='ocr_line' id='line_1_7' title="bbox 526 1525 1950 1638; baseline 0.005 -35"><span class='ocrx_word' id='word_1_55' title='bbox 526 1545 654 1604; x_wconf 90' lang='lat' dir='ltr'>nostre</span> <span class='ocrx_word' id='word_1_56' title='bbox 668 1527 874 1636; x_wconf 84' lang='lat' dir='ltr'>judicium,</span> <span class='ocrx_word' id='word_1_57' title='bbox 897 1528 945 1605; x_wconf 89' lang='lat' dir='ltr'>ab</span> <span class='ocrx_word' id='word_1_58' title='bbox 969 1529 1212 1636; x_wconf 88' lang='lat' dir='ltr'>impeticione</span> <span class='ocrx_word' id='word_1_59' title='bbox 1232 1529 1399 1638; x_wconf 78' lang='lat' dir='ltr'>predicta</span> <span class='ocrx_word' id='word_1_60' title='bbox 1425 1525 1515 1606; x_wconf 90' lang='lat' dir='ltr'>dicti</span> <span class='ocrx_word' id='word_1_61' title='bbox 1541 1528 1719 1636; x_wconf 79' lang='lat' dir='ltr'>Symonis</span> <span class='ocrx_word' id='word_1_62' title='bbox 1741 1530 1863 1608; x_wconf 83' lang='lat' dir='ltr'>extitit</span> <span class='ocrx_word' id='word_1_63' title='bbox 1887 1531 1950 1610; x_wconf 80' lang='lat' dir='ltr'>eb-</span> 
     </span>
     <span class='ocr_line' id='line_1_8' title="bbox 526 1658 684 1738; baseline 0.006 -3"><span class='ocrx_word' id='word_1_64' title='bbox 526 1658 684 1738; x_wconf 89' lang='lat' dir='ltr'>solutus.</span> 
     </span>
     <span class='ocr_line' id='line_1_9' title="bbox 581 1790 1334 1898; baseline 0 -30"><span class='ocrx_word' id='word_1_65' title='bbox 581 1791 682 1869; x_wconf 83' lang='lat' dir='ltr'>lovis</span> <span class='ocrx_word' id='word_1_66' title='bbox 699 1805 786 1898; x_wconf 86' lang='lat' dir='ltr'>post</span> <span class='ocrx_word' id='word_1_67' title='bbox 802 1790 1148 1870; x_wconf 81' lang='lat' dir='ltr'>Annunciaoionem</span> <span class='ocrx_word' id='word_1_68' title='bbox 1168 1791 1334 1870; x_wconf 83' lang='lat' dir='ltr'>Domini.</span> 
     </span>
     <span class='ocr_line' id='line_1_10' title="bbox 582 1921 1088 2028; baseline -0.004 -28"><span class='ocrx_word' id='word_1_69' title='bbox 582 1923 633 2000; x_wconf 91' lang='lat' dir='ltr'>M.</span> <span class='ocrx_word' id='word_1_70' title='bbox 652 1921 857 2028; x_wconf 83' lang='lat' dir='ltr'>Dyonisius</span> <span class='ocrx_word' id='word_1_71' title='bbox 875 1923 1088 2028; x_wconf 79' lang='lat' dir='ltr'>reportavit.</span> 
     </span>
    </p>
   </div>
   <div class='ocr_carea' id='block_1_3' title="bbox 512 2180 1951 5174">
    <p class='ocr_par' dir='ltr' id='par_1_3' title="bbox 512 2180 1951 5174">
     <span class='ocr_line' id='line_1_11' title="bbox 581 2180 1948 2264; baseline 0.004 -6"><span class='ocrx_word' id='word_1_72' title='bbox 581 2181 723 2261; x_wconf 81' lang='lat' dir='ltr'>XLVII.</span> <span class='ocrx_word' id='word_1_73' title='bbox 754 2181 850 2261; x_wconf 89' lang='lat' dir='ltr'>Cum</span> <span class='ocrx_word' id='word_1_74' title='bbox 882 2180 998 2260; x_wconf 89' lang='lat' dir='ltr'>abbas</span> <span class='ocrx_word' id='word_1_75' title='bbox 1026 2199 1065 2261; x_wconf 91' lang='lat' dir='ltr'>et</span> <span class='ocrx_word' id='word_1_76' title='bbox 1090 2199 1299 2262; x_wconf 91' lang='lat' dir='ltr'>conventus</span> <span class='ocrx_word' id='word_1_77' title='bbox 1324 2182 1644 2264; x_wconf 86' lang='lat' dir='ltr'>Sancti-Victoris</span> <span class='ocrx_word' id='word_1_78' title='bbox 1670 2181 1890 2264; x_wconf 79' lang='lat' dir='ltr'>Parisionsis</span> <span class='ocrx_word' id='word_1_79' title='bbox 1914 2199 1948 2264; x_wconf 92' lang='lat' dir='ltr'>et</span> 
     </span>
     <span class='ocr_line' id='line_1_12' title="bbox 526 2313 1947 2424; baseline 0.004 -34"><span class='ocrx_word' id='word_1_80' title='bbox 526 2340 660 2390; x_wconf 92' lang='lat' dir='ltr'>eorum</span> <span class='ocrx_word' id='word_1_81' title='bbox 680 2313 783 2419; x_wconf 90' lang='lat' dir='ltr'>prior</span> <span class='ocrx_word' id='word_1_82' title='bbox 802 2313 851 2391; x_wconf 92' lang='lat' dir='ltr'>de</span> <span class='ocrx_word' id='word_1_83' title='bbox 869 2315 988 2422; x_wconf 79' lang='lat' dir='ltr'>Brayo</span> <span class='ocrx_word' id='word_1_84' title='bbox 1002 2313 1172 2392; x_wconf 82' lang='lat' dir='ltr'>dicerent</span> <span class='ocrx_word' id='word_1_85' title='bbox 1186 2331 1224 2392; x_wconf 90' lang='lat' dir='ltr'>et</span> <span class='ocrx_word' id='word_1_86' title='bbox 1240 2330 1512 2422; x_wconf 82' lang='lat' dir='ltr'>proponerent,</span> <span class='ocrx_word' id='word_1_87' title='bbox 1528 2333 1657 2394; x_wconf 90' lang='lat' dir='ltr'>contra</span> <span class='ocrx_word' id='word_1_88' title='bbox 1676 2315 1846 2424; x_wconf 77' lang='lat' dir='ltr'>hospites</span> <span class='ocrx_word' id='word_1_89' title='bbox 1864 2344 1947 2396; x_wconf 89' lang='lat' dir='ltr'>suos</span> 
     </span>
     <span class='ocr_line' id='line_1_13' title="bbox 526 2443 1946 2554; baseline 0.004 -34"><span class='ocrx_word' id='word_1_90' title='bbox 526 2443 573 2520; x_wconf 95' lang='lat' dir='ltr'>de</span> <span class='ocrx_word' id='word_1_91' title='bbox 593 2443 707 2521; x_wconf 79' lang='lat' dir='ltr'>ltuilli</span> <span class='ocrx_word' id='word_1_92' title='bbox 733 2461 773 2521; x_wconf 91' lang='lat' dir='ltr'>et</span> <span class='ocrx_word' id='word_1_93' title='bbox 791 2443 839 2522; x_wconf 93' lang='lat' dir='ltr'>de</span> <span class='ocrx_word' id='word_1_94' title='bbox 861 2443 1065 2537; x_wconf 86' lang='lat' dir='ltr'>Chamissi‚</span> <span class='ocrx_word' id='word_1_95' title='bbox 1086 2445 1194 2553; x_wconf 89' lang='lat' dir='ltr'>quod</span> <span class='ocrx_word' id='word_1_96' title='bbox 1213 2445 1282 2552; x_wconf 92' lang='lat' dir='ltr'>ipsi</span> <span class='ocrx_word' id='word_1_97' title='bbox 1303 2445 1442 2553; x_wconf 90' lang='lat' dir='ltr'>injuste</span> <span class='ocrx_word' id='word_1_98' title='bbox 1466 2464 1504 2524; x_wconf 89' lang='lat' dir='ltr'>et</span> <span class='ocrx_word' id='word_1_99' title='bbox 1523 2446 1603 2524; x_wconf 90' lang='lat' dir='ltr'>sine</span> <span class='ocrx_word' id='word_1_100' title='bbox 1622 2475 1731 2524; x_wconf 76' lang='lat' dir='ltr'>cause</span> <span class='ocrx_word' id='word_1_101' title='bbox 1753 2475 1793 2524; x_wconf 91' lang='lat' dir='ltr'>se</span> <span class='ocrx_word' id='word_1_102' title='bbox 1813 2471 1946 2554; x_wconf 87' lang='lat' dir='ltr'>posue·</span> 
     </span>
     <span class='ocr_line' id='line_1_14' title="bbox 523 2574 1951 2686; baseline 0.004 -36"><span class='ocrx_word' id='word_1_103' title='bbox 523 2591 608 2651; x_wconf 86' lang='lat' dir='ltr'>rant</span> <span class='ocrx_word' id='word_1_104' title='bbox 637 2574 677 2652; x_wconf 91' lang='lat' dir='ltr'>iu</span> <span class='ocrx_word' id='word_1_105' title='bbox 703 2576 837 2654; x_wconf 78' lang='lat' dir='ltr'>saisina</span> <span class='ocrx_word' id='word_1_106' title='bbox 863 2575 1028 2683; x_wconf 86' lang='lat' dir='ltr'>eligendi</span> <span class='ocrx_word' id='word_1_107' title='bbox 1056 2578 1258 2654; x_wconf 80' lang='lat' dir='ltr'>servientes</span> <span class='ocrx_word' id='word_1_108' title='bbox 1283 2605 1353 2683; x_wconf 92' lang='lat' dir='ltr'>pro</span> <span class='ocrx_word' id='word_1_109' title='bbox 1374 2576 1605 2686; x_wconf 88' lang='lat' dir='ltr'>justiciendo</span> <span class='ocrx_word' id='word_1_110' title='bbox 1635 2595 1674 2655; x_wconf 90' lang='lat' dir='ltr'>et</span> <span class='ocrx_word' id='word_1_111' title='bbox 1701 2577 1951 2656; x_wconf 85' lang='lat' dir='ltr'>custodiendo·</span> 
     </span>
     <span class='ocr_line' id='line_1_15' title="bbox 519 2704 1944 2817; baseline 0.005 -36"><span class='ocrx_word' id='word_1_112' title='bbox 519 2704 711 2812; x_wconf 87' lang='lat' dir='ltr'>justiciam</span> <span class='ocrx_word' id='word_1_113' title='bbox 730 2708 918 2786; x_wconf 90' lang='lat' dir='ltr'>dictorum</span> <span class='ocrx_word' id='word_1_114' title='bbox 942 2705 1226 2816; x_wconf 87' lang='lat' dir='ltr'>religiosorum,</span> <span class='ocrx_word' id='word_1_115' title='bbox 1251 2706 1439 2786; x_wconf 84' lang='lat' dir='ltr'>declarato</span> <span class='ocrx_word' id='word_1_116' title='bbox 1464 2707 1562 2785; x_wconf 87' lang='lat' dir='ltr'>inter</span> <span class='ocrx_word' id='word_1_117' title='bbox 1585 2725 1709 2816; x_wconf 87' lang='lat' dir='ltr'>partes</span> <span class='ocrx_word' id='word_1_118' title='bbox 1732 2709 1840 2817; x_wconf 92' lang='lat' dir='ltr'>quod</span> <span class='ocrx_word' id='word_1_119' title='bbox 1860 2709 1944 2788; x_wconf 87' lang='lat' dir='ltr'>dicti</span> 
     </span>
     <span class='ocr_line' id='line_1_16' title="bbox 523 2837 1945 2950; baseline 0.005 -38"><span class='ocrx_word' id='word_1_120' title='bbox 523 2837 691 2944; x_wconf 80' lang='lat' dir='ltr'>hospites</span> <span class='ocrx_word' id='word_1_121' title='bbox 716 2837 903 2945; x_wconf 81' lang='lat' dir='ltr'>eligebant</span> <span class='ocrx_word' id='word_1_122' title='bbox 925 2838 1021 2917; x_wconf 92' lang='lat' dir='ltr'>duos</span> <span class='ocrx_word' id='word_1_123' title='bbox 1039 2841 1137 2918; x_wconf 91' lang='lat' dir='ltr'>viros</span> <span class='ocrx_word' id='word_1_124' title='bbox 1157 2856 1194 2918; x_wconf 91' lang='lat' dir='ltr'>et</span> <span class='ocrx_word' id='word_1_125' title='bbox 1213 2839 1477 2948; x_wconf 83' lang='lat' dir='ltr'>presentabant</span> <span class='ocrx_word' id='word_1_126' title='bbox 1500 2840 1601 2918; x_wconf 92' lang='lat' dir='ltr'>dicto</span> <span class='ocrx_word' id='word_1_127' title='bbox 1631 2839 1746 2947; x_wconf 89' lang='lat' dir='ltr'>priori</span> <span class='ocrx_word' id='word_1_128' title='bbox 1775 2869 1843 2920; x_wconf 92' lang='lat' dir='ltr'>seu</span> <span class='ocrx_word' id='word_1_129' title='bbox 1870 2841 1945 2950; x_wconf 85' lang='lat' dir='ltr'>ejus</span> 
     </span>
     <span class='ocr_line' id='line_1_17' title="bbox 523 2967 1944 3080; baseline 0.006 -38"><span class='ocrx_word' id='word_1_130' title='bbox 523 2967 716 3059; x_wconf 85' lang='lat' dir='ltr'>mandato,</span> <span class='ocrx_word' id='word_1_131' title='bbox 738 2969 804 3076; x_wconf 89' lang='lat' dir='ltr'>qui</span> <span class='ocrx_word' id='word_1_132' title='bbox 826 2969 904 3047; x_wconf 91' lang='lat' dir='ltr'>duo</span> <span class='ocrx_word' id='word_1_133' title='bbox 922 2970 1101 3077; x_wconf 87' lang='lat' dir='ltr'>jurabant</span> <span class='ocrx_word' id='word_1_134' title='bbox 1125 2969 1172 3048; x_wconf 91' lang='lat' dir='ltr'>ad</span> <span class='ocrx_word' id='word_1_135' title='bbox 1196 2989 1319 3050; x_wconf 86' lang='lat' dir='ltr'>sancta</span> <span class='ocrx_word' id='word_1_136' title='bbox 1344 2971 1415 3050; x_wconf 89' lang='lat' dir='ltr'>Dei</span> <span class='ocrx_word' id='word_1_137' title='bbox 1439 2971 1638 3080; x_wconf 88' lang='lat' dir='ltr'>Evangelia</span> <span class='ocrx_word' id='word_1_138' title='bbox 1656 2971 1760 3079; x_wconf 89' lang='lat' dir='ltr'>quod</span> <span class='ocrx_word' id='word_1_139' title='bbox 1779 2973 1944 3080; x_wconf 83' lang='lat' dir='ltr'>quinque</span> 
     </span>
     <span class='ocr_line' id='line_1_18' title="bbox 522 3095 1942 3212; baseline 0.004 -38"><span class='ocrx_word' id='word_1_140' title='bbox 522 3097 644 3176; x_wconf 92' lang='lat' dir='ltr'>bonos</span> <span class='ocrx_word' id='word_1_141' title='bbox 665 3095 762 3176; x_wconf 89' lang='lat' dir='ltr'>viros</span> <span class='ocrx_word' id='word_1_142' title='bbox 788 3097 836 3177; x_wconf 91' lang='lat' dir='ltr'>de</span> <span class='ocrx_word' id='word_1_143' title='bbox 861 3099 969 3179; x_wconf 90' lang='lat' dir='ltr'>dictis</span> <span class='ocrx_word' id='word_1_144' title='bbox 986 3101 1084 3180; x_wconf 88' lang='lat' dir='ltr'>villis</span> <span class='ocrx_word' id='word_1_145' title='bbox 1103 3101 1302 3210; x_wconf 74' lang='lat' dir='ltr'>eligerent3</span> <span class='ocrx_word' id='word_1_146' title='bbox 1323 3104 1389 3210; x_wconf 89' lang='lat' dir='ltr'>qui</span> <span class='ocrx_word' id='word_1_147' title='bbox 1411 3103 1579 3212; x_wconf 86' lang='lat' dir='ltr'>quinque</span> <span class='ocrx_word' id='word_1_148' title='bbox 1605 3102 1713 3181; x_wconf 90' lang='lat' dir='ltr'>electi</span> <span class='ocrx_word' id='word_1_149' title='bbox 1729 3099 1859 3212; x_wconf 81' lang='lat' dir='ltr'>jurare</span> <span class='ocrx_word' id='word_1_150' title='bbox 1883 3104 1942 3180; x_wconf 89' lang='lat' dir='ltr'>de·</span> 
     </span>
     <span class='ocr_line' id='line_1_19' title="bbox 522 3227 1943 3341; baseline 0.005 -36"><span class='ocrx_word' id='word_1_151' title='bbox 522 3227 663 3307; x_wconf 90' lang='lat' dir='ltr'>hebant</span> <span class='ocrx_word' id='word_1_152' title='bbox 690 3227 863 3308; x_wconf 87' lang='lat' dir='ltr'>similiter</span> <span class='ocrx_word' id='word_1_153' title='bbox 888 3233 995 3338; x_wconf 91' lang='lat' dir='ltr'>quod</span> <span class='ocrx_word' id='word_1_154' title='bbox 1022 3232 1116 3310; x_wconf 90' lang='lat' dir='ltr'>alios</span> <span class='ocrx_word' id='word_1_155' title='bbox 1144 3234 1240 3312; x_wconf 90' lang='lat' dir='ltr'>duos</span> <span class='ocrx_word' id='word_1_156' title='bbox 1265 3233 1386 3313; x_wconf 92' lang='lat' dir='ltr'>bonos</span> <span class='ocrx_word' id='word_1_157' title='bbox 1405 3233 1504 3313; x_wconf 89' lang='lat' dir='ltr'>viros</span> <span class='ocrx_word' id='word_1_158' title='bbox 1524 3232 1708 3341; x_wconf 81' lang='lat' dir='ltr'>eligerent</span> <span class='ocrx_word' id='word_1_159' title='bbox 1734 3251 1772 3311; x_wconf 91' lang='lat' dir='ltr'>et</span> <span class='ocrx_word' id='word_1_160' title='bbox 1793 3261 1943 3341; x_wconf 82' lang='lat' dir='ltr'>presen-</span> 
     </span>
     <span class='ocr_line' id='line_1_20' title="bbox 520 3360 1941 3474; baseline 0.006 -38"><span class='ocrx_word' id='word_1_161' title='bbox 520 3376 643 3438; x_wconf 87' lang='lat' dir='ltr'>tarent</span> <span class='ocrx_word' id='word_1_162' title='bbox 662 3360 817 3440; x_wconf 90' lang='lat' dir='ltr'>domino</span> <span class='ocrx_word' id='word_1_163' title='bbox 837 3361 1022 3440; x_wconf 87' lang='lat' dir='ltr'>dictarum</span> <span class='ocrx_word' id='word_1_164' title='bbox 1041 3361 1229 3455; x_wconf 88' lang='lat' dir='ltr'>villarum,</span> <span class='ocrx_word' id='word_1_165' title='bbox 1252 3379 1291 3442; x_wconf 92' lang='lat' dir='ltr'>et</span> <span class='ocrx_word' id='word_1_166' title='bbox 1309 3364 1369 3442; x_wconf 92' lang='lat' dir='ltr'>isti</span> <span class='ocrx_word' id='word_1_167' title='bbox 1387 3367 1463 3444; x_wconf 93' lang='lat' dir='ltr'>duo</span> <span class='ocrx_word' id='word_1_168' title='bbox 1478 3363 1650 3474; x_wconf 86' lang='lat' dir='ltr'>jurarent</span> <span class='ocrx_word' id='word_1_169' title='bbox 1670 3365 1769 3444; x_wconf 93' lang='lat' dir='ltr'>dicto</span> <span class='ocrx_word' id='word_1_170' title='bbox 1790 3366 1941 3446; x_wconf 90' lang='lat' dir='ltr'>domino</span> 
     </span>
     <span class='ocr_line' id='line_1_21' title="bbox 521 3492 1941 3605; baseline 0.004 -35"><span class='ocrx_word' id='word_1_171' title='bbox 521 3492 625 3598; x_wconf 91' lang='lat' dir='ltr'>quod</span> <span class='ocrx_word' id='word_1_172' title='bbox 644 3492 741 3571; x_wconf 88' lang='lat' dir='ltr'>bene</span> <span class='ocrx_word' id='word_1_173' title='bbox 763 3511 801 3570; x_wconf 93' lang='lat' dir='ltr'>et</span> <span class='ocrx_word' id='word_1_174' title='bbox 819 3492 983 3572; x_wconf 85' lang='lat' dir='ltr'>fideliter</span> <span class='ocrx_word' id='word_1_175' title='bbox 1002 3495 1238 3574; x_wconf 88' lang='lat' dir='ltr'>custodirent</span> <span class='ocrx_word' id='word_1_176' title='bbox 1256 3495 1490 3576; x_wconf 90' lang='lat' dir='ltr'>territorium</span> <span class='ocrx_word' id='word_1_177' title='bbox 1515 3514 1553 3576; x_wconf 91' lang='lat' dir='ltr'>et</span> <span class='ocrx_word' id='word_1_178' title='bbox 1571 3495 1677 3576; x_wconf 84' lang='lat' dir='ltr'>villas</span> <span class='ocrx_word' id='word_1_179' title='bbox 1702 3496 1892 3605; x_wconf 87' lang='lat' dir='ltr'>predictas</span> <span class='ocrx_word' id='word_1_180' title='bbox 1907 3515 1941 3577; x_wconf 90' lang='lat' dir='ltr'>et</span> 
     </span>
     <span class='ocr_line' id='line_1_22' title="bbox 519 3623 1939 3737; baseline 0.006 -38"><span class='ocrx_word' id='word_1_181' title='bbox 519 3642 755 3730; x_wconf 87' lang='lat' dir='ltr'>reportarent</span> <span class='ocrx_word' id='word_1_182' title='bbox 771 3623 872 3703; x_wconf 88' lang='lat' dir='ltr'>dicto</span> <span class='ocrx_word' id='word_1_183' title='bbox 893 3623 1049 3703; x_wconf 89' lang='lat' dir='ltr'>domino</span> <span class='ocrx_word' id='word_1_184' title='bbox 1070 3625 1253 3703; x_wconf 87' lang='lat' dir='ltr'>maleficia</span> <span class='ocrx_word' id='word_1_185' title='bbox 1272 3655 1343 3735; x_wconf 88' lang='lat' dir='ltr'>pro</span> <span class='ocrx_word' id='word_1_186' title='bbox 1361 3626 1438 3706; x_wconf 91' lang='lat' dir='ltr'>suis</span> <span class='ocrx_word' id='word_1_187' title='bbox 1453 3629 1642 3719; x_wconf 77' lang='lat' dir='ltr'>emendis3</span> <span class='ocrx_word' id='word_1_188' title='bbox 1659 3657 1734 3737; x_wconf 89' lang='lat' dir='ltr'>quo</span> <span class='ocrx_word' id='word_1_189' title='bbox 1753 3629 1868 3719; x_wconf 85' lang='lat' dir='ltr'>lacto,</span> <span class='ocrx_word' id='word_1_190' title='bbox 1889 3627 1939 3707; x_wconf 90' lang='lat' dir='ltr'>illi</span> 
     </span>
     <span class='ocr_line' id='line_1_23' title="bbox 521 3753 1939 3866; baseline 0.006 -37"><span class='ocrx_word' id='word_1_191' title='bbox 521 3754 616 3843; x_wconf 81' lang='lat' dir='ltr'>duo,</span> <span class='ocrx_word' id='word_1_192' title='bbox 644 3755 691 3832; x_wconf 90' lang='lat' dir='ltr'>de</span> <span class='ocrx_word' id='word_1_193' title='bbox 716 3755 934 3832; x_wconf 86' lang='lat' dir='ltr'>auctoritate</span> <span class='ocrx_word' id='word_1_194' title='bbox 959 3753 1049 3832; x_wconf 90' lang='lat' dir='ltr'>dicti</span> <span class='ocrx_word' id='word_1_195' title='bbox 1070 3755 1232 3845; x_wconf 85' lang='lat' dir='ltr'>domini,</span> <span class='ocrx_word' id='word_1_196' title='bbox 1253 3758 1498 3836; x_wconf 78' lang='lat' dir='ltr'>remanebant</span> <span class='ocrx_word' id='word_1_197' title='bbox 1515 3761 1717 3837; x_wconf 72' lang='lat' dir='ltr'>servientes</span> <span class='ocrx_word' id='word_1_198' title='bbox 1737 3787 1807 3866; x_wconf 90' lang='lat' dir='ltr'>per</span> <span class='ocrx_word' id='word_1_199' title='bbox 1823 3787 1939 3837; x_wconf 87' lang='lat' dir='ltr'>unum</span> 
     </span>
     <span class='ocr_line' id='line_1_24' title="bbox 520 3884 1938 3999; baseline 0.005 -41"><span class='ocrx_word' id='word_1_200' title='bbox 520 3911 661 3960; x_wconf 90' lang='lat' dir='ltr'>annum</span> <span class='ocrx_word' id='word_1_201' title='bbox 680 3884 841 3976; x_wconf 79' lang='lat' dir='ltr'>ibidem3</span> <span class='ocrx_word' id='word_1_202' title='bbox 863 3885 972 3974; x_wconf 85' lang='lat' dir='ltr'>item,</span> <span class='ocrx_word' id='word_1_203' title='bbox 991 3903 1028 3963; x_wconf 93' lang='lat' dir='ltr'>et</span> <span class='ocrx_word' id='word_1_204' title='bbox 1042 3887 1147 3991; x_wconf 91' lang='lat' dir='ltr'>quod</span> <span class='ocrx_word' id='word_1_205' title='bbox 1164 3885 1253 3964; x_wconf 91' lang='lat' dir='ltr'>dicti</span> <span class='ocrx_word' id='word_1_206' title='bbox 1274 3889 1439 3995; x_wconf 87' lang='lat' dir='ltr'>hospites</span> <span class='ocrx_word' id='word_1_207' title='bbox 1459 3889 1597 3999; x_wconf 90' lang='lat' dir='ltr'>injuste</span> <span class='ocrx_word' id='word_1_208' title='bbox 1618 3919 1656 3968; x_wconf 90' lang='lat' dir='ltr'>se</span> <span class='ocrx_word' id='word_1_209' title='bbox 1679 3907 1885 3998; x_wconf 88' lang='lat' dir='ltr'>posuerant</span> <span class='ocrx_word' id='word_1_210' title='bbox 1903 3891 1938 3965; x_wconf 92' lang='lat' dir='ltr'>in</span> 
     </span>
     <span class='ocr_line' id='line_1_25' title="bbox 519 4012 1937 4130; baseline 0.005 -39"><span class='ocrx_word' id='word_1_211' title='bbox 519 4013 651 4092; x_wconf 87' lang='lat' dir='ltr'>saisina</span> <span class='ocrx_word' id='word_1_212' title='bbox 672 4013 803 4092; x_wconf 89' lang='lat' dir='ltr'>utendi</span> <span class='ocrx_word' id='word_1_213' title='bbox 832 4012 879 4092; x_wconf 91' lang='lat' dir='ltr'>de</span> <span class='ocrx_word' id='word_1_214' title='bbox 903 4015 1123 4124; x_wconf 85' lang='lat' dir='ltr'>pasturagiis</span> <span class='ocrx_word' id='word_1_215' title='bbox 1147 4017 1186 4094; x_wconf 93' lang='lat' dir='ltr'>in</span> <span class='ocrx_word' id='word_1_216' title='bbox 1206 4021 1366 4098; x_wconf 90' lang='lat' dir='ltr'>maresio</span> <span class='ocrx_word' id='word_1_217' title='bbox 1389 4017 1460 4098; x_wconf 93' lang='lat' dir='ltr'>sito</span> <span class='ocrx_word' id='word_1_218' title='bbox 1480 4020 1580 4098; x_wconf 88' lang='lat' dir='ltr'>inter</span> <span class='ocrx_word' id='word_1_219' title='bbox 1600 4020 1727 4097; x_wconf 92' lang='lat' dir='ltr'>villam</span> <span class='ocrx_word' id='word_1_220' title='bbox 1751 4021 1800 4098; x_wconf 89' lang='lat' dir='ltr'>de</span> <span class='ocrx_word' id='word_1_221' title='bbox 1822 4023 1937 4130; x_wconf 83' lang='lat' dir='ltr'>Brayo</span> 
     </span>
     <span class='ocr_line' id='line_1_26' title="bbox 518 4138 1938 4242; baseline 0.004 -20"><span class='ocrx_word' id='word_1_222' title='bbox 518 4162 557 4222; x_wconf 91' lang='lat' dir='ltr'>et</span> <span class='ocrx_word' id='word_1_223' title='bbox 572 4145 710 4223; x_wconf 89' lang='lat' dir='ltr'>dictam</span> <span class='ocrx_word' id='word_1_224' title='bbox 727 4138 850 4242; x_wconf 84' lang='lat' dir='ltr'>villam</span> <span class='ocrx_word' id='word_1_225' title='bbox 865 4148 914 4226; x_wconf 89' lang='lat' dir='ltr'>de</span> <span class='ocrx_word' id='word_1_226' title='bbox 931 4147 1061 4240; x_wconf 87' lang='lat' dir='ltr'>Ruilli;</span> <span class='ocrx_word' id='word_1_227' title='bbox 1082 4149 1175 4227; x_wconf 89' lang='lat' dir='ltr'>item</span> <span class='ocrx_word' id='word_1_228' title='bbox 1194 4151 1232 4227; x_wconf 92' lang='lat' dir='ltr'>in</span> <span class='ocrx_word' id='word_1_229' title='bbox 1251 4151 1384 4230; x_wconf 88' lang='lat' dir='ltr'>saisina</span> <span class='ocrx_word' id='word_1_230' title='bbox 1402 4152 1641 4230; x_wconf 89' lang='lat' dir='ltr'>custodiendi</span> <span class='ocrx_word' id='word_1_231' title='bbox 1656 4147 1824 4230; x_wconf 79' lang='lat' dir='ltr'>l’cstelon</span> <span class='ocrx_word' id='word_1_232' title='bbox 1839 4179 1938 4230; x_wconf 84' lang='lat' dir='ltr'>men·</span> 
     </span>
     <span class='ocr_line' id='line_1_27' title="bbox 518 4275 1938 4391; baseline 0.006 -38"><span class='ocrx_word' id='word_1_233' title='bbox 518 4305 605 4354; x_wconf 88' lang='lat' dir='ltr'>sure</span> <span class='ocrx_word' id='word_1_234' title='bbox 624 4277 672 4354; x_wconf 85' lang='lat' dir='ltr'>ad</span> <span class='ocrx_word' id='word_1_235' title='bbox 688 4275 836 4368; x_wconf 79' lang='lat' dir='ltr'>vinum3</span> <span class='ocrx_word' id='word_1_236' title='bbox 851 4283 943 4356; x_wconf 87' lang='lat' dir='ltr'>item</span> <span class='ocrx_word' id='word_1_237' title='bbox 964 4297 1003 4357; x_wconf 88' lang='lat' dir='ltr'>et</span> <span class='ocrx_word' id='word_1_238' title='bbox 1015 4283 1182 4387; x_wconf 89' lang='lat' dir='ltr'>ponendi</span> <span class='ocrx_word' id='word_1_239' title='bbox 1203 4301 1480 4361; x_wconf 88' lang='lat' dir='ltr'>mensuratores</span> <span class='ocrx_word' id='word_1_240' title='bbox 1493 4311 1563 4391; x_wconf 93' lang='lat' dir='ltr'>pro</span> <span class='ocrx_word' id='word_1_241' title='bbox 1577 4281 1938 4361; x_wconf 84' lang='lat' dir='ltr'>mensurandisred·</span> 
     </span>
     <span class='ocr_line' id='line_1_28' title="bbox 516 4408 1937 4525; baseline 0.004 -40"><span class='ocrx_word' id='word_1_242' title='bbox 516 4408 660 4487; x_wconf 90' lang='lat' dir='ltr'>ditibus</span> <span class='ocrx_word' id='word_1_243' title='bbox 692 4411 757 4516; x_wconf 93' lang='lat' dir='ltr'>qui</span> <span class='ocrx_word' id='word_1_244' title='bbox 782 4439 803 4487; x_wconf 84' lang='lat' dir='ltr'>a</span> <span class='ocrx_word' id='word_1_245' title='bbox 834 4411 945 4489; x_wconf 89' lang='lat' dir='ltr'>dictis</span> <span class='ocrx_word' id='word_1_246' title='bbox 973 4412 1188 4520; x_wconf 88' lang='lat' dir='ltr'>hospitibus</span> <span class='ocrx_word' id='word_1_247' title='bbox 1219 4413 1328 4492; x_wconf 90' lang='lat' dir='ltr'>dictis</span> <span class='ocrx_word' id='word_1_248' title='bbox 1353 4415 1539 4525; x_wconf 90' lang='lat' dir='ltr'>religiosis</span> <span class='ocrx_word' id='word_1_249' title='bbox 1563 4416 1603 4493; x_wconf 93' lang='lat' dir='ltr'>in</span> <span class='ocrx_word' id='word_1_250' title='bbox 1626 4414 1735 4494; x_wconf 91' lang='lat' dir='ltr'>dictis</span> <span class='ocrx_word' id='word_1_251' title='bbox 1758 4412 1854 4494; x_wconf 88' lang='lat' dir='ltr'>locis</span> <span class='ocrx_word' id='word_1_252' title='bbox 1875 4413 1937 4492; x_wconf 88' lang='lat' dir='ltr'>de·</span> 
     </span>
     <span class='ocr_line' id='line_1_29' title="bbox 514 4539 1935 4656; baseline 0.006 -38"><span class='ocrx_word' id='word_1_253' title='bbox 514 4539 671 4634; x_wconf 80' lang='lat' dir='ltr'>bentur3</span> <span class='ocrx_word' id='word_1_254' title='bbox 696 4542 882 4624; x_wconf 89' lang='lat' dir='ltr'>declarato</span> <span class='ocrx_word' id='word_1_255' title='bbox 910 4545 1028 4622; x_wconf 90' lang='lat' dir='ltr'>eciam</span> <span class='ocrx_word' id='word_1_256' title='bbox 1053 4545 1153 4624; x_wconf 89' lang='lat' dir='ltr'>inter</span> <span class='ocrx_word' id='word_1_257' title='bbox 1178 4565 1301 4654; x_wconf 78' lang='lat' dir='ltr'>partes</span> <span class='ocrx_word' id='word_1_258' title='bbox 1322 4549 1426 4656; x_wconf 90' lang='lat' dir='ltr'>quod</span> <span class='ocrx_word' id='word_1_259' title='bbox 1451 4548 1541 4626; x_wconf 87' lang='lat' dir='ltr'>dicti</span> <span class='ocrx_word' id='word_1_260' title='bbox 1564 4547 1730 4656; x_wconf 85' lang='lat' dir='ltr'>hospites</span> <span class='ocrx_word' id='word_1_261' title='bbox 1751 4545 1935 4656; x_wconf 79' lang='lat' dir='ltr'>eligebant</span> 
     </span>
     <span class='ocr_line' id='line_1_30' title="bbox 515 4671 1934 4786; baseline 0.004 -36"><span class='ocrx_word' id='word_1_262' title='bbox 515 4671 612 4750; x_wconf 92' lang='lat' dir='ltr'>duos</span> <span class='ocrx_word' id='word_1_263' title='bbox 640 4674 829 4768; x_wconf 84' lang='lat' dir='ltr'>homines,</span> <span class='ocrx_word' id='word_1_264' title='bbox 856 4705 952 4784; x_wconf 86' lang='lat' dir='ltr'>quos</span> <span class='ocrx_word' id='word_1_265' title='bbox 976 4675 1241 4782; x_wconf 88' lang='lat' dir='ltr'>presentabant</span> <span class='ocrx_word' id='word_1_266' title='bbox 1268 4677 1423 4756; x_wconf 93' lang='lat' dir='ltr'>domino</span> <span class='ocrx_word' id='word_1_267' title='bbox 1450 4675 1634 4756; x_wconf 83' lang='lat' dir='ltr'>dictarum</span> <span class='ocrx_word' id='word_1_268' title='bbox 1658 4674 1934 4786; x_wconf 61' lang='lat' dir='ltr'>villarumque</span> 
     </span>
     <span class='ocr_line' id='line_1_31' title="bbox 515 4802 1931 4918; baseline 0.004 -39"><span class='ocrx_word' id='word_1_269' title='bbox 515 4802 594 4880; x_wconf 92' lang='lat' dir='ltr'>duo</span> <span class='ocrx_word' id='word_1_270' title='bbox 618 4804 796 4911; x_wconf 88' lang='lat' dir='ltr'>jurabant</span> <span class='ocrx_word' id='word_1_271' title='bbox 819 4806 920 4884; x_wconf 87' lang='lat' dir='ltr'>dicto</span> <span class='ocrx_word' id='word_1_272' title='bbox 949 4807 1105 4887; x_wconf 88' lang='lat' dir='ltr'>domino</span> <span class='ocrx_word' id='word_1_273' title='bbox 1135 4808 1242 4916; x_wconf 89' lang='lat' dir='ltr'>quod</span> <span class='ocrx_word' id='word_1_274' title='bbox 1266 4809 1335 4916; x_wconf 90' lang='lat' dir='ltr'>ipsi</span> <span class='ocrx_word' id='word_1_275' title='bbox 1361 4807 1544 4917; x_wconf 85' lang='lat' dir='ltr'>eligerent</span> <span class='ocrx_word' id='word_1_276' title='bbox 1568 4811 1664 4888; x_wconf 89' lang='lat' dir='ltr'>duos</span> <span class='ocrx_word' id='word_1_277' title='bbox 1684 4808 1778 4889; x_wconf 89' lang='lat' dir='ltr'>alios</span> <span class='ocrx_word' id='word_1_278' title='bbox 1797 4808 1931 4918; x_wconf 87' lang='lat' dir='ltr'>probos</span> 
     </span>
     <span class='ocr_line' id='line_1_32' title="bbox 513 4931 1930 5048; baseline 0.004 -38"><span class='ocrx_word' id='word_1_279' title='bbox 513 4931 702 5026; x_wconf 84' lang='lat' dir='ltr'>homines,</span> <span class='ocrx_word' id='word_1_280' title='bbox 726 4936 792 5042; x_wconf 90' lang='lat' dir='ltr'>qui</span> <span class='ocrx_word' id='word_1_281' title='bbox 817 4935 895 5013; x_wconf 93' lang='lat' dir='ltr'>duo</span> <span class='ocrx_word' id='word_1_282' title='bbox 919 4936 1043 5015; x_wconf 90' lang='lat' dir='ltr'>ultimi</span> <span class='ocrx_word' id='word_1_283' title='bbox 1060 4936 1232 5046; x_wconf 87' lang='lat' dir='ltr'>jurarent</span> <span class='ocrx_word' id='word_1_284' title='bbox 1251 4939 1353 5018; x_wconf 91' lang='lat' dir='ltr'>dicto</span> <span class='ocrx_word' id='word_1_285' title='bbox 1379 4939 1534 5019; x_wconf 91' lang='lat' dir='ltr'>domino</span> <span class='ocrx_word' id='word_1_286' title='bbox 1559 4939 1663 5048; x_wconf 91' lang='lat' dir='ltr'>quod</span> <span class='ocrx_word' id='word_1_287' title='bbox 1679 4939 1750 5047; x_wconf 84' lang='lat' dir='ltr'>ipsi</span> <span class='ocrx_word' id='word_1_288' title='bbox 1769 4939 1866 5018; x_wconf 84' lang='lat' dir='ltr'>bene</span> <span class='ocrx_word' id='word_1_289' title='bbox 1893 4955 1930 5016; x_wconf 87' lang='lat' dir='ltr'>et</span> 
     </span>
     <span class='ocr_line' id='line_1_33' title="bbox 512 5065 1928 5174; baseline 0.001 -32"><span class='ocrx_word' id='word_1_290' title='bbox 512 5065 678 5143; x_wconf 85' lang='lat' dir='ltr'>fideliter</span> <span class='ocrx_word' id='word_1_291' title='bbox 697 5068 910 5174; x_wconf 88' lang='lat' dir='ltr'>reciperent</span> <span class='ocrx_word' id='word_1_292' title='bbox 927 5068 1099 5146; x_wconf 89' lang='lat' dir='ltr'>reddi-tus</span> <span class='ocrx_word' id='word_1_293' title='bbox 1121 5071 1223 5149; x_wconf 91' lang='lat' dir='ltr'>dicto</span> <span class='ocrx_word' id='word_1_294' title='bbox 1250 5072 1404 5152; x_wconf 91' lang='lat' dir='ltr'>domino</span> <span class='ocrx_word' id='word_1_295' title='bbox 1432 5071 1583 5158; x_wconf 85' lang='lat' dir='ltr'>debitos</span> <span class='ocrx_word' id='word_1_296' title='bbox 1614 5088 1653 5150; x_wconf 85' lang='lat' dir='ltr'>et</span> <span class='ocrx_word' id='word_1_297' title='bbox 1678 5070 1754 5149; x_wconf 89' lang='lat' dir='ltr'>illis</span> <span class='ocrx_word' id='word_1_298' title='bbox 1780 5069 1828 5150; x_wconf 88' lang='lat' dir='ltr'>de</span> <span class='ocrx_word' id='word_1_299' title='bbox 1847 5070 1928 5150; x_wconf 85' lang='lat' dir='ltr'>Vio-</span> 
     </span>
    </p>
   </div>
   <div class='ocr_carea' id='block_1_4' title="bbox 0 0 2230 6209">
    <p class='ocr_par' dir='ltr' id='par_1_4' title="bbox 0 0 2230 6209">
     <span class='ocr_line' id='line_1_34' title="bbox 0 0 2230 6209; baseline 0 8"><span class='ocrx_word' id='word_1_300' title='bbox 0 0 2230 6209; x_wconf 95' lang='lat' dir='ltr'> </span> 
     </span>
    </p>
   </div>
  </div>
 </body>
</html>
