4450 6209
502 707 551 803 cs
1083 726 1173 802 cns
1202 726 1341 803 orm.

275 876 407 935 tarsun
417 877 462 941 Ν,
499 871 615 950 tionis
634 898 808 979 supereo
828 871 934 979 quod
948 870 1105 978 predicti
1121 871 1350 950 Bertrandus
1367 885 1406 949 et
1419 870 1648 950 Guillelmus
1664 870 1922 979 proponebant

338 972 400 1015 Μ’
502 1001 713 1109 quodcum
734 1002 821 1110 ipsi,
845 1000 1006 1109 quilibet
1030 1030 1100 1109 pro
1122 1002 1209 1109 jure
1231 1030 1320 1091 suo,
1347 1019 1471 1079 essent
1498 1017 1536 1079 et
1561 1000 1721 1079 fuissent
1747 1000 1831 1091 diu,
1855 1000 1923 1077 vir·

501 1149 583 1210 tute
604 1133 800 1241 cujusdam
815 1132 974 1239 judicati
994 1159 1063 1240 per
1081 1134 1224 1211 curiam
1244 1150 1412 1211 nostram
1431 1131 1535 1225 lacti,
1552 1133 1592 1209 in
1609 1130 1845 1239 possessione
1865 1161 1923 1239 pa-

502 1265 607 1341 cifica
624 1264 814 1342 dictorum
829 1280 1057 1353 castrorum,
1076 1292 1152 1371 que
1168 1292 1189 1340 a
1203 1263 1314 1343 nobis
1333 1292 1373 1342 se
1388 1281 1518 1343 tenere
1535 1263 1727 1353 dicebant,
1745 1292 1834 1341 cum
1849 1292 1923 1372 per·

499 1394 672 1473 tinenciis
697 1395 921 1473 eorumdem
949 1396 989 1471 in
1019 1395 1148 1503 gardia
1171 1413 1299 1475 nostra
1325 1396 1494 1503 speciali,
1516 1412 1554 1473 et
1577 1396 1648 1502 ipsi
1672 1396 1860 1473 venissent
1878 1396 1922 1473 ad

500 1527 701 1633 quamdam
730 1527 907 1605 assisiam·
920 1526 970 1603 de
993 1526 1171 1619 Caturco,
1202 1527 1324 1606 dictus
1343 1526 1564 1620 Maurellus,
1587 1556 1674 1605 cum
1698 1526 1921 1634 quibusdam

499 1658 748 1764 complicibus
777 1659 870 1747 suis,
898 1659 1063 1765 pensatis
1094 1657 1260 1751 insidiis,
1285 1674 1329 1735 ut
1356 1658 1550 1750 dicebant,
1572 1657 1672 1736 venit
1702 1659 1751 1736 ad
1778 1676 1920 1766 portam

501 1790 591 1867 dicti
613 1790 720 1867 castri
738 1788 785 1867 de
805 1788 1002 1881 Cressaco,
1024 1806 1063 1867 et
1075 1787 1258 1867 familiam
1275 1788 1365 1867 dicti
1382 1790 1595 1882 Bertrandi,
1613 1790 1653 1866 in
1668 1790 1771 1867 dicto
1787 1808 1918 1880 castro,

500 1920 739 2012 existentem,
762 1922 877 1997 minis
896 1938 935 1998 et
952 1921 1161 1999 terroribus
1180 1922 1379 2011 seducens,
1407 1921 1551 1999 dictum
1577 1939 1739 1999 castrum
1760 1921 1921 1999 introivit

501 2068 539 2129 et
558 2052 684 2129 statim
703 2052 869 2159 quodam
891 2080 1009 2130 cornu
1027 2050 1208 2144 comavit,
1231 2050 1279 2129 ad
1299 2054 1407 2161 cujus
1427 2053 1594 2131 sonitum
1614 2052 1738 2129 dictus
1755 2050 1922 2131 Gileber-

499 2199 578 2271 tus,
600 2212 687 2259 cum
707 2182 955 2259 multitudine
971 2199 1200 2261 armatorum
1218 2184 1417 2271 accedens,
1432 2183 1576 2261 dictum
1597 2200 1757 2261 castrum
1776 2182 1921 2260 intravit

500 2330 552 2401 et,
579 2344 665 2391 cum
693 2314 745 2391 sic
770 2313 985 2403 intrassent,
1014 2313 1195 2391 familiam
1223 2314 1312 2392 dicti
1342 2314 1539 2391 Bertrandi
1563 2315 1652 2393 inde
1679 2314 1916 2421 expulerunt,

498 2445 599 2522 bona
621 2445 766 2523 ibidem
796 2444 997 2523 existencia
1027 2444 1213 2523 violenter
1239 2445 1492 2533 abstulerunt,
1526 2446 1651 2553 ipsum
1675 2446 1919 2523 Bertrandum

499 2576 597 2653 dicta
617 2578 851 2683 possessione
874 2577 982 2654 castri
1003 2593 1041 2653 et
1058 2576 1249 2656 bonorum
1272 2578 1517 2656 dissaisiando
1543 2594 1581 2654 et
1604 2576 1819 2686 spoliand03
1840 2606 1922 2685 pro-

497 2708 689 2814 ponebant
698 2711 820 2815 ¹eciam
835 2709 956 2815 quod,
973 2708 1107 2785 eadem
1124 2708 1203 2797 die,
1220 2708 1290 2815 ipsi
1304 2708 1511 2788 Maurellus
1526 2724 1564 2786 et
1578 2708 1825 2803 Gillebertus‚
1839 2738 1921 2786 cum

498 2838 612 2914 armis
637 2854 675 2913 et
699 2864 767 2943 per
791 2837 1013 2915 violenciam
1043 2855 1225 2945 ceperunt
1250 2855 1289 2916 et
1316 2856 1592 2947 occupaverunt
1614 2841 1828 2947 predictum
1848 2870 1921 2917 css-

497 2986 601 3044 trum
616 2968 949 3058 Sancti-Mederdi,
968 2987 1005 3046 et
1019 2986 1149 3079 gentes
1163 2970 1252 3047 dicti
1263 2970 1463 3050 Guillermi
1480 2971 1624 3050 ibidem
1639 2973 1839 3050 existentes
1848 2973 1921 3049 vio-

499 3100 623 3175 lenter
635 3099 725 3176 inde
741 3100 982 3208 expulerunt,
1005 3101 1170 3178 eundem
1186 3102 1438 3181 Guillelmum
1453 3102 1689 3210 possessione
1705 3104 1795 3181 dicti
1816 3102 1918 3181 castri

499 3246 537 3305 et
550 3229 742 3307 bonorum
755 3258 912 3308 suorum
930 3231 1127 3338 spoliando
1145 3249 1184 3310 et
1199 3233 1463 3325 dissaisiand03
1483 3262 1528 3311 ex
1542 3234 1696 3313 adverso
1712 3252 1856 3323 autem,
1876 3234 1920 3311 od

498 3359 758 3439 defensionem
783 3364 954 3469 ipsorum
979 3362 1129 3442 Morelli
1155 3380 1193 3441 et
1212 3363 1398 3444 Gileberti
1421 3382 1458 3442 et
1478 3366 1657 3473 episcopi,
1684 3365 1806 3443 multa
1826 3365 1921 3442 dice·

496 3492 635 3570 bantur
654 3522 780 3571 coram
801 3494 980 3599 predictis
994 3494 1189 3603 judicibus
1208 3497 1400 3604 proposita
1421 3512 1459 3574 et
1479 3496 1642 3574 exhibita
1657 3496 1784 3574 luisse.
1802 3498 1922 3603 Super
2047 3587 2049 3593 Ι

496 3624 652 3729 quibus,
673 3625 803 3731 plures
824 3654 1022 3731 processus
1041 3626 1142 3705 inter
1162 3628 1280 3706 dictas
1299 3644 1424 3736 partes
1446 3627 1549 3719 facti,
1572 3627 1761 3706 sentencie
1789 3626 1863 3705 late
1887 3642 1923 3704 et

497 3754 771 3862 appellaciones
789 3756 984 3863 interjecte
1005 3755 1244 3849 dicebantur3
1265 3786 1428 3866 cumque
1450 3759 1573 3836 dictus
1594 3757 1821 3836 senescallus
1841 3786 1922 3837 nos·

496 3900 555 3960 ter
574 3887 711 3964 dictam
732 3886 1020 3965 altercacionem
1037 3906 1075 3965 et
1094 3889 1212 3967 dictas
1231 3908 1373 3998 partes,
1399 3920 1486 3968 cum
1507 3890 1583 3967 suis
1602 3890 1855 3997 processibus,
1877 3891 1922 3968 ad

498 4018 599 4094 curie
618 4036 745 4096 nostre
764 4020 812 4095 de
832 4048 981 4098 assensu
1006 4021 1192 4101 dictarum
1207 4023 1392 4130 parcium,
1413 4023 1619 4101 remisisset
1634 4050 1788 4101 examen
1803 4054 1812 4099 t
1828 4022 1922 4103 Visis

497 4164 535 4223 et
560 4149 760 4257 diligenter
783 4152 960 4257 inspectis
983 4155 1221 4260 processibus
1246 4172 1284 4231 et
1306 4157 1396 4232 actis
1424 4155 1609 4231 dictarum
1635 4155 1820 4261 partium,
1845 4154 1920 4231 viso
2002 4198 2007 4207 ·

497 4280 614 4357 eciam
640 4281 680 4357 in
705 4282 871 4391 registris
895 4284 997 4360 curie
1018 4303 1147 4363 nostre
1172 4287 1339 4392 quodam
1360 4286 1529 4393 judicato
1553 4314 1623 4393 pro
1647 4285 1855 4365 Bertrando
1875 4284 1937 4361 de·

497 4412 672 4492 Cressaco
698 4442 810 4521 super
833 4415 1062 4521 proprietate
1087 4417 1259 4495 villarum
1285 4419 1332 4496 de
1357 4420 1534 4498 Cressaco
1560 4419 1664 4495 etde
1686 4418 1921 4497 Sancto-Me-

496 4542 614 4620 dardo
633 4562 672 4621 et
686 4546 840 4634 mansis,
861 4547 974 4640 villis,
993 4550 1102 4627 terris
1124 4567 1163 4626 et
1177 4550 1419 4656 pertinenciis
1438 4550 1615 4629 omnibus
1632 4566 1671 4627 et
1689 4548 1848 4657 singulis
1867 4574 1920 4625 eo

495 4674 672 4749 rumdern
702 4676 868 4780 prolato,
896 4678 975 4756 viso
1006 4681 1124 4758 eciam
1154 4681 1320 4787 quodem
1350 4709 1531 4789 processu
1561 4710 1686 4759 coram
1718 4677 1919 4759 senescallo

497 4819 626 4880 nostro
643 4802 829 4911 Agenensi
850 4808 950 4884 inter
971 4808 1088 4888 dictas
1106 4828 1232 4918 partes
1248 4810 1345 4889 lacto
1362 4829 1401 4888 et
1416 4840 1485 4918 per
1502 4828 1632 4919 gentes
1649 4809 1740 4887 dicti
1759 4807 1919 4917 episcopi

496 4932 681 5024 exhibito,
699 4952 737 5012 et
750 4936 840 5041 ipsis
851 4938 1021 5044 partibus
1036 4941 1265 5020 sufficienter
1278 4943 1433 5036 auditis,
1445 4970 1514 5049 per
1527 4959 1709 5051 arrestpm
1722 4940 1826 5019 curie
1840 4966 1919 5017 nos·
2011 4972 2012 4975 ¹

496 5078 553 5136 tre
578 5062 722 5140 dictum
746 5064 819 5143 fuit
841 5086 881 5146 et
900 5072 1189 5174 pronunciatum
1212 5074 1314 5180 ipsos
1339 5074 1590 5152 Bertrandum
1616 5089 1654 5151 et
1672 5070 1918 5151 Guillelmum
