4450 6209
645 719 649 734 ¹
743 749 1008 857 suoutrns
1033 769 1097 842 nr
1126 750 1328 844 esoces.
1676 772 1749 844 705

333 905 460 1013 plano;
475 907 582 998 item,
598 925 750 1006 centum
767 909 880 989 libras
892 911 1133 1003 Parisienses,
1151 941 1219 1018 pro
1230 911 1313 990 aliis
1329 911 1502 1019 dampnis
1513 911 1611 1000 suis,
1633 929 1671 989 et
1683 913 1752 990 do-
1787 919 1918 973 enum
1930 921 1974 984 W·

285 1073 287 1078 ·
334 1036 1751 1151 minoRegiquadringentaslibrasParisienses,proemendasua3itemquod
1851 1012 1915 1056 mh

335 1166 456 1246 dietus
476 1169 639 1261 scutifer,
656 1173 721 1279 qui
737 1201 889 1279 presens
910 1200 988 1251 non
1008 1191 1085 1250 erat
1100 1175 1252 1282 quando
1266 1173 1403 1251 tradita
1417 1171 1488 1250 suit
1502 1190 1630 1251 nostre
1651 1174 1753 1251 curie

337 1298 434 1377 dicta
454 1300 642 1406 inquesta,
665 1303 856 1382 vocabitur
881 1305 929 1380 ad
949 1321 1087 1382 certam
1108 1305 1211 1382 diem
1231 1333 1300 1412 per
1315 1305 1549 1410 prepositum
1572 1305 1756 1383 Parisien-

336 1457 433 1521 sem,
455 1445 499 1506 ut
517 1431 640 1510 veniat
664 1433 710 1509 ad
732 1435 1024 1540 proponendum
1045 1433 1283 1513 defensiones
1304 1451 1342 1513 et
1354 1434 1523 1512 raciones
1541 1465 1626 1514 suas
1642 1463 1755 1543 super

335 1557 430 1637 facto
453 1561 637 1666 predicto,
660 1593 772 1670 quas,
797 1565 827 1641 si
847 1566 1104 1672 proposuerit,
1129 1567 1232 1644 curia
1252 1583 1378 1644 nostra
1398 1594 1512 1673 super
1531 1567 1585 1645 eis
1605 1567 1757 1646 exhihe-

335 1687 392 1767 bit
407 1691 532 1769 eidem
547 1691 697 1800 justicie
718 1696 1050 1801 complementum.

390 1821 547 1902 Veneris
559 1843 646 1932 post
663 1826 947 1908 Penthecosten.

391 2087 546 2166 LXVlll.
578 2089 673 2168 Cum
689 2090 818 2196 plures
832 2091 1005 2170 homines
1025 2091 1073 2169 de
1092 2091 1316 2182 Gastinesio,
1334 2109 1373 2169 et
1385 2092 1545 2170 maxime
1569 2093 1758 2172 Robertus

338 2214 386 2293 de
401 2216 535 2309 Tallia,
552 2219 653 2296 curie
670 2237 796 2300 nostre
812 2222 1006 2328 conquesti
1021 2221 1180 2300 luissent
1195 2223 1243 2299 de
1257 2223 1406 2300 Thoma
1424 2223 1525 2301 dicto
1545 2222 1672 2314 Hasle,
1689 2225 1756 2331 qui

339 2346 537 2454 deputatus
563 2380 632 2459 per
654 2369 783 2459 gentes
807 2371 952 2431 nostras
966 2352 1086 2431 suerat
1105 2354 1153 2431 ad
1172 2354 1396 2461 capiendum
1415 2354 1498 2431 vina
1520 2352 1757 2460 adprecium

337 2495 526 2571 nostrum,
551 2511 620 2588 pro
648 2484 861 2591 garnisione
883 2484 1036 2590 hospitii
1068 2484 1206 2573 nostri,
1235 2501 1489 2591 proponentes
1515 2502 1644 2563 contra
1669 2513 1757 2563 eum

337 2609 442 2713 quod
472 2612 550 2719 ipse
580 2613 691 2721 plura
720 2614 879 2722 dampna
904 2615 1046 2694 eisdem
1072 2615 1265 2705 intulerat,
1287 2615 1468 2721 capiendo
1502 2633 1541 2693 et
1570 2615 1758 2694 saisiendo

262 2835 266 2844 ι
337 2739 423 2816 vina
442 2770 574 2821 eorum
595 2773 664 2852 pro
683 2747 791 2825 valde
806 2747 943 2825 minori
960 2747 1086 2853 precio
1101 2775 1216 2862 quam
1230 2747 1485 2824 communiter
1499 2763 1537 2824 et
1551 2747 1759 2825 secundum

339 2871 507 2975 precium
527 2893 699 2954 nostrum
716 2877 858 2969 valent,
881 2895 919 2956 et
936 2878 1059 2956 multo
1081 2878 1191 2984 plura
1212 2877 1313 2955 dolia
1330 2906 1443 2983 quam
1458 2905 1533 2984 que
1553 2879 1759 2956 necessaria

338 3020 462 3080 essent
473 3035 542 3111 pro
558 3006 673 3086 domo
686 3026 812 3087 nostra
824 3025 876 3100 et,
891 3036 934 3086 ex
946 3009 1136 3115 promisso
1149 3035 1217 3085 suo
1229 3024 1267 3084 et
1278 3007 1568 3086 convinenciaac
1581 3008 1760 3086 mandato

339 3161 419 3222 sue,
435 3136 519 3213 vina
534 3138 751 3245 hujusmodi
762 3169 829 3246 per
843 3169 931 3216 eum
943 3155 1134 3228 arrestata,
1150 3138 1323 3216 faciendo
1334 3138 1447 3216 vendi
1462 3139 1573 3216 certis
1589 3140 1761 3245 personis

340 3289 432 3368 quas
455 3266 631 3376 eligebat,
651 3298 720 3376 pro
743 3270 881 3346 minori
903 3269 1029 3375 precio
1049 3298 1161 3376 quam
1183 3270 1435 3346 communiter
1454 3285 1609 3375 possent
1628 3269 1756 3359 vendi,

340 3421 453 3499 super
483 3399 672 3503 premissis
696 3399 972 3492 mandavimus,
1000 3399 1140 3478 vocatis
1171 3397 1354 3506 partibus,
1374 3399 1568 3476 veritatem
1601 3399 1759 3506 inquiri3

340 3554 450 3631 quam
466 3526 677 3634 inquestam
690 3530 812 3620 dictus
824 3527 1091 3608 Robertusluit
1102 3529 1202 3606 inter
1215 3546 1360 3607 ceteros
1372 3527 1580 3636 specialiter
1589 3557 1761 3636 prosecu-

339 3672 401 3734 tus
416 3676 544 3736 contra
557 3661 742 3739 Thomam
754 3661 984 3769 predictum,
1000 3689 1069 3769 pro
1085 3687 1131 3738 eo
1146 3660 1307 3738 maxime
1317 3659 1422 3767 quod
1438 3660 1559 3736 dictus
1572 3659 1761 3737 Robertus

340 3790 574 3895 proponebat
598 3793 720 3899 quod,
743 3823 829 3871 cum
854 3794 934 3898 ipse
952 3811 1183 3899 conquestus
1205 3789 1337 3870 luisset
1364 3791 1413 3869 de
1439 3788 1614 3897 pluribus
1636 3791 1761 3898 prisiis

340 3919 514 3997 vinorum
530 3950 622 4027 quas
636 3923 738 4000 idem
750 3924 932 4012 Thomas,
947 3922 1098 4000 racione
1113 3921 1226 4000 officii
1241 3921 1315 4011 sui,
1331 3921 1458 3998 minus
1470 3920 1758 4011 racionabiliter,

342 4065 384 4126 ut
402 4048 564 4140 dicebat,
582 4050 720 4130 fecerat
735 4081 847 4158 super
860 4053 1000 4157 ipsum,
1020 4051 1143 4130 dictus
1157 4055 1323 4130 Thomas
1332 4053 1533 4160 jactaverat
1550 4080 1590 4130 se
1606 4069 1645 4130 et
1659 4051 1760 4130 dicto

342 4180 507 4258 Roberto
522 4179 643 4260 suerat
657 4183 904 4260 comminatus
919 4181 1024 4289 quod
1039 4182 1118 4288 ipse
1132 4182 1216 4257 vina
1235 4181 1325 4258 dicti
1343 4183 1513 4271 Roberti,
1530 4182 1761 4288 ubicumque

344 4336 387 4386 ee
405 4311 603 4403 inveniret,
621 4330 834 4406 arrestaret,
848 4331 890 4390 et
908 4329 1068 4421 poneret
1089 4314 1127 4389 in
1143 4338 1257 4387 manu
1273 4339 1361 4387 sua:
1377 4312 1552 4417 Inquesta
1567 4311 1682 4416 igitur
1701 4341 1763 4390 su-

343 4467 410 4544 per
423 4441 495 4518 hiis
509 4441 618 4533 sacta,
635 4445 707 4521 vise
724 4461 761 4522 et
773 4444 973 4552 diligenter
983 4443 1202 4531 examinata,
1214 4471 1284 4548 per
1298 4441 1401 4518 curie
1415 4457 1542 4518 nostre
1554 4440 1759 4551 judicium,

344 4571 466 4651 dictus
501 4573 666 4652 Thomas
697 4574 992 4682 condempnatus
1016 4572 1088 4650 luit
1112 4573 1160 4650 ad
1183 4571 1420 4649 reddendum
1448 4571 1573 4648 eidem
1596 4571 1763 4650 Roberto

346 4702 507 4809 dampna
518 4703 645 4781 omnia
658 4733 748 4811 que,
765 4733 833 4812 per
850 4705 987 4782 dictam
1000 4704 1230 4810 inquestam,
1243 4718 1386 4781 constat
1397 4702 1563 4779 eundem
1574 4701 1763 4780 Thomam

346 4832 447 4910 dicto
475 4835 638 4912 Roherto
657 4836 696 4912 in
709 4835 888 4944 predictis
906 4834 1094 4924 intulisse,
1115 4834 1290 4912 videlicet
1312 4833 1491 4918 ducentas
1508 4831 1661 4942 triginta
1679 4863 1764 4940 sep-

346 4979 424 5040 tem
443 4961 556 5042 libras
575 4965 814 5056 Parisienses‚
835 4981 920 5074 post
937 4983 1088 5070 tempus
1105 4965 1295 5042 minarum
1310 4962 1564 5071 predictarum
1583 4963 1764 5041 factamm

347 5092 515 5200 predicto
529 5095 693 5175 Roberto
707 5125 776 5204 per
790 5096 927 5175 dictam
940 5095 1145 5185 Thomam,
1161 5111 1247 5202 post
1263 5094 1422 5202 primam
1435 5094 1650 5200 capcionem
1664 5093 1766 5170 vino

431 5269 483 5310 ars
504 5266 586 5309 οιιιι.
609 5270 656 5311 ιιι.
1617 5245 1659 5339 89
