4450 6209
516 698 590 774 444
1096 702 1188 775 LES
1217 699 1358 777 OLIM.

288 857 419 911 suatim
432 856 476 920 tt,
515 844 620 950 quod
638 874 789 926 merum
810 862 849 923 et
867 844 1027 924 mixtum
1045 844 1250 951 imperium
1272 860 1310 921 et
1329 843 1453 923 omnis
1465 843 1682 952 jurisdictio
1698 844 1738 920 in
1756 842 1841 921 loco
1862 873 1939 950 pre

351 950 413 993 Μ’
517 973 617 1054 dicto
634 977 683 1054 ad
701 1004 772 1057 nos
791 975 1004 1084 pertinebat
1017 975 1132 1085 pleno
1149 974 1253 1083 jure,
1277 992 1315 1053 et
1334 975 1440 1083 quod
1458 974 1611 1055 nulium
1621 975 1687 1083 jus
1703 974 1939 1082 competebat

515 1105 626 1187 dictis
642 1108 853 1217 preceptori
877 1125 916 1186 et
932 1106 1110 1187 fratribus
1132 1106 1329 1185 exercendi
1348 1106 1655 1215 jurisdictionem
1681 1104 1722 1183 in
1745 1104 1829 1184 loco
1855 1134 1938 1213 pre·

515 1238 633 1331 dicto,
648 1270 764 1349 quare
778 1240 932 1349 petebat
945 1239 1224 1320 sentencialiter
1235 1239 1474 1348 pronunciari
1493 1239 1614 1319 dictos
1626 1254 1888 1346 preceptorem
1903 1257 1939 1317 et

513 1369 645 1451 fratres
658 1374 722 1481 jus
737 1400 816 1451 non
830 1373 971 1453 habere
987 1371 1184 1451 exercendi
1195 1370 1501 1480 jurisdictionem
1521 1371 1560 1449 in
1578 1370 1661 1451 loco
1680 1368 1869 1477 predicto,
1887 1387 1936 1458 et,

513 1530 561 1579 ne
575 1502 623 1579 de
635 1522 760 1583 cetero
772 1502 916 1583 ibidem
923 1503 1229 1613 jurisdictionem
1239 1520 1450 1593 exerceant,
1466 1502 1520 1581 eis
1530 1500 1743 1611 prohiberi,
1758 1518 1797 1579 et
1809 1500 1860 1578 ad
1873 1530 1938 1581 nos

511 1634 702 1742 pertinere
715 1636 781 1744 jus
799 1637 998 1715 exercendi
1019 1664 1175 1715 omnem
1192 1634 1494 1745 jurisdictionem
1511 1635 1550 1711 in
1565 1634 1651 1713 loco
1667 1632 1838 1741 predicto
1858 1660 1939 1711 sen·

512 1764 723 1843 tencialiter
743 1766 941 1858 declarari3
962 1785 1096 1875 petens
1120 1767 1238 1847 eciam
1258 1767 1437 1845 interesse
1458 1764 1564 1873 quod
1585 1764 1625 1841 in
1644 1791 1822 1869 processu
1844 1763 1937 1841 dicte

513 1925 623 1975 cause
642 1926 682 1975 se
700 1897 977 1977 declaraturum
990 1898 1169 1989 retinuit;
1184 1916 1288 2007 parte
1304 1899 1454 1978 adversa
1471 1896 1598 2005 plures
1612 1895 1781 1975 raciones
1796 1895 1838 1972 in
1853 1922 1939 1974 con·

512 2028 672 2105 trarium
692 2046 905 2107 asserente:
929 2030 1119 2118 Tandem,
1141 2028 1189 2107 ad
1208 2046 1374 2108 nostram
1399 2030 1541 2107 curiam
1562 2044 1746 2135 asportata
1767 2026 1938 2134 inquesta

513 2186 628 2266 super
643 2158 716 2237 hoc
732 2158 841 2250 facta,
861 2160 950 2239 dato
967 2162 1084 2239 eciam
1106 2178 1144 2239 et
1163 2160 1361 2269 assignato,
1384 2188 1453 2267 per
1470 2160 1612 2238 curiam
1632 2175 1819 2247 nostram,
1839 2175 1936 2235 certo

512 2289 675 2368 termino
693 2290 802 2369 dictis
816 2292 1025 2400 preceptori
1041 2308 1080 2369 et
1097 2290 1292 2381 fratribus,
1310 2290 1407 2371 infra
1421 2320 1537 2399 quem
1552 2306 1720 2398 possent,
1737 2289 1769 2367 si
1783 2288 1935 2380 vellent,

512 2439 607 2512 ama,
624 2410 885 2502 atteitaciones
904 2441 943 2502 et
958 2424 1029 2501 alia
1042 2422 1091 2502 ad
1103 2452 1254 2503 causam
1270 2422 1447 2501 faciencia
1463 2424 1674 2530 producere
1688 2439 1726 2500 et
1741 2422 1846 2500 curie
1862 2450 1938 2500 nos

511 2570 569 2631 tre
588 2555 754 2645 tradere,
776 2557 950 2647 demum,
974 2554 1099 2664 elapso
1122 2556 1224 2635 dicto
1243 2556 1427 2648 termino,
1449 2554 1636 2669 dictisque
1656 2570 1877 2661 preceptore
1902 2571 1937 2631 et

511 2684 689 2764 fratribus
708 2686 827 2764 nichil
845 2688 930 2765 novi
954 2687 1272 2795 proponentibus,
1293 2686 1443 2795 visaque
1467 2687 1639 2795 inquesta
1664 2685 1848 2793 predicta,
1873 2715 1938 2795 per

511 2815 614 2893 curie
634 2835 760 2895 nostre
781 2818 970 2927 judicium
991 2819 1137 2898 dictum
1157 2818 1229 2899 fuit
1244 2818 1307 2927 jus
1328 2817 1525 2899 exercendi
1550 2846 1704 2897 omnem
1724 2818 1938 2927 jurisdicio-

510 2974 601 3024 nem
626 2946 666 3023 in
691 2947 775 3027 loco
798 2949 971 3055 predicto
996 2949 1044 3028 ad
1071 2978 1141 3029 nos
1166 2951 1354 3058 pertinere
1380 2952 1494 3059 pleno
1508 2952 1612 3060 jure,
1635 2968 1673 3029 et
1698 2950 1808 3058 quod
1832 2950 1937 3029 dictis

511 3079 721 3184 preceptori
743 3095 781 3156 et
798 3078 976 3160 fratribus
994 3081 1148 3159 nullum
1167 3083 1232 3191 jus
1251 3083 1434 3191 competit
1457 3082 1654 3161 exercendi
1674 3081 1863 3161 minorem
1876 3081 1938 3189 ju-

510 3207 770 3288 risdictionem
783 3210 823 3289 in
837 3210 922 3290 loco
936 3213 1123 3319 predicto,
1140 3230 1178 3292 et
1188 3214 1332 3293 eisdem
1346 3214 1429 3304 suit,
1444 3243 1512 3321 per
1525 3214 1668 3291 curiam
1682 3229 1864 3303 nostram,
1881 3213 1937 3291 in·

511 3337 676 3417 hibitum
692 3370 740 3419 ne
755 3342 803 3420 de
816 3360 942 3421 cetero
957 3345 1096 3423 minori
1104 3345 1368 3453 jurisdictione
1385 3362 1539 3423 utantur
1555 3345 1595 3423 in
1608 3343 1692 3423 loco
1706 3343 1935 3451 supradicto,

509 3472 852 3583 condempnatique
865 3475 1021 3555 suerunt
1030 3478 1119 3556 dicti
1134 3494 1333 3584 preceptor
1346 3494 1384 3555 ct
1397 3474 1527 3555 fratres
1540 3476 1695 3556 nomine
1705 3476 1877 3583 predicto
1891 3474 1936 3553 ad

506 3601 748 3681 reddendum
775 3621 812 3683 et
836 3607 1117 3685 restituendum
1148 3608 1260 3686 nobis
1288 3607 1546 3685 emolumenta
1575 3636 1643 3685 seu
1669 3606 1814 3687 fructus
1842 3634 1935 3715 quos

506 3732 595 3838 ipsi,
622 3734 669 3813 ab
694 3762 793 3813 anno
816 3737 971 3818 Domini
991 3737 1197 3816 millesimo
1223 3736 1482 3817 ducentesimo
1511 3738 1742 3847 octogesimo
1767 3736 1933 3817 secundo

508 3862 613 3952 citra,
635 3883 886 3971 perceperunt
907 3896 952 3945 ex
971 3867 1141 3974 predicta
1155 3868 1420 3977 jurisdictione
1445 3888 1484 3949 et
1504 3868 1661 3977 expletis
1681 3867 1810 3975 ipsius.

562 3992 728 4074 Sabbato
743 4013 829 4101 post
848 3997 1113 4077 Reminiscere.

564 4125 708 4205 Cuiller
725 4130 937 4234 reportavit.

562 4391 637 4470 LV.
668 4392 766 4470 Cum
781 4394 881 4473 inter
895 4398 1061 4502 priorem
1074 4399 1120 4477 de
1135 4400 1425 4491 (ibam-Melle,
1445 4429 1488 4479 er
1500 4429 1577 4479 una
1590 4418 1713 4507 parte,
1726 4419 1763 4480 et
1773 4400 1932 4509 preposi-

505 4540 587 4601 tum
604 4523 749 4603 domini
764 4527 875 4635 Regis
890 4528 937 4605 de
950 4530 1108 4622 Novilla,
1128 4562 1171 4609 ex
1188 4532 1319 4625 altera,
1337 4552 1440 4611 mota
1455 4534 1671 4642 questione,
1684 4562 1811 4613 coram
1824 4532 1931 4611 Aure·

505 4652 661 4731 lianensi
683 4656 836 4749 ballivo,
861 4688 975 4768 super
998 4692 1043 4741 eo
1063 4665 1169 4771 quod
1191 4666 1464 4773 Stephanetum
1481 4666 1648 4757 Renerii,
1671 4694 1787 4773 quem
1812 4665 1929 4743 dictus

505 4785 718 4889 prepositus
733 4808 880 4895 ceperat
898 4811 936 4871 et
956 4793 1148 4874 detinebat
1162 4825 1232 4901 pro
1249 4796 1479 4905 quibusdam
1498 4797 1570 4875 sibi
1586 4797 1789 4903 impositis,
1812 4796 1928 4874 dictus

505 4912 618 5018 prior,
640 4933 831 5026 tamquam
847 4952 960 5001 suum
975 4925 1245 5033 justiciabilem
1261 4929 1351 5008 etin
1366 4956 1432 5007 sua
1448 4928 1598 5037 justicia
1611 4929 1812 5007 cubantem
1830 4944 1867 5028 et
1879 4926 1927 5005 le·

505 5062 669 5141 vantem,
698 5049 769 5127 sibi
799 5054 908 5131 reddi
933 5057 1101 5161 petebat,
1133 5058 1306 5166 pluribus
1330 5060 1569 5167 processibus
1594 5060 1698 5139 iactis
1724 5086 1838 5167 super
1860 5058 1926 5137 hoc
