4450 6209
484 720 555 795 tet
1068 725 1160 798 tus
1190 720 1331 796 OLlM.

255 873 442 938 rriusrstv,
483 881 521 942 st
540 863 702 944 heredes
722 864 892 944 defuncti
912 866 1080 972 magistri
1099 865 1199 943 Petri
1219 865 1267 944 de
1290 864 1463 952 Biterris,
1486 863 1680 970 quondam
1702 885 1918 973 procurato-

482 997 535 1076 ris
560 997 679 1076 nostri
703 999 744 1074 ln
772 998 989 1078 senescallia
1009 998 1198 1106 predicta,
1227 998 1276 1078 ad
1303 995 1545 1078 reddendum
1576 1013 1614 1076 et
1639 998 1917 1080 restituendum

482 1127 693 1208 Guillelmo
711 1131 856 1220 Ricani,
878 1131 1010 1223 mittat,
1035 1149 1200 1210 castrum
1229 1148 1267 1208 et
1291 1128 1495 1239 pedagium
1523 1129 1847 1238 Sancti-Stephani
1872 1134 1918 1213 de

482 1262 593 1350 Sors,
611 1291 698 1340 cum
715 1291 850 1342 eorum
865 1262 1128 1371 pertinenciis,
1147 1281 1185 1342 et
1199 1262 1430 1370 quibusdam
1446 1261 1548 1354 aliis,
1565 1263 1607 1340 in
1621 1261 1813 1369 peticione
1829 1267 1917 1346 dicti

482 1395 610 1472 lticani
630 1395 833 1484 contentis,
855 1396 1136 1476 sentencialiter
1155 1396 1484 1484 condemnassent,
1508 1410 1548 1474 et
1565 1393 1827 1502 predictorum
1853 1401 1918 1478 sai·

481 1527 602 1604 sinam
620 1527 748 1606 eidem
768 1529 908 1609 Ricano
927 1529 1192 1620 tradidissent,
1221 1557 1439 1637 qumquam
1463 1527 1534 1635 ipsi
1557 1555 1577 1605 a
1592 1525 1765 1635 judicato
1785 1529 1917 1640 hujus-

317 968 380 1010 1800.

484 1660 588 1737 modi
606 1659 657 1738 ad
671 1689 741 1740 nos
760 1660 1033 1769 appellassent,
1050 1661 1248 1770 dictosque
1267 1661 1400 1742 fratres
1420 1659 1468 1738 ad
1489 1657 1786 1768 proponendum
1804 1665 1919 1742 racio·

482 1819 549 1869 nes
569 1822 656 1871 suas
676 1809 807 1870 contra
826 1793 1041 1900 judicatum
1060 1795 1276 1900 predictum
1294 1823 1364 1901 per
1381 1793 1479 1870 viam
1500 1789 1809 1898 supplicacionis,
1833 1824 1916 1872 cum

483 1924 761 2030 appellaciones
780 1955 801 2002 a
818 1925 959 2002 talibus
979 1925 1267 2031 inquisitoribus
1283 1925 1525 2033 interpositas
1546 1949 1623 2002 non
1647 1923 1915 2030 reciperemus,

484 2055 532 2133 de
551 2057 703 2163 speciali
723 2057 846 2166 gracia
860 2058 1161 2149 admisissemus,
1178 2075 1217 2136 et
1232 2075 1355 2137 certos
1372 2059 1564 2136 auditores
1584 2082 1698 2162 super
1717 2055 1791 2134 boc
1812 2058 1917 2138 dictis

484 2190 653 2295 partibus
672 2189 936 2268 dedissemus:
958 2192 1148 2279 Tandem,
1170 2192 1309 2273 auditis
1327 2190 1417 2268 hinc
1437 2189 1527 2267 inde
1547 2187 1751 2295 propositis
1777 2208 1815 2268 et
1834 2193 1917 2270 visis

483 2323 721 2427 processibus
740 2340 777 2400 et
795 2324 968 2430 inquesta
984 2353 1098 2430 super
1116 2324 1189 2401 hoc
1209 2323 1330 2416 sactis,
1347 2351 1497 2402 necnon
1516 2319 1641 2400 littera
1659 2323 1916 2402 transactionis

484 2482 571 2530 cum
584 2454 878 2560 interposicione
886 2455 1094 2562 juramenti
1110 2484 1224 2563 super
1239 2456 1312 2534 hoc
1327 2456 1457 2534 habite
1470 2455 1571 2532 inter
1583 2467 1707 2560 partes
1719 2453 1914 2560 predictas,

482 2612 551 2690 per
579 2587 683 2663 curie
711 2605 838 2665 nostre
854 2587 1061 2696 judicium,
1091 2587 1237 2666 dictum
1263 2587 1335 2666 suit
1354 2606 1392 2666 et
1411 2583 1704 2694 pronunciatum
1729 2587 1917 2693 predictos

484 2717 726 2823 inquisitores
745 2720 845 2798 male
860 2721 1069 2826 judicasse,
1093 2739 1132 2798 et
1151 2721 1273 2798 dictos
1292 2719 1425 2800 fratres
1444 2719 1544 2798 bene
1565 2714 1816 2823 supplicasse,
1839 2721 1915 2800 dic-

484 2867 566 2926 tum
586 2849 838 2930 Guillelmum
857 2851 906 2928 ad
927 2853 1208 2930 restituendum
1225 2881 1287 2931 res
1305 2853 1493 2961 predictas
1519 2853 1628 2932 dictis
1651 2851 1827 2930 tratribus
1852 2882 1916 2958 per

485 2978 589 3056 idem
604 2980 795 3088 judicium
813 2983 1094 3062 sentencialiter
1113 2985 1442 3094 condempnando.

542 3111 696 3190 Sabbati
716 3132 802 3220 post
818 3114 1084 3201 llantiniscere.

538 3378 680 3457 XXXII.
713 3379 811 3458 Cum
831 3381 1038 3490 Gregorius
1058 3382 1106 3460 de
1127 3383 1322 3474 Bonisace,
1353 3384 1400 3460 de
1427 3385 1605 3462 societate
1633 3383 1702 3462 des
1717 3382 1913 3470 Caracols,

484 3510 672 3589 Marinum
695 3513 743 3591 de
762 3515 917 3609 Marius,
939 3517 1058 3594 civem
1076 3519 1322 3610 lanuensem,
1340 3545 1466 3595 coram
1487 3517 1710 3596 custodibus
1732 3516 1917 3594 nundina·

483 3671 569 3718 rum
592 3642 796 3752 Campania
817 3646 978 3753 ajornari
997 3649 1166 3738 lecisset,
1190 3666 1228 3726 et
1246 3650 1294 3727 ab
1316 3677 1361 3728 eo
1385 3665 1532 3755 peteret
1555 3649 1782 3757 quingentas
1803 3649 1916 3727 libras

482 3774 742 3868 Turonenses,
759 3793 938 3882 tauquam
954 3779 1002 3856 de
1019 3809 1177 3886 corpore
1193 3779 1469 3870 nundinarum,
1487 3807 1580 3886 quas
1596 3779 1699 3858 idem
1712 3779 1914 3886 Gregorius

482 3903 676 3983 Bonilacio
705 3905 754 3983 de
778 3908 939 3999 Marius,
973 3912 1064 3988 dicti
1095 3912 1232 3988 Marini
1260 3911 1452 4018 quondam
1482 3911 1587 4000 filio,
1618 3941 1686 3988 eeu
1715 3911 1799 4018 ejus
1827 3939 1914 4018 pro·

484 4036 648 4113 curatori
673 4037 713 4114 in
738 4040 919 4121 nundinis
946 4044 1151 4152 Campania
1175 4060 1426 4136 mutuaverat,
1452 4061 1496 4120 ut
1520 4042 1690 4132 dicebat,
1716 4043 1914 4148 dictusque

484 4167 671 4261 Marinus,
693 4172 920 4251 declinando
939 4205 1054 4284 super
1078 4178 1151 4254 hoc
1176 4177 1318 4257 curiam
1341 4177 1531 4254 dictorum
1553 4174 1770 4264 custodum,
1799 4173 1914 4281 pluri-

481 4300 556 4378 bus
573 4301 806 4397 racionibus,
827 4324 975 4412 peteret
998 4337 1038 4386 se
1062 4336 1176 4415 super
1191 4308 1411 4415 hujusmodi
1426 4307 1615 4414 peticione
1635 4305 1683 4385 ad
1702 4305 1831 4384 locum
1856 4305 1912 4382 sui

477 4433 619 4539 judicis
643 4436 815 4534 remitti,
835 4456 873 4514 et
900 4439 1044 4517 dictum
1064 4441 1311 4548 Gregorium,
1338 4440 1489 4518 racione
1516 4439 1615 4517 dicte
1639 4456 1784 4516 temere
1810 4465 1913 4516 voca-

483 4564 621 4655 cionis,
643 4567 714 4644 sibi
735 4568 774 4645 in
796 4572 967 4677 expensis
988 4571 1197 4680 legittimis,
1215 4572 1320 4680 juxta
1345 4572 1530 4650 dictarum
1552 4571 1811 4650 nundinarum
1828 4597 1912 4648 con-

483 4695 739 4791 suetudinem,
764 4702 1055 4809 cendempnari3
1076 4703 1178 4782 dicto
1199 4702 1383 4809 Gregorio
1399 4702 1573 4809 pluribus
1591 4702 1808 4780 racionibus
1827 4695 1910 4779 conss

482 4825 639 4903 trarium
658 4849 893 4937 proponente
908 4864 917 4909 ε
932 4832 1082 4911 Auditis
1101 4833 1189 4911 hinc
1206 4834 1294 4911 inde
1310 4833 1528 4940 propositis,
1547 4831 1722 4910 custodes
1734 4830 1908 4939 predicti,

484 4984 552 5061 per
560 4985 673 5038 suarm
677 4961 885 5070 judicium,
901 4967 1244 5072 pronunciaverunt
1254 4966 1468 5074 predictum
1481 4966 1669 5044 Marinum
1680 4993 1758 5042 non
1769 4963 1908 5042 debere

482 5090 658 5196 compelli
678 5093 725 5170 ad
743 5095 1053 5201 respondendum
1071 5127 1196 5174 coram
1217 5098 1271 5176 eis
1290 5125 1404 5203 super
1423 5097 1611 5202 peticione
1630 5096 1818 5202 predicta,
1841 5094 1906 5173 sed
