4450 6209
713 725 981 837 nNanrns
1005 745 1071 817 nr
1096 723 1299 818 rnocns.
1671 744 1715 817 31

291 891 404 969 dietis
423 888 557 999 majori
578 904 619 964 et
631 888 783 996 juratis,
801 913 871 966 nec
891 888 992 993 ipsos
1010 887 1311 995 quomodolibet
1324 888 1523 994 impedire.
1547 890 1603 965 De
1623 886 1719 963 halis
1750 892 1882 946 P¹¹¹L¹P¹³¹
1901 895 1944 957 tv,

288 1048 398 1112 vero,
429 1020 725 1129 pronunciatum
743 1007 1019 1128 fuitmajorem
1049 1019 1247 1127 etjuratos
1271 1020 1462 1127 predictos
1481 1046 1559 1097 non
1581 1018 1719 1095 hahere
1819 985 1882 1035 Μ’

285 1154 350 1262 jus
371 1152 532 1229 tenendi
554 1150 719 1229 claudam
743 1150 887 1244 halam,
920 1149 968 1227 de
999 1177 1073 1258 qua
1101 1168 1181 1229 erat
1207 1152 1422 1241 contencio,
1444 1179 1513 1257 per
1537 1168 1615 1227 tres
1639 1147 1721 1226 dies

292 1284 560 1361 nundinarum
580 1283 707 1369 medie
725 1270 1041 1393 Quadragosime,
1064 1308 1134 1359 nec
1153 1280 1292 1358 habere
1306 1283 1371 1390 jus
1386 1280 1621 1387 impediendi
1636 1308 1722 1387 pre-

293 1409 416 1493 dictos
441 1402 640 1522 religiosos
660 1415 865 1523 quominus
888 1414 968 1521 ipsi·
988 1404 1216 1492 theloneum
1238 1414 1520 1521 suumpossint
1545 1412 1721 1521 colligere

290 1546 413 1627 tribus
443 1534 580 1627 diebus
603 1538 792 1653 predictis*
814 1547 854 1622 in
885 1546 988 1626 dicta·
1013 1544 1118 1637 hala,
1148 1563 1185 1622 et
1213 1546 1486 1650 impedimenta
1510 1572 1626 1651 super
1649 1544 1722 1621 hoe

291 1680 399 1759 dietis
416 1677 608 1787 religiosis
623 1679 787 1758 amoveri
807 1678 974 1756 debere

344 1800 683 1894 Meneedununrio.

347 2074 513 2153 XXXIX.
545 2074 721 2182 Inquesta
734 2074 828 2151 sacta
844 2103 957 2180 super
972 2074 1120 2183 injuriis
1136 2091 1175 2151 et
1195 2071 1412 2153 seviratibus
1432 2070 1547 2149 illatis
1565 2071 1718 2149 domine

293 2208 339 2284 de
357 2205 549 2286 Bean—Val
568 2232 636 2313 per
656 2207 834 2283 maritum
856 2227 968 2283 snum
995 2206 1071 2283 visa
1092 2222 1149 2285 est
1169 2223 1207 2283 et
1227 2205 1416 2313 expedita,
1439 2221 1478 2282 et
1499 2204 1719 2281 mandatum

292 2336 431 2416 ballivo
451 2336 694 2413 Ambianensi
715 2338 822 2444 qnod
848 2338 882 2413 ei
903 2339 952 2423 de
980 2338 1178 2416 securitate
1203 2337 1412 2445 provideat,
1433 2336 1482 2414 ita
1503 2335 1610 2442 quod
1638 2336 1719 2442 ejus

292 2471 451 2548 maritus
468 2468 622 2548 sericias
636 2494 715 2547 non
730 2485 900 2545 exerceat
917 2488 1048 2547 contra
1063 2498 1162 2559 eam,
1186 2487 1224 2546 et
1239 2470 1289 2545 de
1308 2468 1410 2544 victu
1425 2467 1496 2544 sibi
1517 2466 1626 2544 faeiat
1640 2466 1719 2544 suf-

292 2602 466 2686 ficienter
481 2601 687 2708 provideri,
710 2628 779 2709 pro
799 2628 839 2691 se
866 2617 906 2678 et
928 2600 1060 2679 liberis
1081 2602 1158 2678 suis
1179 2600 1245 2708 qui
1269 2617 1359 2677 sunt
1378 2628 1462 2677 cum
1484 2627 1546 2689 ea;
1569 2616 1607 2676 et
1630 2598 1720 2705 quie

294 2733 416 2811 dictus
438 2732 599 2811 maritus
629 2760 715 2809 curn
743 2761 787 2809 ea
813 2749 1006 2840 acceperat
1029 2732 1100 2809 tria
1131 2730 1251 2808 millia
1276 2731 1473 2821 librarum,
1496 2729 1598 2806 curia
1616 2729 1718 2805 ordi-

294 2865 393 2943 navit
412 2892 600 2943 summanr
622 2865 741 2943 rictus
760 2866 808 2942 ad
826 2882 1013 2945 trecentas
1035 2864 1150 2941 libras
1167 2866 1426 2954 Turonenses‚
1446 2890 1516 2967 pro
1538 2888 1658 2951 anno,
1679 2876 1719 2936 et

293 3000 344 3074 sic
361 2982 527 3105 injunxit
545 2997 648 3073 eurio
668 2994 822 3087 ballivo,
845 2997 1000 3103 quando
1017 2998 1120 3073 venit
1139 2997 1186 3073 ad
1205 2996 1360 3073 curiam.

347 3262 424 3337 XL.
457 3260 557 3338 Cum
583 3260 683 3337 inter
707 3259 874 3366 priorem
895 3276 933 3336 et
952 3257 1160 3364 capitulum
1187 3257 1402 3364 Sagisnses‚
1425 3284 1469 3333 ex
1497 3284 1570 3333 una
1595 3274 1717 3361 parte,

295 3409 332 3468 et
359 3408 493 3499 gentes
523 3407 669 3469 nostras
695 3406 870 3469 tenentes
897 3388 1021 3498 regale
1048 3389 1285 3494 episcopatus
1311 3386 1517 3495 sagiensis,
1547 3384 1636 3463 sede
1661 3414 1720 3460 va-

294 3541 418 3615 cante,
445 3552 522 3631 pro·
541 3522 654 3600 nobie
679 3540 719 3600 et
745 3523 899 3600 nomine
925 3538 1073 3612 nostro,
1094 3520 1136 3595 in
1168 3519 1327 3597 scacario
1355 3534 1484 3595 nostro
1512 3506 1718 3593 Rothonra-

295 3655 421 3761 gensi,
451 3651 656 3743 etaltera,
685 3652 1174 3730 oontroversia'verteretur
1204 3670 1393 3757 supereo
1424 3649 1528 3755 qnod
1558 3646 1718 3754 predicti

294 3786 401 3891 prior
419 3801 459 3861 et
477 3782 686 3890 capitulum
706 3783 920 3861 asserebant
934 3810 974 3860 se
996 3810 1076 3860 esse
1096 3799 1135 3858 et
1157 3779 1289 3869 fuisse,
1313 3796 1523 3885 atempore
1542 3768 1651 3885 cnjus
1671 3779 1719 3853 de

296 3915 487 3995 contrario
515 3914 717 3991 hominum
744 3902 929 3990 memoria
953 3939 1033 3989 non
1063 3912 1206 3999 existit,
1234 3910 1274 3985 in
1302 3908 1454 4015 pacifica
1483 3908 1719 4015 possessione

296 4048 353 4126 rel
382 4048 498 4155 quasi·
514 4043 769 4153 percipiendi,
791 4046 839 4121 ab
867 4042 1051 4152 episeopis
1074 4041 1332 4150 Sagiensib'us,
1360 4041 1425 4147 qui
1450 4070 1519 4147 pro
1547 4057 1719 4149 tempore

294 4178 465 4270 linerent,
490 4193 612 4256 certos
636 4176 804 4254 dinerios
821 4204 890 4252 eeu
909 4174 1213 4281 procuraciones,
1233 4172 1347 4249 certis
1370 4172 1506 4249 diebus
1530 4173 1571 4248 in
1599 4198 1716 4259 anne,

295 4309 475 4387 videlicet·
488 4309 529 4385 in
549 4308 743 4397 Paschate,
766 4308 805 4383 in
824 4296 1074 4398 Ascencione‚
1091 4305 1132 4383 in
1146 4305 1411 4395 Penthecoste‚
1429 4303 1470 4378 in
1489 4301 1584 4381 sesto
1603 4300 1717 4377 sancti

296 4440 460 4521 Gervasii
482 4439 660 4530 estivalis,
688 4440 728 4516 in
752 4437 1024 4543 Assumpcione
1043 4437 1153 4513 beate
1175 4435 1312 4526 Marie,
1335 4434 1374 4509 in
1400 4434 1495 4511 festo
1520 4433 1720 4513 Omnium-

298 4572 539 4660 Sanctorum‚
555 4571 596 4646 in
615 4568 712 4647 sesto
732 4566 850 4646 sancti
865 4566 1031 4647 Gervasii
1052 4563 1255 4675 hyemalis,
1273 4564 1313 4640 in
1330 4563 1526 4642 Nativitate
1544 4562 1717 4651 Domini,

297 4702 338 4779 in
347 4700 575 4810 Epiphania,
597 4702 637 4778 in
656 4699 928 4778 Purificaeione
946 4698 1057 4777 beate
1069 4694 1203 4786 Mario,
1225 4695 1265 4772 in
1281 4696 1343 4775 die
1351 4696 1449 4803 jovis
1459 4696 1498 4772 in
1513 4672 1720 4803 septimana

298 4850 438 4922 saneta,
468 4849 507 4910 et
534 4832 609 4911 illis
636 4832 755 4913 eciem
777 4830 915 4910 diebus
943 4848 1063 4911 certes
1090 4826 1271 4936 peccnnie
1300 4827 1527 4935 quantitates
1549 4854 1617 4933 pro
1645 4816 1722 4903 suis

299 4961 547 5063 sentientibus
569 4992 596 5041 a·
613 4963 791 5069 predictis
818 4961 1018 5069 episcopis,
1041 4959 1268 5038 affirmantes
1290 4959 1409 5040 eciam
1436 4958 1525 5036 dicti
1551 4957 1654 5064 prior
1684 4972 1723 5031 et

298 5094 509 5199 crpitulum
526 5094 568 5172 'se
586 5122 666 5182 esse
684 5091 878 5181 siluisse,
899 5122 919 5169 a
943 5110 1116 5198 tempore
1138 5090 1184 5168 de
1206 5090 1315 5198 cnjus
1332 5090 1519 5168 contrario
1539 5087 1721 5165 memoria
