4450 6209
757 702 1023 812 nnonnrns
1048 721 1111 796 nr
1136 702 1339 796 eneces.
1699 721 1759 813 ,u

337 884 420 943 esse
442 884 511 963 per
531 856 673 937 dictum
697 858 874 939 ballivum
899 862 938 939 in
957 890 1029 941 usu
1054 880 1092 941 et
1121 862 1253 941 saisina
1269 852 1421 969 justicie
1441 858 1626 967 predicte3
1650 860 1758 951 item,
1798 856 1987 939 emrsrtv,

335 1016 450 1096 super
469 1016 515 1067 eo
535 990 640 1097 quod
654 990 745 1069 dicti
764 992 928 1073 decanus
942 1012 980 1072 et
994 993 1201 1101 capitulum
1216 992 1430 1073 asserebant
1443 1018 1482 1069 se
1498 1017 1577 1071 esse
1593 1009 1632 1069 et
1646 990 1761 1071 fuisse
1862 966 1924 1011 Μ’

334 1120 377 1199 in
395 1119 531 1199 saisina
549 1119 624 1199 alte
637 1122 788 1229 justicie
807 1121 982 1201 villarum
998 1124 1047 1201 de
1066 1124 1277 1233 Molignon,
1300 1124 1348 1201 de
1367 1123 1458 1211 Ere,
1477 1120 1524 1199 de
1544 1120 1634 1230 Oyri
1655 1139 1693 1201 et
1711 1121 1760 1199 de

335 1250 664 1342 Valle-Profimde,
688 1270 727 1332 et
749 1282 789 1332 se
807 1281 896 1333 usos
917 1282 997 1333 esse
1020 1272 1059 1333 et
1080 1254 1195 1333 luisse
1216 1254 1357 1364 longao
1374 1272 1546 1360 tempore
1567 1252 1665 1331 dicta
1690 1251 1762 1330 alte

330 1383 482 1492 justicia
499 1383 540 1461 in
558 1384 668 1464 dictis
684 1384 782 1464 villis
801 1404 839 1464 et
856 1385 1027 1494 quelibet
1045 1386 1266 1465 earumdem
1285 1386 1324 1464 in
1343 1384 1520 1463 omnibus
1535 1382 1682 1463 casibus
1695 1382 1760 1489 qtri

335 1513 385 1590 ad
405 1541 539 1591 eorum
556 1514 734 1594 noticiam
758 1534 1024 1624 pervenenmt,
1048 1534 1146 1595 etse
1173 1516 1221 1595 de
1246 1544 1344 1595 novo
1370 1514 1571 1622 impeditos
1597 1542 1664 1621 per
1682 1513 1761 1591 dic·

334 1651 418 1721 tum
436 1644 616 1723 ballivum
635 1646 675 1723 in
694 1645 889 1755 predictis,
907 1647 1008 1725 dicto
1034 1645 1172 1723 bellive
1193 1674 1262 1752 pro
1282 1646 1394 1725 nobis
1413 1645 1642 1723 contrarium
1661 1672 1760 1723 asse-

334 1791 440 1853 rente
469 1793 508 1854 et
536 1774 684 1855 dicente
708 1804 777 1855 nos
804 1804 884 1854 esse
911 1777 952 1855 in
981 1776 1115 1854 saisina
1139 1776 1261 1854 tocius
1285 1776 1392 1853 basse
1415 1774 1566 1882 justicie
1597 1772 1686 1851 ville
1713 1772 1759 1849 de

333 1904 526 1994 Verrines3
541 1906 645 1994 item,
660 1907 701 1983 in
717 1907 854 1986 saisina
864 1907 937 1986 ulte
946 1908 1096 2015 justicie
1116 1906 1285 1985 villarum
1305 1905 1353 1984 de
1373 1904 1584 2012 Molignon,
1603 1903 1651 1981 de
1664 1906 1756 1993 Eve,

335 2034 384 2113 de
407 2034 519 2143 Oysi,
541 2055 579 2117 et
602 2038 650 2117 de
672 2038 1007 2120 Valle-Prohinda:
1028 2038 1216 2128 Tandem,
1238 2037 1324 2117 visis
1342 2054 1380 2115 et
1403 2036 1603 2143 diligenter
1624 2035 1761 2113 exami-

333 2165 431 2244 natis
454 2167 638 2276 inquestis
661 2168 710 2246 de
734 2168 911 2247 mandato
930 2187 1061 2248 nostro
1079 2169 1185 2247 iactis
1211 2196 1326 2275 super
1346 2166 1539 2273 predictis,
1566 2166 1759 2245 inventum

332 2294 406 2375 init
424 2316 477 2391 et,
498 2328 568 2407 per
583 2300 686 2379 curie
704 2318 831 2380 nostre
846 2301 1054 2407 judicium,
1073 2300 1362 2408 pronunciatum
1378 2297 1498 2375 dictos
1518 2298 1703 2395 decenum
1724 2314 1760 2375 et

333 2429 537 2534 capitttlum
567 2431 681 2510 fitisse
706 2450 744 2511 et
768 2460 847 2509 esse
874 2432 915 2510 in
946 2432 1083 2511 saisina
1109 2431 1232 2511 tocius
1259 2432 1366 2509 basse
1388 2428 1539 2535 justicie
1568 2427 1759 2533 hospitum

332 2584 490 2637 euomm
521 2572 841 2641 commorancium
871 2563 913 2640 in
931 2562 1015 2641 uilla
1039 2564 1088 2641 de
1112 2563 1306 2652 Vescinos,
1336 2588 1378 2637 ae
1402 2556 1673 2663 impedimenta
1692 2584 1759 2661 per
1842 2650 1844 2653 Ι

334 2686 480 2767 dictum
496 2689 677 2770 ballivum
698 2720 813 2798 super
831 2693 905 2771 hoc
923 2692 1188 2800 appositaesse
1205 2690 1427 2778 amovenda,
1445 2687 1553 2767 salvis
1571 2686 1700 2777 nobis,
1720 2687 1759 2763 in

332 2819 468 2899 eedem
479 2820 586 2901 bassa
593 2824 759 2930 justicia,
776 2824 976 2930 questione
990 2822 1228 2929 proprietatis
1240 2850 1283 2899 ae
1290 2822 1377 2929 jure
1394 2819 1504 2897 nobis
1521 2832 1759 2923 competente

330 2948 373 3027 in
386 2951 520 3029 saisina
542 2953 827 3058 et·proprietrte
847 2954 922 3033 alte
938 2953 1091 3062 justicie
1106 2954 1207 3033 dicte
1220 2951 1326 3031 sille-
1345 2951 1456 3037 item,
1477 2950 1673 3027 intentum
1690 2946 1762 3025 fuit

332 3096 372 3157 et
391 3082 684 3186 pronunciatum
709 3081 831 3159 dictos
848 3084 1035 3186 decem
1054 3100 1092 3159 et
1108 3082 1316 3189 capitulum
1337 3082 1451 3159 fuisse
1475 3097 1512 3157 et
1531 3106 1611 3159 esse
1630 3079 1671 3157 in
1689 3078 1761 3157 sai·

279 3268 285 3275 -
332 3211 413 3289 sina
428 3211 662 3319 attejasticio
673 3210 912 3291 villammde
923 3211 1138 3319 Molignon,
1158 3214 1207 3291 de
1221 3215 1295 3292 live
1311 3231 1349 3290 et
1360 3210 1511 3319 deOyri
1528 3228 1565 3289 et
1582 3210 1630 3288 de
1645 3208 1762 3288 Valle·

331 3339 542 3431 Profunda,
565 3361 714 3419 necnoo
728 3341 1008 3447 impedimenta
1030 3343 1126 3419 circe
1143 3342 1216 3419 hoc
1236 3342 1401 3448 apposita
1418 3340 1580 3417 amoveri
1601 3338 1758 3429 debere;

333 3487 373 3548 et
396 3472 566 3578 iusuper,
588 3470 620 3548 si
641 3471 839 3549 oceesione
862 3471 1121 3577 predictorum
1140 3471 1266 3579 aliqua
1279 3472 1484 3577 sint-capte
1503 3468 1561 3545 vel
1583 3484 1760 3547 arrestata

333 3630 403 3679 seu
429 3603 478 3679 ad
501 3628 672 3681 manum.
685 3618 854 3681 nostram
879 3600 1017 3708 posita,
1047 3630 1091 3681 ea
1114 3601 1226 3681 dictis
1251 3602 1393 3681 decane
1419 3616 1461 3679 et
1483 3596 1651 3707 capitulo
1678 3598 1758 3677 fore

333 3732 527 3814 reddenda
550 3749 592 3813 et
610 3732 867 3813 deliberanda.

388 3999 533 4077 XXXII.
563 3999 663 4077 Cum
683 4015 785 4077 mota
799 3997 935 4077 fuisset
950 3998 1153 4089 discordia,
1175 3998 1213 4073 in
1232 3996 1335 4075 curia
1354 4012 1496 4085 nesus,
1511 3995 1608 4073 inter
1623 3993 1757 4073 Guiar·

334 4128 428 4207 dum
452 4129 502 4208 de
520 4128 770 4221 Foullueillo,
796 4129 1018 4209 scutiferum
1036 4147 1149 4219 tnnc,
1177 4156 1228 4207 ex·
1244 4156 1319 4207 una
1342 4144 1464 4234 perte,
1490 4142 1528 4205 et
1545 4123 1756 4205 Aubertum

334 4260 382 4339 de
401 4260 585 4369 Angesto,
606 4259 786 4353 militem,
807 4290 852 4339 ex
869 4261 1006 4351 altera,
1025 4289 1142 4368 super
1161 4289 1207 4339 eo
1230 4260 1336 4367 quod
1358 4258 1550 4365 predictus
1567 4254 1756 4336 Guierdus

335 4390 483 4471 dicebat
500 4411 550 4471 et
572 4391 809 4500 proponebat
842 4391 1383 4472 contradictum-Aubertum
1406 4388 1532 4497 quod,
1563 4415 1649 4465 cum
1677 4386 1755 4492 ipse

333 4520 523 4603 Guiardus
546 4542 584 4603 et
602 4524 662 4602 sui
680 4525 967 4631 predecessores
992 4541 1116 4603 essent
1136 4540 1175 4601 et
1202 4521 1360 4601 luissent
1385 4551 1405 4599 a
1431 4520 1579 4605 decem,
1604 4516 1755 4626 viginti,

332 4653 501 4761 triginta,
521 4655 911 4763 quadruginta'ennis‚
933 4673 973 4733 et
997 4673 1208 4761 stempore
1230 4682 1250 4731 e
1271 4679 1349 4761 quo
1368 4665 1494 4759 potest
1513 4676 1592 4727 esse
1613 4676 1759 4727 memo·

330 4785 405 4877 rie,
427 4786 467 4865 in
485 4787 621 4866 saisina
638 4787 879 4867 custodiendi
899 4805 939 4866 et
954 4786 1204 4867 deffendendi
1223 4812 1378 4864 nemora
1397 4812 1463 4861 sna
1484 4782 1531 4861 de
1554 4778 1754 4887 Fonlleyo,

332 4916 431 4994 sicut
444 4944 654 5025 garennam
668 4919 964 5028 stringerem,
984 4912 1565 5021 acceiumin'saisinaoapiendi
1584 4926 1622 4989 et
1640 4936 1758 4987 erres—

334 5048 439 5128 tendi
460 5067 647 5131 «venantes
674 5050 714 5128 in
740 5050 851 5129 dictis
875 5050 1095 5129 nemoribus
1123 5049 1203 5129 sine
1233 5048 1387 5129 licencia
1416 5046 1506 5125 dicti
1535 5041 1695 5125 Guiardi
1720 5057 1758 5119 et

1601 5211 1629 5271 3.
