4450 6209
498 718 572 791 5011
1080 720 1173 793 LES
1200 716 1339 793 OLIM.

268 872 398 925 rmum
411 871 455 935 tv,
493 862 629 967 pertati
649 862 938 968 compacientes‚
956 862 1004 939 de
1020 862 1153 948 modo,
1173 860 1294 967 forma
1314 876 1352 937 et
1371 877 1541 967 tempore
1564 860 1830 968 appellacionis
1843 890 1925 967 pre-

330 965 393 1007 ¹³'⁰·
494 992 593 1069 nco
614 991 703 1071 arco
719 994 886 1083 nauso,
903 992 1257 1081 transnatamus,
1278 992 1417 1071 vocaus
1434 991 1621 1099 panisus,
1638 991 1778 1099 inqun
1794 994 1924 1069 vesa-

491 1141 587 1215 tem;
603 1152 716 1232 quam
729 1126 940 1233 inquestam
956 1125 1217 1203 mandavimus
1229 1142 1436 1233 pergentes
1448 1140 1609 1211 nostras,
1622 1141 1715 1199 tunc
1728 1123 1924 1201 existentes

491 1256 671 1347 Parisius,
689 1256 828 1335 vocatis
844 1274 883 1334 et
902 1256 1042 1336 auditis
1060 1255 1246 1363 partibus,
1264 1254 1426 1362 judicari
1443 1286 1452 1331 ε
1467 1256 1616 1333 Vocatis
1632 1254 1747 1362 igitur
1763 1272 1802 1331 et
1821 1256 1925 1331 audi-

490 1386 539 1462 tis
557 1404 634 1464 tam
657 1387 759 1467 dicto
777 1387 915 1468 ballivo
933 1418 1049 1497 quam
1065 1387 1235 1497 partibus
1254 1386 1470 1477 antedictis,
1493 1405 1529 1465 et
1550 1387 1625 1465 visa
1645 1386 1849 1493 diligenter
1867 1387 1924 1463 in-

490 1538 623 1629 questa
645 1519 827 1627 predicta,
849 1550 918 1629 per
938 1549 1053 1630 quam
1068 1522 1173 1599 curie
1191 1536 1317 1599 nostre
1334 1518 1500 1597 constitit
1515 1518 1709 1629 evidenter
1724 1517 1773 1596 de
1787 1546 1924 1625 propo-

490 1653 570 1729 sitis
588 1680 656 1757 per
674 1652 920 1760 Radulphum
939 1652 1170 1760 predictum,
1186 1679 1255 1759 per
1273 1652 1375 1729 curie
1399 1667 1526 1729 nostre
1543 1648 1756 1758 judicium,
1780 1650 1922 1727 dictum

491 1782 563 1860 fuit
583 1801 621 1860 et
640 1784 931 1891 pronunciatum
951 1784 1165 1891 predictum
1184 1782 1388 1861 Henricum
1408 1783 1535 1859 minus
1553 1780 1785 1859 sufficienter
1804 1782 1926 1887 appel-

490 1915 601 2004 lasse,
615 1934 653 1993 et
662 1916 785 2023 quod,
799 1916 897 1993 dicta
906 1914 1164 2023 appellacione
1178 1944 1262 2003 sua,
1276 1932 1468 2023 tamquam
1481 1913 1627 2004 frivola,
1642 1940 1720 1991 non
1734 1913 1923 2001 obstante,

489 2050 703 2156 predictum
720 2048 932 2156 judicatum
948 2046 1189 2125 mandabitur
1209 2046 1444 2132 execucioni,
1465 2063 1505 2125 et
1523 2046 1628 2153 quod
1647 2044 1772 2123 dictus
1791 2046 1927 2121 Henri-

490 2208 555 2257 cus
574 2179 647 2257 hoc
667 2179 894 2259 emendabit.
916 2182 964 2258 Et
980 2178 1077 2287 ipse,
1096 2178 1144 2258 ad
1161 2177 1380 2257 mandatum
1401 2180 1522 2269 curie,
1544 2205 1658 2283 super
1676 2178 1749 2253 hoc
1766 2178 1927 2283 gagiavit

489 2315 702 2391 emendam.
1011 2289 1014 2294 ἱ
1237 2300 1241 2309 ’

545 2448 681 2525 Actum
701 2446 764 2523 die
784 2445 946 2537 sabbati,
964 2462 1051 2553 post
1070 2443 1207 2523 testum
1223 2444 1339 2523 sancti
1357 2443 1526 2534 Andree,
1544 2470 1642 2520 anno
1656 2442 1926 2519 trecentesimo

490 2580 656 2668 decimo,
678 2577 877 2656 interduo
897 2576 1140 2684 parlamenta.

545 2846 605 2922 IV.
635 2844 850 2922 ludicatum
870 2842 1010 2920 sactum
1030 2870 1100 2952 pro
1123 2840 1256 2920 Sibilia
1277 2840 1312 2919 la
1336 2843 1536 2931 Precarde,
1559 2841 1607 2919 de
1626 2842 1770 2930 Remis,
1793 2859 1926 2920 contm

489 2975 686 3083 magistros
705 2972 851 3051 Heliam
878 2975 924 3052 de
944 2974 1119 3052 Horliaco
1147 2990 1185 3052 et
1206 2973 1449 3080 Radulphum
1474 2971 1523 3051 de
1547 2973 1691 3062 Joiaco,
1714 2974 1928 3053 commissa-

489 3106 566 3183 rios
585 3138 606 3183 a
626 3105 783 3185 domino
798 3107 899 3214 Rege
915 3107 1114 3214 deputatos
1132 3107 1172 3183 in
1192 3106 1350 3215 negocio
1371 3105 1588 3223 debitorum
1604 3124 1643 3185 et
1661 3105 1926 3212 depositorum

488 3237 695 3318 Judeorum
712 3240 760 3317 de
773 3266 890 3346 regno
905 3238 1166 3345 expulsorum,
1181 3254 1238 3317 est
1250 3238 1290 3314 in
1301 3235 1428 3316 rotulo
1442 3238 1556 3344 hujus
1569 3236 1810 3344 parlamenti,
1829 3237 1927 3315 circa

486 3362 669 3450 medium.

541 3507 763 3584 Prooessum
775 3505 914 3583 tradidi
935 3508 985 3585 Μ.
1003 3507 1035 3582 J.
1058 3505 1106 3582 de
1121 3502 1308 3611 Dyvione,
1324 3502 1388 3579 die
1401 3502 1547 3591 martis,
1568 3502 1608 3577 in
1625 3501 1721 3579 sesto
1736 3502 1926 3581 Invencio

485 3638 542 3713 nis
563 3638 678 3714 saneti
703 3637 903 3743 Stephani,
927 3663 1026 3714 anno
1043 3636 1311 3715 trecentesimo
1332 3635 1549 3713 undecimo.

541 3770 671 3846 Postea
690 3768 859 3845 reddidit
875 3768 1010 3856 michi,
1034 3786 1071 3845 et
1091 3786 1149 3845 est
1168 3769 1207 3843 in
1228 3796 1333 3845 sacco
1351 3768 1464 3874 hujus
1481 3768 1716 3873 parlamenti.

541 4029 584 4105 V.
616 4030 815 4106 Processus
839 4027 938 4105 inter
965 4028 1131 4118 Annam,
1158 4028 1354 4107 dominam
1377 4028 1426 4105 de
1452 4030 1629 4117 Pictavia,
1655 4029 1827 4107 relictam
1856 4059 1922 4108 co-

459 4132 463 4141 ·
484 4160 587 4237 mitis
605 4159 875 4249 Ruthenensis‚
897 4176 1025 4237 contra
1038 4158 1267 4238 Ganfiidum
1284 4159 1331 4236 de
1351 4161 1468 4237 Ponte
1487 4161 1622 4269 atejus
1639 4190 1812 4251 uxorem,
1840 4188 1919 4239 non

483 4289 554 4367 suit
564 4291 880 4398 judicatus,·quia
892 4307 1016 4396 partes
1032 4316 1149 4397 super
1164 4291 1237 4367 hoc
1252 4288 1557 4395 pacificaverunt.

538 4556 598 4630 Vl.
628 4554 827 4633 Processus
849 4552 949 4631 inter
967 4553 1177 4631 lohannem
1197 4552 1371 4631 Perceval
1389 4571 1427 4631 et
1445 4552 1633 4631 decanum
1648 4572 1687 4633 et
1701 4554 1915 4661 capitulum

482 4685 712 4774 Meldenses‚
734 4713 812 4763 non
831 4682 904 4761 suit
912 4683 1126 4791 judicatus,
1146 4686 1235 4791 quia
1255 4702 1381 4792 partes
1398 4712 1512 4791 super
1528 4685 1600 4763 hoc
1614 4684 1913 4793 pacificaverunt.
