4450 6209
758 663 1027 773 nuoutrns
1053 685 1117 758 nr
1143 669 1353 762 aucuns.
1696 691 1769 763 ros

347 823 495 905 cionem
511 853 721 934 expressam
736 825 784 904 de
798 825 1019 936 hujusmodi
1032 828 1135 906 curie
1149 846 1277 908 nostra
1291 827 1532 936 processibus
1545 847 1584 908 et
1602 832 1768 921 arrestis,
1809 839 1940 897 Parum
1952 839 1997 902 lv.

345 957 418 1036 sibi
438 974 622 1065 reportet,
645 959 692 1036 ad
712 985 842 1036 earum
864 959 1120 1038 executionem
1149 989 1226 1038 non
1247 959 1446 1066 procedat,
1467 958 1535 1040 sed
1561 963 1772 1040 mensario-
1872 938 1935 980 '⁸¹¹'

344 1116 434 1166 nem
453 1117 560 1168 suurn
582 1118 696 1198 super
713 1090 787 1168 hcc
807 1090 911 1170 curie
930 1107 1057 1170 nostre
1077 1092 1268 1171 rescribat.

402 1221 564 1300 Sabbata
583 1237 670 1330 post
688 1221 837 1300 omnbus
856 1223 1007 1302 Pascha

399 1487 508 1567 LXV.
525 1485 633 1566 'Cum
658 1484 697 1562 in
718 1513 844 1576 canu,
868 1513 994 1565 coram
1014 1489 1208 1596 preposito
1228 1486 1429 1566 Purisiensi
1446 1488 1653 1595 pendente,
1673 1489 1773 1567 inter

344 1617 520 1696 abbatem
540 1633 578 1695 et
598 1635 823 1695 conventum
845 1617 1195 1727 Sancti-Dyonisii,
1219 1647 1263 1696 ex
1281 1647 1358 1697 una
1376 1634 1498 1726 parte,
1521 1636 1559 1697 et
1578 1620 1772 1698 dominam

345 1746 651 1839 Sancti-Andros,
679 1775 723 1825 ex
747 1747 880 1841 altera,
902 1776 1016 1854 super
1040 1749 1174 1826 saisina
1193 1749 1346 1857 justicie
1370 1749 1576 1828 voieiarum
1599 1751 1648 1827 de
1667 1751 1772 1859 Day-

343 1880 492 1988 gniaco‚
508 1877 710 1986 publicatis
727 1880 880 1957 testium
899 1879 1206 1985 depositionibus
1222 1897 1260 1958 et
1271 1879 1443 1986 pluribus
1459 1879 1674 1958 nacionibus
1687 1908 1772 1986 pan

344 2010 443 2088 cium
462 2010 563 2088 dicto
578 2010 771 2117 preposito
791 2012 831 2087 in
851 2011 998 2117 scriptis
1015 2011 1179 2102 traditis,
1199 2029 1238 2089 et
1255 2039 1370 2118 super
1388 2011 1470 2089 hiis·
1480 2011 1545 2089 die
1563 2039 1584 2088 a
1603 2011 1772 2119 partibus

344 2141 392 2218 ad
402 2138 637 2218 audiendum
642 2140 708 2250 jus
718 2139 784 2218 ubi
795 2142 1160 2248 caderetacceptatu,
1172 2141 1295 2220 dictus
1305 2143 1530 2250 prepositus,
1541 2170 1612 2248 pro
1620 2141 1772 2221 scienda

342 2271 491 2379 plenius
506 2270 661 2349 resitue
677 2272 895 2378 superbiis,
914 2272 1052 2352 vocatis
1067 2290 1105 2350 et
1117 2271 1356 2381 presentibus
1368 2272 1676 2379 procuratoribus
1693 2273 1772 2350 dic·

340 2421 465 2482 tarum
485 2403 672 2512 parcium,
694 2406 743 2481 ad
763 2403 889 2482 locum
909 2405 1124 2511 predictum
1144 2406 1428 2484 contensiosunr
1447 2404 1645 2494 accedens,
1669 2405 1773 2482 inre·

341 2534 476 2625 nisset,
497 2552 574 2612 tam
594 2562 665 2640 per
683 2535 956 2613 consessionem
978 2536 1233 2643 procuratoris
1253 2535 1352 2615 dicte
1371 2536 1545 2628 domine,
1567 2563 1681 2643 quam
1702 2563 1771 2642 per

341 2663 418 2744 fide
439 2666 640 2774 dignorum
661 2665 829 2772 plurium
851 2665 1151 2772 depositionem,
1168 2667 1273 2774 quod
1292 2667 1461 2774 predicta
1474 2665 1641 2774 justicia,
1662 2692 1771 2773 prop

340 2813 400 2874 ter
429 2796 615 2874 debatumss
635 2796 806 2904 parcium
834 2797 1113 2906 predictarum,
1143 2797 1292 2890 racione
1321 2799 1436 2905 prisie
1468 2796 1666 2905 cujusdam
1698 2797 1770 2874 ho-

340 2927 456 3006 minis
473 2929 592 3006 vocati
611 2926 820 3022 Harboille,
842 2927 962 3035 posita
991 2947 1069 3007 erat
1095 2930 1135 3007 iu
1157 2957 1273 3006 mauu
1294 2927 1439 3009 domini
1459 2929 1570 3038 Regis
1587 2945 1769 3036 tanquam

341 3058 564 3163 superioris,
593 3076 631 3135 et
653 3076 783 3165 postea
812 3059 926 3136 dictis
944 3060 1130 3167 partibus,
1147 3079 1246 3138 certa
1271 3062 1332 3137 die
1354 3059 1498 3138 eisdem
1517 3087 1641 3137 coram
1668 3058 1770 3138 dicto

340 3187 550 3295 preposito,
570 3188 609 3264 in
630 3217 737 3266 causa
756 3188 976 3298 hujusmodi
997 3190 1199 3298 assignata,
1219 3191 1545 3297 comparentibus,
1561 3189 1771 3297 requisivis-

341 3337 399 3397 set
420 3337 642 3427 procurator
669 3319 857 3398 dictorum
882 3320 1148 3428 religiosorum
1168 3321 1239 3398 sibi
1261 3322 1361 3398 tradi
1393 3320 1598 3428 inscriptis
1623 3317 1769 3398 confes·

341 3452 488 3528 sionem
512 3468 550 3529 et
573 3451 853 3559 deposiciouem
879 3451 1084 3558 predictas,
1102 3469 1345 3558 procuratore
1369 3452 1472 3530 dicte
1490 3451 1645 3530 domine
1668 3479 1710 3528 se
1728 3451 1769 3527 in

342 3582 569 3660 contrarium
583 3602 820 3690 opponente,
839 3601 892 3673 ct,
909 3611 1024 3690 super
1038 3583 1178 3662 debato
1193 3582 1432 3692 hujusmodi,
1451 3582 1551 3661 dicte
1569 3599 1692 3689 partes
1705 3580 1771 3689 jus

341 3714 411 3792 sibi
432 3714 515 3791 fieri
535 3716 754 3821 peciissent,
780 3715 902 3794 dictus
921 3716 1155 3822 prepositus,
1178 3698 1317 3793 auditis
1339 3743 1454 3822 super
1474 3715 1548 3792 hoc
1569 3713 1769 3790 hincinde

341 3845 560 3950 propositis,
575 3873 769 3952 persuum
780 3844 986 3952 judicium,
1003 3846 1266 3953 pronunciavit
1278 3846 1382 3954 quod
1394 3847 1474 3953 ipse
1485 3844 1670 3952 predictas
1685 3871 1770 3922 cou-

341 3975 544 4053 sessionem
568 3992 607 4053 et
630 3974 909 4082 deposicionem
928 3976 1097 4055 traderet
1119 3979 1163 4054 in·
1185 3977 1352 4085 scriptis,
1375 3977 1473 4055 sicut
1494 3976 1619 4054 fuerat
1643 3974 1689 4053 ab
1722 4002 1769 4052 eo

341 4105 584 4214 requisitum3
606 4133 627 4182 a
652 4135 729 4214 quo
744 4105 925 4214 judicato,
947 4123 1128 4213 tanquam
1147 4135 1261 4213 pravo
1281 4124 1320 4184 et
1343 4107 1455 4198 falso,
1476 4134 1562 4213 pars
1582 4105 1682 4183 dicte
1702 4106 1769 4182 do-

341 4238 444 4314 nrine
462 4236 678 4346 appellarita
694 4235 844 4315 Auditis
858 4237 983 4344 igitur,
1001 4234 1041 4314 in
1057 4265 1167 4316 causa
1178 4237 1278 4314 dicte
1292 4235 1573 4344 appellacionis,
1590 4233 1770 4341 predictis

340 4369 512 4477 partibus
531 4386 570 4447 et
593 4369 673 4448 viso
690 4397 869 4476 processu
892 4369 1079 4477 predicto,
1102 4397 1171 4476 per
1193 4369 1297 4446 curie
1318 4385 1446 4446 nostre
1461 4365 1668 4475 judiciam,
1691 4363 1771 4465 dio-

340 4516 424 4578 tum
442 4499 515 4578 fuit
534 4500 748 4608 predictum
764 4500 1121 4608 prepositumvbene
1136 4500 1326 4610 judicasse
1353 4515 1392 4577 et
1415 4498 1554 4577 dictam
1575 4495 1769 4574 dominam

339 4631 440 4710 made
459 4633 681 4740 appellasse,
701 4648 740 4710 et
758 4633 863 4740 quod
883 4633 964 4740 ipsu
982 4632 1055 4711 hoc
1075 4631 1305 4712 emendabit.

397 4762 526 4840 Martis
545 4762 822 4870 postJubiiate.

398 5027 523 5106 val.
554 5027 651 5106 Cum
664 5027 763 5106 inter
776 5029 944 5118 Petram,
958 5025 1081 5105 filium
1093 5025 1544 5114 &taeniseooarionex
1558 5036 1764 5128 arrepens,
