4450 6209
524 746 599 821 stt
1106 748 1197 819 LES
1227 746 1367 819 onita.

298 900 427 957 aarum
441 901 485 965 IV.
523 890 692 997 eoquod
708 891 798 969 dicti
814 906 976 967 textores
992 887 1303 995 dicebantquod,
1322 916 1395 965 una
1413 914 1498 965 cum
1518 884 1676 963 artificio
1693 901 1858 974 texture,
1877 888 1940 994 ipsi

358 996 420 1039 1809.

521 1040 695 1129 poterant
714 1022 964 1101 ministerium
983 1020 1142 1099 fullonis
1163 1038 1200 1101 et
1218 1022 1382 1099 tincturc
1401 1048 1592 1109 exercere,
1610 1018 1719 1095 dictis
1738 1016 1939 1101 fullonibus

521 1172 559 1230 et
583 1155 811 1234 tinctumriis
835 1155 875 1233 in
904 1154 1134 1233 contrarium
1160 1153 1398 1233 dicentibus:
1425 1152 1613 1240 Tandem,
1639 1152 1813 1257 inquesta
1835 1178 1939 1258 super

520 1286 593 1363 hoc
617 1288 663 1364 de
685 1288 862 1365 mandato
884 1300 1013 1367 nostro
1038 1285 1131 1366 facta
1152 1288 1286 1368 visset
1303 1285 1507 1393 diligenter
1530 1283 1752 1373 examinata,
1775 1284 1938 1361 conside·

517 1420 606 1495 ratis
630 1419 748 1499 eciam
768 1419 849 1497 aliis
868 1448 945 1525 que
963 1446 1076 1523 super
1096 1419 1168 1497 hoc
1186 1419 1329 1495 curiam
1351 1434 1516 1497 nostram
1540 1442 1691 1493 movere
1713 1430 1886 1522 poterant
1904 1435 1935 1493 at

517 1549 726 1639 dehebant,
746 1551 948 1659 habitaque
973 1550 1255 1629 deliberacione
1279 1578 1391 1655 snper
1414 1550 1488 1627 hoc
1514 1577 1600 1627 cum
1621 1544 1795 1653 pluribus
1814 1575 1935 1653 exper-

515 1682 1044 1788 tisinartificiissupradictis,
1057 1677 1933 1789 percurienostrejudicinm,dictumsuitqnod

515 1812 606 1887 dicti
629 1830 794 1891 textores
818 1812 1032 1919 predictum
1053 1812 1306 1893 ministerium
1332 1810 1492 1889 fullonio
1515 1827 1552 1887 et
1576 1811 1738 1887 tincture
1762 1839 1837 1889 uns
1855 1841 1933 1889 cum

515 1944 639 2021 officio
664 1961 828 2033 textura,
852 1962 889 2022 ct
904 1944 1080 2021 similiter
1100 1945 1191 2023 dieti
1211 1943 1375 2023 fullones
1396 1960 1432 2021 et
1451 1942 1676 2033 tincturarii,
1699 1970 1786 2019 cum
1809 1970 1932 2021 eamn

514 2077 743 2168 ministerio,
761 2076 926 2154 officium
942 2094 1087 2155 termae
1108 2106 1188 2155 non
1208 2092 1386 2183 poterunt
1406 2104 1594 2167 exercere,
1614 2073 1680 2154 sed
1701 2074 1854 2180 utrique
1874 2102 1932 2152 eo·

514 2236 597 2283 rum
617 2236 687 2285 suo
708 2208 915 2285 ministerio
936 2209 1011 2284 sint
1026 2209 1204 2285 contenti.

569 2336 732 2415 Sabbata
752 2354 839 2444 post
857 2339 1272 2446 Sanctum-Georgium.

568 2468 674 2547 Greci
695 2470 908 2575 reportavit.
997 2518 1001 2527 ι

565 2738 609 2813 11.
641 2737 739 2815 Cum
757 2736 919 2816 Jacohus
942 2736 990 2815 da
1009 2736 1192 2815 Placentia
1215 2737 1253 2813 in
1273 2754 1397 2815 nostra
1417 2738 1522 2815 curia
1542 2736 1799 2843 proposuisset
1815 2738 1928 2841 quod,

511 2867 695 2972 cumipse
714 2884 812 2947 esset
831 2884 869 2945 et
889 2866 961 2945 diu·
973 2866 1105 2946 fuisset
1126 2896 1296 2973 campsor
1315 2885 1352 2945 ct
1372 2886 1557 2947 mercator
1576 2869 1615 2945 in
1630 2867 1811 2945 nundinis
1828 2866 1931 2945 Cam-

510 2998 637 3103 pania,
655 3014 692 3074 et
707 2996 823 3074 dictas
838 2996 1029 3074 nundinas
1042 3000 1220 3075 continue
1239 2997 1511 3105 frequentaret,
1533 2998 1680 3077 solvens
1700 3024 1833 3074 omncs
1851 2999 1931 3075 red·

511 3127 615 3205 ditus
638 3146 675 3205 ct
703 3127 947 3205 redebencias
966 3158 1059 3235 quas
1082 3148 1358 3210 consueverunt
1381 3130 1523 3209 solvere
1550 3156 1760 3234 campsores
1781 3145 1819 3205 et
1839 3157 1930 3207 men

509 3276 653 3338 catores
681 3260 798 3337 dictas
827 3260 1020 3337 nundinas
1044 3258 1344 3368 frequentantes,
1371 3262 1499 3367 plures
1529 3262 1576 3337 de
1606 3258 1748 3336 familia
1770 3260 1928 3367 magistri

508 3390 706 3472 Guittetmi
731 3391 779 3468 da
807 3392 1096 3480 Mane-Mauri,
1125 3392 1250 3469 clerici
1274 3395 1408 3481 nostri,
1430 3394 1577 3471 racione
1598 3392 1688 3469 certi
1709 3390 1840 3481 officii,
1862 3392 1926 3470 sibi

508 3552 532 3599 a·
549 3523 660 3601 nobis
681 3550 750 3629 per
764 3522 906 3603 litteras
923 3540 1068 3603 nostras
1088 3524 1298 3613 commissi,
1319 3554 1406 3604 cum
1423 3524 1566 3604 balistis
1587 3542 1624 3601 et
1644 3522 1798 3599 diversis
1825 3550 1927 3630 gene·

507 3654 614 3733 ribus
633 3683 826 3733 armorum
842 3655 985 3733 dictum
1000 3656 1199 3743 Jacobum,
1216 3656 1429 3735 venientem
1447 3657 1546 3762 apud
1561 3658 1712 3747 Traces,
1730 3684 1848 3761 prope
1864 3655 1926 3731 dic-

507 3803 583 3861 tam
600 3784 745 3874 villam,
758 3786 972 3865 invaserunt
988 3803 1027 3860 et
1040 3804 1395 3893 ceperunt‚.equum
1412 3818 1524 3867 suum
1537 3787 1661 3865 eidem
1678 3785 1922 3873 abstulerunt,

508 3933 546 3993 et
565 3945 679 4023 super
697 3918 900 4024 quemdam
914 3918 1135 4007 roncinum,
1150 3920 1307 4025 ligatum
1327 3921 1504 4001 inanibus
1522 3918 1748 4025 etpedibus,
1766 3946 1854 3995 eum
1867 3946 1925 4023 po·-

506 4064 680 4135 suerunt,
704 4065 741 4124 et
757 4046 810 4124 sic
829 4064 979 4154 captum
994 4051 1151 4154 pervias
1172 4066 1209 4125 et
1230 4050 1335 4127 devia
1355 4051 1550 4143 ducentes,
1572 4080 1639 4155 per
1654 4066 1797 4155 septem
1819 4048 1923 4154 septi-

504 4208 633 4255 manas
647 4180 705 4256 vel
727 4180 873 4257 circiter
890 4180 929 4256 in
952 4180 1105 4259 diversis
1123 4181 1354 4287 prisionibus
1374 4164 1461 4259 cnm
1478 4182 1738 4272 detinuerunt,
1758 4180 1809 4258 ita
1827 4180 1921 4289 quod

504 4312 711 4389 nesciretur
730 4312 797 4388 ubi
818 4312 898 4417 ipse
920 4331 1033 4402 essct,
1050 4314 1308 4419 requirentem
1328 4331 1453 4391 tamen
1473 4314 1576 4420 quod
1597 4314 1636 4387 in
1653 4313 1776 4419 aliqua
1791 4313 1839 4389 de
1858 4312 1924 4417 pri-

504 4444 675 4522 sionibus
689 4443 828 4521 nostris
843 4445 1057 4533 duceretur,
1074 4462 1111 4521 et
1127 4445 1232 4551 quod
1250 4446 1372 4523 dictus
1385 4446 1561 4552 magister
1577 4444 1820 4531 Guiltelmus,
1833 4470 1922 4519 anno

495 4574 656 4654 Domini
676 4576 880 4656 millesimo
901 4576 1166 4655 trecentesimo
1185 4577 1337 4682 quinto,
1359 4579 1442 4655 vina
1463 4606 1537 4683 que
1550 4576 1714 4655 habebat
1735 4575 1855 4652 dictus
1872 4574 1922 4648 Ja-

502 4706 620 4783 cobus
644 4708 747 4813 apud
767 4707 1214 4818 Barramsuperdlbam,
1237 4709 1425 4815 usquead
1446 4708 1608 4785 valorem
1627 4708 1745 4785 trium
1766 4704 1920 4785 millium

501 4835 684 4912 librarum
703 4839 936 4917 Turonensis
956 4856 1108 4916 monete
1134 4856 1224 4915 tunc
1251 4839 1455 4929 currentis,
1482 4840 1620 4947 injuste
1646 4856 1682 4915 et
1712 4837 1793 4914 sine
1820 4862 1918 4912 causa
2043 4850 2046 4855 '

500 4967 735 5057 racionabili,
751 4972 936 5051 tarnunos
949 4971 1308 5055 sueummissionis
1328 4972 1561 5061 excedendo,
1577 4971 1675 5076 cepit
1693 4998 1761 5047 seu
1780 4968 1859 5074 capi
1874 4963 1918 5040 fe·

454 5088 458 5095 ’
501 5098 569 5188 cit,
597 5098 767 5177 vendidit
794 5118 831 5179 et
857 5102 1045 5188 distraxit:¹
1074 5120 1227 5208 proptor
1245 5132 1320 5209 que
1345 5102 1524 5209 premissa
1550 5099 1699 5177 dicebat
1720 5099 1842 5175 dictus
1864 5098 1916 5172 Ja-
