4450 6209
531 729 579 805 [18
703 773 709 785 =
1117 733 1207 805 LES
1238 729 1376 805 OLIM.

302 882 432 937 amum
444 883 489 945 tv,
527 892 590 951 tus
604 904 697 952 vero
708 875 915 955 Gasbertus
933 904 954 951 a
972 875 1073 951 dicta
1087 872 1276 953 sentencia
1297 872 1346 951 ad
1364 888 1527 949 neuram
1550 870 1691 949 curiam
1710 872 1955 953 Parisiensem

363 974 427 1017 13⁰0.

529 1005 773 1112 appellasset,
789 1034 938 1085 necnon
956 1022 1176 1112 procurator
1190 1022 1319 1083 noster
1333 1018 1374 1083 et
1388 1003 1510 1081 dictus
1521 1002 1750 1082 Guillelmus
1768 1032 1788 1081 a
1807 1006 1957 1083 modica

528 1164 678 1213 summa
688 1138 729 1213 in
741 1138 1090 1244 condempnatione
1103 1136 1273 1245 predicta
1292 1151 1483 1225 contenta,
1499 1132 1673 1211 similiter
1689 1132 1955 1241 appellassent3

529 1267 696 1375 dictique
716 1268 949 1375 appellantes
966 1268 1096 1375 plures
1123 1294 1250 1345 causas
1276 1283 1314 1345 et
1333 1266 1501 1345 raciones
1519 1266 1803 1372 proposuissent
1831 1268 1869 1343 in
1892 1298 1957 1345 cu-

456 1372 466 1399 ’
527 1398 582 1477 ria
597 1417 725 1478 nostra
737 1399 934 1477 Parisiensi
950 1398 1162 1490 hincinde,
1180 1415 1335 1505 propter
1349 1426 1441 1503 quas
1456 1396 1594 1475 dictam
1610 1388 1839 1475 sentenciam
1860 1428 1956 1477 asse-

526 1528 662 1607 rebant
676 1530 820 1608 nullam
845 1558 925 1608 esse
942 1530 1002 1607 rel
1020 1530 1214 1639 injustam3
1237 1558 1351 1637 super
1364 1526 1504 1635 quibus
1521 1528 1780 1609 mandavimus
1799 1529 1954 1636 inquiri,

526 1662 665 1739 vocatis
678 1663 868 1767 partibus,
885 1662 1080 1742 veritatem
1099 1693 1109 1737 ε
1131 1660 1319 1748 Tandem,
1340 1659 1426 1739 visis
1445 1658 1643 1766 inquestis,
1663 1677 1740 1737 tam
1760 1688 1876 1767 super
1893 1662 1956 1740 de

528 1794 777 1871 nunciacione
795 1793 964 1900 predicta
979 1821 1093 1900 mam
1108 1820 1222 1899 super
1237 1791 1357 1869 causis
1373 1790 1558 1869 dictarum
1575 1790 1875 1898 appellaeionum
1891 1792 1956 1870 lae-

528 1926 592 2017 tis,
621 1942 660 2001 et
686 1924 888 2035 diligenter
914 1925 1146 2036 examinatis,
1174 1921 1466 2031 pronunciatum
1493 1922 1583 2011 suit,
1611 1952 1679 2030 per
1700 1924 1803 2003 curie
1831 1944 1955 2004 nostre

524 2056 732 2165 judicium,
757 2056 859 2135 bene
884 2056 1001 2134 luisse
1026 2084 1093 2161 per
1119 2056 1264 2133 dictum
1286 2052 1532 2132 senescallum
1554 2054 1782 2161 judicatum,
1807 2074 1843 2133 et
1862 2058 1954 2135 male

529 2187 759 2294 appellatum
780 2205 964 2296 quantum
990 2188 1037 2267 ad
1056 2216 1223 2265 summas
1244 2187 1282 2263 in
1304 2185 1472 2292 predicta
1494 2186 1841 2293 condempnacione
1869 2218 1955 2267 eon-

530 2337 651 2397 tentas
670 2338 708 2397 et
724 2321 876 2429 gagium
888 2318 1006 2428 bajuli
1023 2319 1246 2426 supradicti,
1262 2337 1299 2396 et
1312 2318 1418 2426 quod
1432 2318 1554 2397 dictus
1569 2318 1773 2398 Gasbertus
1792 2318 1954 2427 compel-

529 2449 629 2528 letur
647 2452 695 2528 ad
717 2451 939 2532 solvendum
960 2451 1076 2529 dictas
1094 2480 1262 2529 summas
1282 2480 1368 2527 cum
1390 2450 1498 2560 gagio
1518 2450 1635 2560 bajuli
1656 2453 1871 2559 supradicti.

587 2584 685 2661 lovis
699 2602 785 2692 post
798 2584 1119 2664 Circoncisionem
1134 2583 1301 2663 Domini.
1432 2662 1436 2671 ,

587 2851 663 2925 Xll.
694 2850 791 2927 Cum
813 2851 1013 2928 domicella
1033 2850 1113 2927 llda
1133 2850 1181 2928 de
1200 2848 1339 2926 Kesnel
1355 2876 1481 2927 coram
1499 2849 1608 2927 nobis
1627 2866 1773 2955 peteret
1792 2851 1953 2927 amoveri

531 2980 724 3088 quoddam
751 2982 1071 3088 impedimentum
1098 2982 1170 3059 sibi
1197 2979 1428 3087 appositum,
1454 2997 1497 3058 ut
1525 2979 1687 3069 dicebat,
1709 3000 1877 3088 exparte
1897 2984 1954 3059 ln-

529 3114 721 3219 gesranni,
744 3114 834 3190 dicti
854 3112 1051 3204 Germani,
1072 3112 1248 3190 videlicet
1267 3140 1315 3188 nc
1334 3112 1434 3190 dicta
1450 3112 1648 3190 domicella
1667 3130 1796 3189 contra
1816 3114 1953 3191 dictum

424 3345 431 3356 ·
530 3247 774 3352 lngerranum
790 3246 983 3354 jussuum
1002 3263 1130 3351 posset
1143 3244 1319 3351 prosequi
1338 3272 1463 3321 coram
1483 3245 1656 3321 Johaune
1673 3244 1720 3322 de
1737 3236 1951 3334 Villaribus,

484 3359 488 3369 ¹
530 3378 733 3486 armigero,
755 3406 869 3484 super
882 3377 1111 3485 quibusdam
1125 3378 1238 3455 rebus
1254 3406 1329 3483 que
1350 3376 1397 3455 ab
1417 3375 1552 3454 eodem
1568 3378 1736 3454 lohanne
1755 3394 1951 3455 tenentur:
1996 3418 1999 3423 ·

530 3509 719 3600 Tandem,
735 3509 812 3586 visa
828 3510 1000 3616 inquesta
1015 3538 1128 3616 super
1144 3510 1216 3587 hoc
1231 3508 1339 3597 lacta,
1356 3516 1394 3586 e't
1408 3508 1574 3585 articulis
1589 3508 1772 3619 dictatum
1789 3508 1953 3614 parcium

530 3640 569 3715 in
589 3668 633 3715 ea
652 3640 840 3715 contentis
860 3656 897 3715 et
917 3639 1230 3744 responsionibus
1250 3638 1298 3713 ad
1319 3638 1489 3727 eosdem,
1507 3666 1577 3744 per
1591 3640 1693 3715 curie
1710 3656 1839 3715 nostre
1857 3638 1953 3749 judi-

531 3772 632 3845 cium
654 3772 795 3845 dictum
815 3769 887 3846 luit
907 3770 1226 3875 impedimentum
1246 3768 1460 3875 predictum
1477 3772 1639 3848 amoveri
1659 3770 1811 3861 debere,
1830 3788 1868 3848 et
1883 3772 1954 3847 dic-

530 3917 607 3975 tam
622 3898 863 3977 domicellam
878 3903 1069 4008 jussuum
1087 3928 1197 4005 posse
1216 3901 1392 4008 prosequi
1409 3918 1537 3978 contra
1556 3902 1698 3978 dictum
1714 3903 1951 4010 lngerranum

532 4059 646 4136 super
666 4031 777 4112 dictis
796 4032 911 4109 rebus
930 4034 971 4108 in
992 4032 1094 4108 curia
1108 4013 1288 4138 ⁸armigeri
1318 4032 1534 4138 supradicti.

588 4164 690 4240 lovis
710 4181 792 4271 post
811 4164 1144 4241 Circoncisionem.

563 4485 565 4493 ,
585 4429 678 4508 Xlll.
709 4429 806 4507 Cum
816 4428 1054 4506 demandato
1067 4444 1198 4505 nostro
1214 4428 1347 4507 fuisset
1357 4430 1582 4535 inquisitum
1597 4458 1710 4536 super
1722 4431 1950 4535 possessione

530 4559 603 4635 alte
625 4576 663 4635 et
685 4558 792 4639 basse
817 4560 967 4668 justicie
992 4559 1080 4637 ville
1106 4561 1154 4637 de
1184 4559 1366 4668 Mayrolcs
1390 4561 1594 4651 internos,
1617 4589 1660 4637 ex
1679 4590 1755 4637 una
1774 4580 1896 4667 parte,
1918 4575 1953 4635 et

530 4689 695 4793 priorem
717 4690 815 4767 dicte
834 4690 940 4781 ville,
962 4720 1006 4767 ex
1025 4691 1158 4780 altera,
1180 4692 1219 4768 in
1240 4720 1314 4799 qua
1333 4694 1583 4799 possessione,
1606 4710 1649 4769 ut
1668 4692 1814 4769 dicebat
1836 4693 1974 4771 dictus¹
2045 4723 2049 4730 ·

530 4820 644 4924 prior,
667 4820 746 4926 ipse
767 4837 845 4896 erat
865 4813 902 4897 et
921 4822 1004 4928 ejus
1021 4823 1307 4929 predecessores
1331 4822 1478 4901 fuerant
1501 4841 1674 4930 tempore
1700 4854 1778 4930 quo
1800 4826 1949 4903 dos·seu

531 4948 752 5054 dotalicium
772 4949 865 5026 olim
884 4952 962 5028 avie
983 4970 1109 5030 nostre
1128 4954 1317 5031 carissime
1332 4955 1545 5063 Margarita,
1563 4958 1791 5033 Francorum
1807 4956 1947 5063 regine,

431 5125 433 5128 ·
532 5079 653 5159 extitit
671 5080 915 5189 assignatum,
937 5084 1113 5191 gentibus
1133 5086 1271 5162 nostris
1290 5086 1329 5163 in
1350 5087 1578 5163 contrarium
1605 5080 1856 5166 asserentibus
1884 5110 1948 5193 pro
