4450 6209
756 734 1040 844 ,nuoutrns
1066 754 1130 825 nr
1157 735 1362 827 raoots.
1705 759 1775 830 251

353 921 539 971 rescussas
557 893 768 983 indebitas,
781 893 829 971 de
849 895 1027 1002 predictis
1046 895 1152 972 mille
1172 895 1278 974 libris
1294 895 1374 1003 jam
1394 894 1527 974 solutis
1547 913 1585 972 et
1603 899 1780 976 rescusais
1819 906 1949 964 Pfluuu
1961 908 2003 971 tv,

352 1024 567 1114 antedictis,
588 1024 710 1103 dictus
725 1026 916 1115 Huardus,
934 1053 1003 1133 per
1013 1028 1118 1104 curie
1131 1045 1257 1105 nostre
1268 1027 1476 1136 judicium,
1490 1025 1562 1105 fuit
1574 1029 1780 1107 sentencia·
1881 1000 1943 1042 Μ’

350 1154 436 1232 liter
451 1154 667 1247 absolutus3
689 1157 737 1233 de
755 1156 868 1236 bonis
882 1187 970 1236 vero
984 1157 1164 1264 predictis
1182 1186 1249 1266 per
1266 1160 1409 1236 dictum
1428 1160 1642 1248 Huamlum,
1661 1177 1705 1238 ut
1722 1159 1779 1237 di-

347 1287 455 1376 citur,
477 1287 672 1379 recelatis,
696 1306 734 1364 et
751 1288 799 1365 de
820 1288 994 1396 dampnis
1012 1318 1087 1396 que
1109 1290 1199 1367 dicti
1221 1291 1381 1368 heredes
1399 1307 1572 1368 asserunt
1589 1319 1628 1368 se
1651 1307 1689 1368 et
1707 1319 1776 1368 nos

346 1419 583 1506 sustinuisse,
609 1419 759 1497 racione
784 1419 1059 1498 combustionis
1083 1420 1203 1529 papiri
1228 1421 1405 1528 predicti,
1427 1437 1582 1527 propter
1606 1420 1775 1499 defectus

345 1567 521 1656 repertos·
534 1551 578 1626 in·
593 1551 761 1656 predicta
783 1550 971 1659 inquesta,
991 1551 1172 1632 faciemus
1189 1553 1324 1631 iterato
1344 1551 1538 1632 veritatem
1559 1553 1711 1658 inquiri.

400 1683 532 1758 Martis
548 1682 727 1789 predicta.

397 1813 573 1890 Bocellus
591 1813 803 1919 reportavit.

354 2102 360 2112 ’
394 2074 552 2157 XXXVI.
583 2075 685 2153 Mota
705 2079 957 2154 controversia
974 2078 1074 2155 inter
1093 2079 1247 2154 Petrum
1267 2077 1315 2155 de
1334 2079 1505 2168 foresta,
1529 2079 1767 2165 semiferum,

339 2235 382 2284 ex
405 2223 510 2313 parte
534 2232 629 2294 una,
654 2223 691 2283 et
710 2207 947 2285 Bernardum
963 2207 1017 2285 'de
1031 2207 1067 2284 la
1087 2207 1264 2297 Cuielba,
1286 2209 1464 2299 militem,
1487 2227 1526 2290 et
1542 2212 1765 2300 Ysabellim,

336 2338 504 2414 relictam
518 2336 686 2449 defuncti
701 2335 899 2416 bertrandi
916 2339 964 2416 de
980 2339 1016 2415 la
1030 2339 1208 2432 Cuielhe‚
1226 2340 1372 2430 militis,
1392 2342 1546 2418 nomine
1562 2371 1632 2420 auo
1645 2361 1685 2421 et
1699 2372 1768 2422 no-

336 2469 438 2546 mine
452 2469 597 2546 tutorio
611 2485 651 2546 et
670 2471 859 2547 curatorio
880 2469 1088 2547 liberorum
1103 2498 1260 2548 suorum
1274 2499 1318 2548 ex
1337 2471 1436 2549 dicto
1452 2471 1663 2552 Bertrando
1683 2503 1765 2552 sus-

336 2617 550 2707 ceptorum,
568 2629 612 2679 ex
627 2602 759 2692 altera,
779 2629 893 2708 super
907 2603 1072 2709 eoquod
1088 2602 1212 2680 dictus
1224 2605 1356 2680 Petrus
1371 2603 1523 2709 petebat
1532 2605 1605 2682 sibi
1617 2605 1714 2682 tradi
1727 2623 1765 2684 et

335 2731 536 2810 deliberari
553 2734 727 2811 saisinam
747 2763 816 2810 seu
835 2734 1110 2841 possessionem
1124 2733 1356 2842 medietatis,
1373 2761 1441 2840 pro
1460 2733 1636 2825 indiviso,
1654 2738 1763 2813 castri

333 2862 381 2939 de
393 2863 576 2952 Bnilbon,
588 2880 627 2941 et
642 2865 716 2942 alte
731 2895 772 2942 ac
784 2865 891 2942 basse
902 2865 1054 2972 justicie
1067 2882 1105 2941 et
1119 2863 1439 2971 pertinenciarum
1452 2863 1625 2971 ejusdem
1636 2867 1760 2954 castri,

332 3021 417 3070 cum
434 2993 621 3072 fmctibus
635 3013 673 3072 et
689 2994 922 3102 profectibus
938 2995 1004 3101 qui
1022 3022 1065 3072 ex
1079 2995 1259 3101 predictis
1273 2996 1439 3102 percepti
1455 2993 1612 3072 fuerunt
1626 3013 1664 3072 et
1678 3023 1763 3102 per·

331 3124 402 3232 cipi
415 3143 637 3232 potuerunt,
654 3152 727 3233 que
737 3126 889 3233 petebat
904 3125 975 3248 p‘bi
987 3124 1069 3202 fieri
1083 3125 1206 3203 dictus
1220 3127 1368 3214 Petrus,
1385 3153 1429 3202 ex
1442 3153 1552 3202 causa
1563 3143 1601 3202 et
1610 3125 1759 3204 racione

330 3257 527 3363 cujusdam
547 3257 809 3335 convencionis
829 3285 999 3364 expresse
1019 3256 1113 3333 facte
1131 3273 1169 3333 et
1184 3256 1329 3345 habite,
1351 3273 1397 3333 ut
1414 3256 1494 3362 ipse
1516 3255 1681 3344 dicebat,
1703 3259 1759 3332 in-

329 3402 386 3463 ter
403 3406 529 3495 partes
548 3390 750 3496 predictas,
769 3407 807 3466 et
825 3388 958 3465 vallate
979 3388 1166 3465 dictarum
1185 3388 1354 3494 parcium
1369 3387 1587 3494 juramento
1608 3386 1648 3462 in
1664 3413 1759 3492 quo·

330 3517 415 3594 dam
435 3520 708 3626 compromisso
728 3520 860 3596 habito
879 3519 980 3594 inter
997 3517 1144 3596 dictum
1165 3519 1318 3595 Petrum
1339 3534 1378 3594 et
1395 3515 1438 3594 B.
1460 3516 1675 3623 predictum
1694 3546 1757 3594 co-

327 3675 407 3726 ram
431 3648 568 3728 ballivo
592 3651 792 3744 Arvernie,
818 3649 998 3758 predictis
1016 3649 1209 3728 Bernardo
1235 3664 1272 3725 et
1295 3646 1477 3737 Ysabelli,
1502 3647 1657 3725 nomine
1678 3675 1755 3760 quo

326 3808 455 3886 supra,
474 3782 818 3860 contradicentibus
838 3798 876 3858 et
895 3780 1148 3858 asserentibus
1165 3779 1282 3887 petita
1300 3778 1383 3856 fieri
1410 3805 1489 3857 non
1509 3777 1665 3868 debere,
1687 3777 1754 3854 sed

247 4005 252 4014 ,
325 3912 456 4016 pocius
474 3913 576 4020 ipsos
597 3914 637 3990 in
657 3913 790 3992 saisina
812 3913 997 3990 dictarum
1021 3937 1150 3989 rarum
1172 3911 1375 4017 petitarum
1393 3935 1588 3987 remanere
1606 3924 1646 3985 et
1665 3935 1754 3986 con·

324 4045 459 4120 servari
477 4045 631 4133 debere,
649 4073 694 4122 ex
709 4046 958 4142 convencione
972 4071 1086 4152 super
1101 4045 1174 4119 boc
1192 4069 1363 4149 expresse
1380 4039 1508 4120 habita
1522 4041 1622 4118 inter
1637 4039 1752 4118 dictas

267 4196 272 4204 '
322 4193 447 4279 partes
472 4194 509 4253 et
528 4177 745 4285 juramento
773 4205 898 4252 earum
924 4174 1057 4254 vallata
1081 4174 1121 4249 in
1147 4171 1417 4280 compromisso
1437 4171 1607 4278 predicto
1631 4161 1750 4248 z'Visa
1780 4241 1783 4246 A

323 4305 438 4414 igitur
459 4307 629 4414 inquesta
654 4333 769 4414 super
784 4308 859 4384 hoc
874 4307 922 4382 de
938 4303 1119 4381 mandato
1138 4321 1266 4381 nostro
1283 4303 1379 4382 facta
1398 4319 1438 4397 et
1451 4299 1651 4409 diligenter
1665 4327 1750 4376 era·
1871 4315 1875 4322 '

320 4437 477 4525 minata,
489 4451 557 4544 per
567 4438 670 4514 curie
681 4451 809 4514 nostre
820 4434 1028 4543 judicium,
1046 4433 1190 4510 dictum
1201 4431 1272 4509 fuit
1287 4450 1325 4510 et
1339 4431 1631 4539 pronunciatum
1646 4432 1750 4536 quod

322 4566 420 4644 dicta
440 4568 572 4645 saisina
591 4567 806 4645 medietatis
825 4593 894 4673 pro
912 4564 1074 4641 indiviso
1094 4562 1202 4640 castri
1224 4581 1261 4640 et
1274 4560 1695 4671 justiciepredictorum
1712 4579 1750 4639 et

320 4699 640 4804 pertinenciarum
661 4727 794 4776 eorum
814 4696 986 4773 tradetur
1006 4712 1043 4772 et
1063 4693 1338 4774 deliberabitur
1358 4694 1460 4772 dicto
1474 4693 1602 4780 Petro,
1622 4711 1660 4770 et
1675 4692 1746 4768 sibi

319 4829 532 4907 reddentur
548 4829 710 4918 fructus,
733 4845 937 4935 proventus
957 4845 995 4905 et
1017 4826 1137 4904 exitus
1157 4827 1221 4932 qui
1243 4825 1377 4904 exinde
1400 4823 1566 4932 percepti
1593 4821 1748 4900 fuerunt

321 4979 358 5037 et
372 4962 515 5069 percipi
528 4974 736 5070 potuerunt
750 4989 771 5036 a
784 4977 957 5067 tempore
972 4985 1065 5066 quo,
1077 4955 1189 5035 finito
1203 4955 1305 5042 dicto
1319 4954 1605 5064 compromisso,
1623 4954 1745 5032 dictus

319 5092 451 5172 Petrus
469 5095 596 5200 primo
613 5091 806 5199 requisivit
824 5093 968 5168 dictum
986 5106 1159 5167 nostrum
1176 5089 1356 5166 ballivum
1376 5105 1420 5166 ut
1439 5087 1511 5166 sibi
1527 5084 1693 5163 traderet
1708 5103 1745 5162 st

1545 5245 1593 5304 32.
