4450 6209
506 688 580 761 328
1091 690 1181 763 tus
1212 687 1349 763 OLlM.

283 842 411 897 Paruum
422 839 467 905 tv,
504 828 724 934 Aymericus
738 845 777 907 et
795 829 877 936 ejus
891 828 1175 935 predecessores
1190 830 1237 907 ab
1256 829 1413 937 antiquio
1428 845 1702 909 consueverunt
1715 829 1925 935 percipere,

343 934 404 975 Μ’
505 960 777 1037 uteneuciariis
794 960 981 1038 dictorum
996 989 1231 1048 mansorum,
1248 976 1370 1041 certos
1381 960 1554 1039 redditus
1573 975 1613 1037 et
1628 958 1765 1047 tallias,
1780 988 1849 1066 pro
1861 990 1927 1039 vo-

503 1090 655 1169 luntate.
667 1091 785 1198 ipsius
798 1090 1002 1198 hymerici,
1023 1119 1172 1171 necnon
1192 1092 1358 1183 servicia,
1374 1089 1522 1197 expleta
1542 1107 1579 1168 et
1594 1089 1667 1167 alia
1682 1089 1830 1169 deveria
1844 1121 1927 1171 con

504 1237 628 1313 sueta,
642 1240 683 1299 et
694 1223 801 1329 quod
814 1223 910 1327 ipse,
928 1222 967 1299 in
981 1221 1092 1302 dictis
1103 1222 1243 1301 mansis
1258 1240 1296 1301 et
1306 1222 1548 1329 pertinenciis
1563 1220 1804 1310 eorumdem,
1818 1240 1873 1301 est
1887 1224 1924 1301 in

503 1353 638 1431 saisina
658 1353 854 1433 exercendi
877 1352 979 1431 solus
999 1369 1038 1431 et
1051 1352 1279 1443 insolidum,
1301 1352 1349 1431 ab
1370 1352 1527 1459 antiquo
1543 1368 1582 1431 et
1597 1380 1618 1427 a
1636 1367 1740 1429 tanto
1754 1371 1922 1460 tempore

504 1481 610 1590 cujus
629 1484 807 1563 contrarii
826 1483 1011 1561 memoria
1027 1484 1228 1562 hominum
1249 1512 1327 1563 non
1341 1483 1481 1575 existit,
1503 1482 1615 1561 altam
1635 1499 1675 1559 et
1686 1481 1833 1561 bassam
1847 1486 1924 1592 jus·

502 1613 628 1690 ticiam
649 1631 688 1693 et
703 1614 964 1692 omnimodam
973 1614 1277 1719 jurisdictionem
1297 1614 1336 1691 in
1354 1612 1477 1692 leodis
1492 1630 1531 1689 et
1548 1610 1772 1691 retroseodis
1791 1614 1869 1691 suis
1888 1634 1923 1693 et

503 1746 802 1848 possessionibus
817 1774 893 1851 que
907 1745 987 1852 ipsc
1006 1743 1137 1833 habet,
1157 1761 1311 1824 movent
1327 1760 1364 1825 et
1380 1760 1559 1823 tenentur
1572 1742 1619 1821 ab
1630 1743 1767 1821 eodem
1787 1746 1826 1821 in
1842 1745 1921 1823 villa

504 1892 543 1953 et
560 1893 638 1953 tota
657 1876 852 1982 parrochia
881 1877 930 1953 de
954 1876 1152 1963 Cassanea,
1183 1874 1395 1958 secundum
1420 1875 1526 1982 quod
1554 1874 1595 1953 in
1615 1902 1792 1981 processu
1817 1904 1922 1983 super

504 2008 577 2085 hoc
591 2006 689 2087 lacto
703 2008 853 2114 plenius
869 2008 1100 2095 contineturs
1118 2020 1300 2087 assereret
1309 2006 1428 2087 eciam
1442 2034 1483 2085 se
1503 2033 1583 2085 asse
1603 2006 1643 2083 in
1662 2006 1921 2085 saisinaaban-

502 2137 610 2243 tiquo
630 2139 844 2228 exercendi,
862 2168 938 2219 una
956 2168 1043 2218 cum
1063 2138 1253 2245 parciariis
1272 2139 1365 2230 suis,
1383 2138 1424 2215 iu
1444 2138 1542 2217 dicta
1557 2137 1754 2243 parrochia
1773 2139 1822 2216 dc
1841 2140 1921 2217 Cas-

397 2322 402 2328 -
502 2297 628 2359 sauea,
650 2271 743 2348 etin
761 2270 854 2349 locis
873 2270 973 2361 aliis,
993 2299 1013 2348 a
1032 2269 1213 2377 predictis
1232 2268 1330 2347 infru
1348 2268 1486 2348 dietam
1504 2268 1739 2374 parrochiam
1757 2268 1854 2356 aitis,
1875 2269 1923 2346 al·

501 2418 578 2479 tam
597 2419 636 2481 et
644 2402 793 2481 bassam
805 2402 996 2510 justiciam
1014 2418 1053 2479 et
1067 2400 1327 2483 omnimodam
1339 2399 1642 2509 jurisdictionem
1661 2399 1922 2479 inhabitantes

503 2534 767 2613 contrahentes
792 2551 830 2612 et
856 2533 1125 2639 delinquentes
1154 2535 1193 2609 in
1218 2532 1372 2621 eadems
1393 2550 1649 2639 assereretque
1667 2560 1709 2610 se
1729 2548 1768 2609 et
1790 2532 1921 2639 prede-

503 2693 666 2743 cessores
685 2693 775 2743 suos
797 2666 845 2745 ab
865 2665 1021 2771 antiquo
1047 2692 1127 2743 esse
1148 2664 1188 2741 in
1208 2663 1341 2743 saisina
1366 2662 1534 2770 ponendi
1558 2662 1706 2741 labrum
1730 2662 1770 2741 in
1799 2690 1922 2770 parro-

502 2796 585 2872 chia
605 2795 652 2874 de
673 2796 873 2885 Cassanea,
895 2813 934 2873 et
952 2794 1209 2899 compellendi
1230 2794 1405 2874 homines
1424 2793 1524 2871 dicte
1538 2794 1737 2900 parrochie
1755 2792 1802 2871 ud
1814 2793 1922 2873 fabri-

503 2926 665 3001 candum
678 2954 765 3003 cum
781 2953 846 3014 eo,
861 2943 900 3004 et
913 2925 1061 3005 levandi
1076 2925 1277 3032 pedagium
1292 2924 1332 3001 in
1346 2923 1444 3003 dicta
1459 2924 1666 3033 parrochia.
1683 2926 1768 3017 Qus
1781 2925 1920 3015 omnia,

501 3074 578 3131 tam
591 3056 688 3161 ipso,
706 3084 820 3161 quam
835 3058 917 3164 ejus
931 3056 1234 3162 predecessores,
1252 3056 1505 3135 advoaveruut
1516 3073 1556 3133 et
1574 3074 1872 3163 recognoverunt
1884 3080 1921 3133 se

500 3203 631 3263 tenere
650 3215 672 3262 a
692 3186 869 3295 magistro
885 3186 1003 3295 Helya
1025 3189 1072 3265 de
1091 3187 1357 3277 Malo-Monte,
1375 3186 1569 3294 quondam
1590 3186 1745 3265 domino
1764 3186 1812 3265 de
1832 3188 1921 3265 Bur·

501 3316 616 3405 delia,
642 3336 927 3425 assererentque
954 3318 1075 3395 dictus
1103 3318 1279 3424 magister
1306 3317 1447 3405 Helias,
1475 3318 1599 3395 dictus
1623 3316 1860 3424 hymeneus,
1887 3336 1923 3395 et

500 3464 721 3552 procurator
739 3464 879 3538 noster,
897 3448 937 3525 in
956 3465 1143 3553 quantum
1161 3446 1372 3553 quemlibet
1388 3474 1521 3525 eorum
1538 3448 1673 3556 tangit,
1695 3465 1733 3527 et
1751 3447 1921 3525 homines

500 3578 619 3683 ipsius
632 3578 841 3684 hymerici,
859 3577 1084 3658 Gausridum
1105 3578 1153 3657 de
1172 3580 1291 3657 Ponte
1312 3596 1349 3657 et
1366 3596 1497 3686 gentes
1516 3606 1618 3671 suas,
1635 3578 1754 3684 ipsius
1772 3578 1921 3657 nomine

501 3736 568 3785 seu
582 3708 777 3796 mandato,
793 3708 877 3814 ipso
891 3725 1017 3785 ratum
1032 3708 1212 3797 habente,
1229 3725 1359 3787 contra
1374 3710 1644 3788 iuhihicionem
1661 3707 1715 3787 eis
1729 3706 1863 3785 factam
1881 3735 1921 3784 ex

501 3855 606 3943 parte
626 3855 754 3916 nostra
780 3867 849 3945 per
877 3838 1079 3917 servientes
1098 3856 1262 3929 nostros,
1285 3841 1409 3946 ipsum
1427 3840 1666 3947 Aymericum
1686 3839 1920 3945 impedivisse

502 3986 546 4044 et
558 3969 727 4050 turbasse
741 3970 780 4047 in
798 3970 1037 4076 possessione
1054 3970 1344 4075 premissorum,
1365 3987 1404 4049 et
1420 3970 1541 4049 multa
1559 3971 1659 4051 bona
1680 3969 1771 4047 dieti
1790 3969 1921 4077 Aymo-

391 4084 397 4101 ⁶
502 4098 568 4175 rici
593 4116 631 4177 et
649 4099 848 4179 hominum
874 4128 1056 4193 suorum,
1076 4130 1146 4208 per
1164 4100 1387 4179 violenciam
1416 4128 1626 4192 armorum,
1648 4100 1786 4179 levasse
1807 4118 1846 4178 et
1859 4129 1921 4177 se-

501 4260 588 4309 cum
603 4248 825 4337 asportasse,
848 4232 957 4309 dictis
976 4232 1087 4310 bonis
1106 4234 1146 4309 in
1165 4260 1281 4309 manu
1301 4249 1428 4312 nostra
1441 4232 1705 4323 existentibus,
1729 4249 1768 4310 et
1786 4232 1920 4311 multas

500 4361 715 4454 violencias,
728 4362 901 4473 injurias,
913 4363 1045 4470 prisias
1062 4379 1101 4441 et
1120 4364 1284 4470 dampna
1298 4362 1369 4443 alia
1389 4362 1515 4442 eidem
1533 4362 1729 4471 Aymerico
1750 4380 1788 4441 et
1806 4364 1921 4471 genti·

499 4493 573 4570 bus
592 4494 685 4583 suis,
702 4511 830 4571 contra
844 4495 983 4572 dictam
1005 4494 1281 4573 iuhihicionem
1296 4523 1365 4601 per
1379 4494 1581 4572 servientes
1602 4512 1756 4575 nostros
1774 4493 1917 4579 factam,

502 4624 603 4703 dicto
618 4624 801 4704 Gausrido
818 4640 857 4703 et
870 4624 1047 4733 gentibus
1061 4626 1154 4717 suis,
1171 4654 1239 4731 per
1252 4625 1473 4703 violenciam
1488 4651 1698 4713 armorum,
1718 4642 1845 4721 contra
1857 4623 1921 4699 bo-

502 4783 593 4832 num
614 4771 756 4833 statum
772 4757 873 4862 pacis
893 4757 1088 4863 etpatrie,
1109 4756 1299 4845 intulisse,
1320 4756 1532 4835 seeundum
1553 4755 1656 4861 quod
1687 4756 1728 4832 in
1748 4780 1919 4861 processu

503 4912 616 4989 super
635 4886 708 4964 hoc
724 4885 822 4962 facto
840 4887 990 4993 plenius
1010 4888 1244 4980 continetur3
1265 4906 1303 4966 et
1319 4887 1503 4994 quosdam
1525 4889 1573 4965 de
1594 4885 1813 4964 hominibus
1834 4884 1920 4961 dicti

503 5014 689 5121 Aymerici
714 5014 950 5111 vulnerasse,
975 5018 1014 5095 in
1041 5036 1299 5126 contemptum
1326 5036 1497 5103 nostrum
1527 5037 1566 5097 et
1592 5019 1681 5096 dicti
1716 5018 1852 5124 Halys,
1880 5045 1918 5093 ac
2015 5034 2018 5040 ’
