4450 6209
508 721 582 796 536
1088 725 1180 800 tus
1207 723 1346 801 oulu.

275 884 404 937 vunnu
425 881 468 944 tv,
505 865 692 974 Bapalmis
710 866 759 946 de
779 884 904 946 cetero
924 865 1107 947 levabitur
1126 866 1166 945 in
1184 865 1278 946 locis
1296 867 1477 948 duntaxat
1494 869 1542 948 ab
1561 871 1718 979 antiquo
1732 878 1933 956 consuetis.

343 975 407 1017 1³1⁰.

561 999 759 1079 Dominica
775 1017 860 1080 ante
879 999 1220 1080 Annonciationem
1239 999 1481 1080 dominicam.

560 1133 747 1214 Tiboutot
758 1132 971 1242 reportavit.

558 1401 703 1482 XXXV.
734 1399 832 1478 Cum
853 1416 1075 1507 procurator
1099 1398 1246 1478 abbatis
1266 1415 1305 1477 et
1328 1418 1533 1481 conventus
1557 1401 1864 1482 Sancti-Martini
1886 1407 1932 1485 de

502 1535 674 1610 Tomaco
685 1531 959 1640 proposuisset,
977 1559 1102 1610 coram
1116 1529 1255 1610 ballivo
1266 1547 1397 1610 nostro
1411 1531 1696 1623 Silvanectensi,
1714 1551 1844 1613 contra
1856 1537 1932 1614 Hu-

500 1694 638 1773 gonem
661 1665 709 1742 de
730 1663 984 1754 Camberone,
1004 1663 1246 1772 armigerum,
1267 1663 1386 1770 quod,
1406 1691 1495 1742 cum
1510 1663 1599 1742 dicti
1617 1663 1797 1772 religiosi,
1818 1667 1928 1747 titulo

502 1797 727 1905 empcionis,
749 1796 913 1874 habeant
938 1813 977 1874 et
998 1813 1151 1874 teneant
1170 1824 1285 1875 unam
1304 1825 1508 1904 garannam
1532 1796 1572 1874 in
1593 1797 1762 1903 prioratu
1786 1799 1929 1876 Sancti-

500 1929 679 2020 Amandi,
692 1929 800 2038 juxta
812 1931 998 2021 Tourote,
1011 1927 1051 2006 in
1063 1957 1137 2036 qua
1146 1955 1307 2038 garenna
1321 1944 1361 2006 et
1373 1928 1452 2006 suis
1464 1927 1723 2036 pertinenciis,
1736 1947 1854 2038 prout
1864 1959 1930 2037 per

503 2078 621 2140 certas
640 2079 759 2140 metas
783 2059 964 2139 dividitur
984 2076 1021 2139 et
1041 2061 1218 2170 signatur,
1245 2059 1405 2168 predicti
1426 2059 1593 2169 religiosi
1614 2079 1653 2139 et
1671 2059 1728 2138 illi
1751 2061 1929 2169 aquibus

502 2223 651 2272 causam
663 2192 821 2284 habeut,
839 2223 860 2272 a
879 2193 994 2301 longo
1009 2210 1181 2301 tempore
1197 2191 1414 2270 babuerunt
1429 2209 1467 2271 et
1484 2192 1628 2270 babent
1644 2192 1716 2271 soli
1733 2194 1828 2270 etin
1844 2193 1930 2272 soli-

501 2327 594 2404 dum
610 2325 869 2405 omnimodam
881 2325 1193 2436 jurisdiccionem
1208 2323 1320 2402 altam
1342 2341 1380 2403 et
1391 2323 1555 2418 bassam,
1570 2322 1785 2432 fuerintque
1802 2342 1841 2403 et
1855 2327 1929 2403 sint

501 2458 590 2536 dicti
606 2459 784 2566 religiosi,
798 2475 836 2536 et
848 2456 903 2536 illi
919 2487 940 2535 a
954 2456 1094 2566 quibus
1108 2455 1251 2534 babent
1266 2484 1414 2534 causam
1428 2457 1467 2533 in
1479 2456 1715 2564 possessione
1731 2473 1769 2534 et
1780 2456 1925 2546 saisina,

500 2619 568 2696 per
588 2618 626 2668 se
650 2609 689 2669 et
706 2591 910 2669 servientes
930 2606 967 2668 et
984 2589 1177 2666 ministros
1191 2616 1299 2678 suos,
1318 2589 1516 2670 exercendi
1536 2589 1799 2668 omnimodam
1814 2589 1928 2698 juris-

501 2723 706 2802 dictionem
727 2721 841 2800 altam
864 2739 901 2801 et
916 2721 1063 2800 bassam
1083 2721 1124 2798 in
1144 2747 1306 2829 garonna
1325 2720 1493 2826 predicta
1513 2737 1552 2798 et
1570 2721 1648 2799 suis
1666 2721 1924 2828 pertinenciis,

502 2855 683 2962 quociens
701 2882 807 2932 cesus
821 2881 861 2932 se
882 2852 1106 2931 obtulerunt
1128 2851 1231 2929 etad
1251 2877 1383 2929 eorum
1404 2851 1584 2930 noticiam
1601 2852 1851 2942 devenerunt,
1869 2854 1925 2930 ni-

501 2985 727 3063 chilominus
744 2985 867 3064 dictus
882 2987 1011 3093 Hugo,
1030 2986 1069 3062 in
1085 2985 1252 3093 quodam
1269 3001 1371 3066 certo
1387 2983 1484 3074 loco,
1506 2984 1601 3061 infra
1617 3002 1736 3062 metas
1752 2983 1852 3063 dicte
1871 3014 1927 3094 ga·

499 3145 616 3195 ranne
629 3117 783 3208 situato,
800 3117 865 3225 qui
883 3117 1082 3225 vulgariter
1096 3114 1255 3195 Plicbon
1268 3133 1516 3223 noncupatur,
1533 3116 1701 3194 indebite
1717 3134 1753 3196 et
1767 3116 1816 3194 de
1831 3145 1926 3198 novo

500 3249 682 3355 quasdam
704 3247 826 3329 furcas
850 3248 982 3326 levavit
1001 3277 1068 3326 seu
1091 3248 1204 3328 levari
1228 3247 1332 3337 lecit,
1360 3265 1413 3337 et,
1435 3249 1646 3356 insignum
1668 3247 1741 3325 alte
1757 3248 1923 3356 justicie,

498 3410 612 3459 unam
634 3379 794 3490 figuram
815 3381 864 3458 ad
885 3381 1002 3459 dictas
1020 3379 1143 3458 lirrcas
1166 3379 1255 3457 lecit
1273 3380 1425 3456 trainari
1448 3396 1486 3458 et
1504 3378 1700 3488 suspendi,
1728 3380 1849 3459 dictos
1867 3410 1925 3460 re-

496 3513 649 3623 ligiosos
667 3515 706 3590 in
727 3514 862 3591 saisina
873 3513 1025 3621 justicie
1044 3511 1143 3590 dicte
1163 3538 1324 3621 garanne
1344 3509 1605 3618 multipliciter
1623 3513 1869 3620 impediendo
1890 3531 1926 3592 et

495 3644 665 3723 indebite
689 3645 966 3752 perturbando,
991 3673 1107 3752 quare
1129 3642 1309 3752 petebant
1328 3643 1418 3721 dicti
1444 3643 1611 3754 religiosi
1631 3645 1837 3751 predictam
1858 3675 1925 3724 no·

494 3778 664 3868 vitatem,
683 3805 831 3855 necnon
854 3775 982 3853 omnia
1003 3791 1041 3852 et
1060 3773 1299 3883 singulaque
1317 3775 1563 3882 contraipsos
1581 3776 1622 3852 in
1641 3777 1833 3883 premissis
1846 3777 1926 3856 lue-

497 3925 602 3998 runt,
615 3937 683 4013 per
697 3907 840 3984 dictum
855 3907 1055 4015 Hugonem
1071 3904 1165 3983 lacta
1178 3923 1216 3982 et
1225 3921 1421 3996 attentata,
1438 3905 1597 3985 anullari
1611 3926 1650 3986 et
1658 3908 1811 4015 penitus
1821 3939 1925 3988 amo-

496 4037 591 4129 veri,
613 4053 650 4115 et
676 4037 777 4144 ipsos
803 4037 844 4114 in
868 4035 1002 4114 saisina
1021 4035 1173 4144 justicie
1198 4034 1296 4114 dicte
1326 4065 1490 4146 garanne
1517 4037 1670 4146 pacifice
1696 4042 1923 4132 conservari,

496 4196 642 4246 necnon
658 4168 813 4278 injurias
832 4196 899 4276 per
922 4168 1064 4248 dictum
1079 4169 1280 4277 Hugoncm
1299 4185 1337 4246 et
1353 4197 1442 4247 suos
1463 4169 1572 4248 dictis
1591 4170 1776 4278 religiosis
1792 4188 1831 4248 et
1849 4173 1925 4250 suis

496 4299 745 4380 servientibus
762 4299 873 4378 factas
894 4316 931 4377 et
946 4298 1064 4378 illatas
1085 4300 1230 4383 eisdem
1252 4300 1464 4392 emendari,
1488 4301 1590 4380 dicto
1604 4302 1764 4411 Hugone
1781 4321 1926 4382 contra-

494 4434 594 4511 rium
619 4450 823 4522 asserente,
846 4449 884 4511 et
903 4432 1054 4511 dicente
1077 4432 1186 4539 quod
1205 4431 1311 4513 locus
1329 4431 1538 4540 predictus,
1561 4433 1610 4511 de
1631 4461 1708 4541 quo
1728 4437 1924 4513 contencio

495 4581 551 4644 est
570 4567 668 4643 inter
687 4583 826 4672 partes,
848 4563 922 4642 luit
941 4581 979 4642 et
999 4580 1055 4641 est
1074 4564 1122 4641 de
1142 4538 1297 4672 proprio
1315 4564 1430 4645 feodo
1449 4564 1541 4644 dicti
1560 4567 1745 4675 Hugonis,
1769 4584 1806 4646 et
1822 4584 1925 4646 tenet

495 4694 660 4773 eundem
679 4695 727 4773 de
753 4677 907 4773 domina
928 4695 975 4773 de
995 4695 1151 4788 Caunis,
1179 4714 1218 4774 et
1237 4695 1335 4774 dicta
1355 4696 1509 4775 domina
1527 4699 1743 4807 predictum
1766 4697 1923 4778 feodum

494 4842 600 4903 tenet
621 4828 669 4904 de
695 4826 818 4904 leodis
837 4827 1165 4918 Noviomansibus,
1187 4828 1307 4922 unde,
1329 4857 1416 4906 cum
1440 4830 1563 4910 dictus
1587 4832 1697 4939 Hugo
1715 4831 1766 4908 sit
1785 4831 1924 4909 nobilis

495 4955 612 5034 homo
646 4974 682 5034 et
711 4955 817 5035 locus
848 4957 1111 5036 contenciosus
1141 4958 1192 5036 sit
1223 4959 1271 5038 de
1305 4959 1431 5039 feudis
1460 4960 1790 5051 Noviomansibus,
1820 4961 1922 5046 idem

495 5087 621 5196 Hugo,
645 5087 693 5171 de
716 5087 990 5172 consuetudine
1012 5089 1149 5203 patrie,
1174 5089 1345 5169 habetet
1365 5090 1505 5178 babere
1531 5091 1648 5177 debet
1665 5091 1924 5173 omnimodam
