4450 6209
747 733 1017 844 arcarius
1045 753 1106 828 ar
1123 697 1340 830 ¹mosas.
1680 755 1753 830 are

336 887 547 1000 specialiter
565 893 768 1002 deputatis,
786 923 855 974 nos
871 923 986 1002 super
1005 897 1167 989 eisdem,
1188 925 1256 1005 per
1275 913 1398 975 certos
1416 895 1610 974 auditores
1628 916 1756 975 corttra
1794 903 1925 958 parcam
1939 906 1983 967 W·

334 1023 498 1131 prefatos
510 1023 693 1104 Guiotum
710 1044 749 1104 et
762 1025 955 1119 Gilonam,
973 1028 1111 1104 vocatis
1121 1027 1223 1106 dicto
1235 1028 1373 1106 ballivo
1387 1042 1516 1104 nostro
1527 1045 1566 1104 et
1576 1027 1660 1105 aliis
1671 1056 1757 1105 evo-

334 1154 478 1245 candis,
496 1157 754 1236 mandavimus
773 1158 913 1266 inquiri
936 1157 1158 1265 diligencius
1175 1160 1389 1250 veritatem,
1409 1191 1451 1238 ac
1470 1160 1681 1266 inquestam
1696 1189 1758 1236 su-

332 1315 401 1391 per
429 1289 501 1365 hoc
523 1287 657 1366 factam
673 1289 917 1398 judicandam
938 1290 1048 1403 dictis
1073 1291 1250 1398 gentibus
1267 1295 1406 1372 nostris
1424 1291 1605 1400 reportari
1623 1321 1633 1366 ι
1651 1293 1758 1367 Facta

1858 997 1920 1039 1211.

333 1417 447 1525 igitur
467 1418 565 1497 dicta
584 1418 756 1527 inquesta
776 1438 814 1498 et
831 1439 959 1500 nostre
980 1422 1083 1500 curie
1103 1440 1310 1530 reportata,
1331 1426 1440 1532 quia,
1461 1424 1535 1502 visa
1555 1423 1634 1530 ipsa
1653 1440 1693 1500 et
1706 1422 1759 1499 di·

332 1547 493 1656 ligenter
512 1551 735 1642 examinata,
758 1569 886 1630 contra
905 1553 1189 1659 prenominatos
1202 1555 1320 1633 nichil
1341 1558 1533 1634 inventum
1548 1572 1605 1633 est
1623 1553 1759 1660 proba-

331 1695 431 1764 tum,
444 1681 547 1758 curia
561 1698 687 1759 nostra
700 1683 854 1760 eosdem
870 1709 890 1759 a
907 1668 1085 1788 predictis
1104 1684 1177 1761 sibi
1193 1686 1379 1791 impositis
1397 1685 1568 1772 absolvit,
1587 1702 1625 1763 et
1640 1683 1758 1760 dictos

333 1807 506 1887 detentos
524 1811 691 1917 precepit
711 1811 811 1890 curia
828 1830 956 1890 nostra
976 1813 1024 1892 de
1045 1815 1146 1892 dicto
1166 1844 1312 1893 carcere
1332 1816 1495 1894 liberari.

386 1939 541 2016 Veneris
555 1956 642 2046 post
657 1923 895 2047 quendenam
914 1942 1193 2022 Penthecostes.

386 2071 468 2146 Nou
489 2070 605 2149 habui
619 2071 850 2177 inquestam3
871 2090 1022 2180 petatur
1036 2103 1056 2150 a
1072 2076 1123 2154 M.
1145 2077 1185 2152 P.
1203 2076 1251 2153 de
1272 2075 1438 2155 Perellis.

382 2261 506 2410 XlilV.
535 2332 673 2409 Littera
689 2350 728 2410 et
743 2333 906 2440 quedam
923 2335 1057 2441 scripta
1073 2277 1172 2413 inter
1186 2335 1385 2415 dominum
1401 2339 1433 2414 J.
1450 2336 1619 2445 Appollo'
1632 2357 1669 2416 et
1680 2366 1757 2415 mo·

332 2461 471 2538 nachos
491 2461 539 2538 de
564 2464 827 2572 Pontignia003
848 2466 952 2572 quod
971 2468 1172 2573 negocium
1193 2465 1265 2544 tuit
1285 2469 1519 2575 expeditum,
1540 2487 1654 2577 prout
1669 2498 1754 2547 con-

329 2590 472 2668 tinetur
492 2593 530 2668 in
552 2593 677 2672 rotulo
699 2594 813 2702 hujus
829 2594 1058 2702 parlamenti.

322 2794 326 2812 ’
387 2855 496 2936 xnv.
518 2856 614 2936 cum
633 2857 864 2941 Guittetmus
882 2859 1065 2938 uersata>
1084 2860 1252 2939 sanstus
1273 2841 1511 2940 asohaaaa
1530 2863 1680 2971 rogata
1704 2863 1752 2940 aa

331 2984 546 3076 Pleudrain,
570 2987 750 3079 scutiferi,
768 2989 868 3066 curie
884 3006 1027 3078 nostre,
1047 2991 1331 3096 conquerendo,
1348 2991 1618 3100 significassent
1630 2993 1751 3099 quod,

331 3128 432 3194 mota
453 3117 657 3208 discordia,
685 3121 782 3196 inter
808 3120 928 3226 ipsos,
951 3120 991 3197 in
1017 3121 1121 3198 curia
1147 3121 1302 3199 seculari
1330 3124 1495 3230 episcopi
1520 3124 1751 3212 Briocensis,

200 3249 205 3260 “
332 3274 446 3352 super
455 3249 682 3353 quibusdam
698 3249 820 3327 verbis
840 3250 1030 3357 injuriosis
1043 3252 1091 3328 de
1106 3250 1252 3358 quibus
1265 3251 1360 3329 alter
1373 3281 1506 3331 eorum
1518 3254 1570 3332 de
1582 3254 1657 3331 alio
1672 3281 1755 3331 con-

331 3378 578 3483 querebatur,
594 3380 711 3487 judex
733 3379 823 3456 dicti
845 3381 1024 3486 episcopi,
1047 3381 1086 3457 in
1107 3409 1216 3459 causa
1242 3382 1428 3489 predicta,
1457 3385 1607 3491 gagium
1633 3383 1753 3462 duelli

332 3506 429 3583 inter
450 3509 569 3587 dictos
588 3509 783 3588 scutiferos
803 3511 1028 3590 indicaverat
1045 3539 1128 3589 esse
1146 3511 1377 3605 laciendum,
1399 3515 1547 3592 notorie
1566 3515 1754 3592 veniendo

330 3655 458 3715 contra
485 3639 766 3718 ordinacionem
796 3658 961 3720 nostram
988 3671 1119 3749 quam,
1142 3643 1182 3720 in
1208 3644 1325 3751 gagiis
1353 3644 1491 3734 duelli,
1514 3673 1753 3752 quacumque

330 3771 603 3847 consuetudine
634 3799 711 3848 non
745 3771 932 3862 obstante,
967 3801 1037 3879 per
1070 3801 1230 3880 regnum
1255 3791 1426 3852 nostrum
1454 3776 1695 3884 precepimus
1718 3796 1755 3854 et

329 3898 510 4003 publicari
539 3899 695 3978 lecimus
725 3900 1012 3995 observandam,
1044 3903 1243 4010 quodque,
1272 3921 1427 4011 propter
1459 3905 1604 3983 dictum
1633 3907 1753 3984 duelli

327 4030 495 4136 gagium,
512 4031 635 4108 dictus
650 4031 845 4136 episcopus
863 4059 982 4136 equos
1001 4050 1040 4110 et
1053 4062 1156 4110 arma
1167 4035 1356 4114 dictorum
1371 4037 1634 4115 scutiferormn
1647 4065 1753 4144 cepe-

329 4176 385 4235 rat
405 4178 443 4238 et
461 4161 561 4267 apud
582 4188 622 4237 se
644 4160 857 4238 detinuerat
875 4189 1091 4268 quousque,
1112 4192 1185 4270 per
1201 4168 1410 4272 quemdam
1426 4168 1648 4246 servientem
1667 4197 1753 4247 nos·

328 4309 446 4380 trum,
462 4292 556 4368 facta
571 4291 642 4369 sibi
660 4291 797 4384 luerat,
818 4293 891 4370 sub
903 4293 1050 4400 ydoneo
1067 4296 1260 4386 caucicne,
1277 4298 1516 4389 recredencia
1532 4301 1582 4376 dc
1595 4299 1749 4390 eisdem,

329 4425 566 4528 requirentes
584 4451 707 4530 super
725 4423 822 4501 lacto
852 4423 1087 4532 hujusmodi,
1121 4428 1329 4504 secundum
1355 4428 1638 4505 ordinacionem
1666 4459 1752 4536 pre·
1784 4455 1787 4461 ·

330 4553 467 4630 dictam
485 4553 630 4632 domini
650 4554 766 4661 regis,
787 4555 858 4633 sihi
874 4555 1063 4664 justiciam
1081 4556 1185 4646 lieri,
1208 4574 1246 4634 ct
1260 4559 1383 4635 dictos
1398 4585 1517 4664 equos
1536 4576 1574 4636 et
1590 4587 1692 4636 arma
1709 4589 1752 4636 ex

329 4683 473 4792 integro
493 4685 564 4764 sibi
585 4685 803 4778 deliberari3
825 4686 1000 4793 gentibus
1018 4685 1108 4764 dicti
1129 4687 1311 4794 episcopi,
1331 4686 1506 4795 pluribus
1520 4689 1749 4778 racionibus,

330 4842 349 4888 e
371 4815 555 4894 contrario
575 4815 875 4923 pmponentibus
899 4814 1057 4894 sabens
1076 4835 1114 4895 et
1130 4818 1234 4926 juste
1254 4819 1298 4895 in
1315 4819 1414 4896 facto
1427 4818 1647 4927 hujusmodi
1667 4849 1753 4927 pro

291 4975 293 4981 ’
329 4945 497 5036 cessisse,
520 4962 559 5022 et
582 4945 799 5051 petentibus
824 4946 944 5024 dictos
967 4974 1085 5054 equos
1109 4964 1149 5025 et
1169 4977 1271 5026 arma
1296 4949 1421 5026 eidem
1445 4952 1644 5059 episcopo,
1657 4969 1753 5028 tam·

329 5101 441 5178 quam
454 5072 526 5150 sibi
537 5075 751 5166 commissa,
764 5075 966 5154 deliberari
978 5093 1016 5154 et
1023 5077 1133 5155 reddi
1146 5111 1156 5156 e
1170 5079 1358 5171 Tandem,
1372 5081 1543 5190 inquesta
1554 5111 1669 5188 super
1678 5081 1750 5159 hoc
