4450 6209
748 705 1015 817 chunrns
1040 724 1105 799 nr
1130 706 1336 801 Pnocns.
1677 724 1747 798 sar

330 896 408 975 que
419 865 511 945 dicti
522 866 979 973 pn'ocrrratorctconsules
992 866 1170 945 dicebant
1184 866 1233 943 de
1242 890 1341 944 noto
1358 882 1396 943 et
1411 854 1597 954 indebite,
1615 866 1654 941 in
1666 890 1754 943 nos-
1791 872 1922 929 qun
1936 874 1980 938 W.

331 1015 434 1077 trum
449 1016 489 1077 et
508 997 697 1079 dictorum
715 997 917 1078 consulum
937 996 1207 1105 prejudicium,
1229 996 1323 1083 lacta
1340 996 1470 1090 fuisse,
1490 996 1690 1076 asserendo
1706 994 1751 1071 ad
1853 965 1916 1009 im

332 1160 403 1212 nos
411 1132 604 1239 justiciam
616 1132 730 1211 altam
743 1149 783 1210 et
795 1131 943 1209 bassam
957 1130 1095 1208 invilla
1109 1130 1160 1209 de
1174 1130 1372 1210 Castaneto
1384 1158 1428 1207 ac
1440 1130 1558 1235 ipsius
1572 1128 1755 1233 villeper-

332 1263 509 1364 tinenciis
523 1280 562 1341 et
576 1263 749 1341 districtu
765 1261 973 1340 insolidum
988 1260 1194 1366 pertinere,
1212 1278 1265 1351 et,
1281 1268 1436 1367 propter
1450 1244 1670 1368 hujusmodi
1692 1258 1756 1333 de-

333 1396 481 1482 batum,
504 1422 572 1500 per
588 1394 732 1471 dictum
747 1391 1010 1479 senescallum,
1026 1392 1067 1467 in
1081 1391 1174 1497 ipsis
1186 1388 1317 1479 lurcis,
1335 1416 1468 1471 munus
1482 1406 1610 1467 nostra
1624 1388 1756 1469 finisset

334 1525 517 1633 apposita,
534 1525 714 1631 predictis
732 1523 941 1604 Guillelmo
958 1537 997 1600 et
1013 1522 1192 1601 Gnidone
1216 1522 1528 1628 pretendentibus
1550 1550 1589 1598 se
1609 1550 1689 1599 esse
1716 1522 1755 1597 in

334 1655 470 1735 sabina
482 1654 560 1733 alte
578 1673 618 1735 et
633 1656 743 1733 basse
755 1655 905 1764 justicie
920 1654 1020 1731 dicte
1034 1652 1122 1731 ville
1144 1671 1183 1729 et
1197 1649 1278 1761 ejus
1292 1652 1608 1759 pertinenciarum
1624 1669 1661 1729 et
1681 1654 1757 1731 dis-

334 1788 486 1876 trictus,
503 1804 544 1865 et
560 1786 842 1893 requirentibus
858 1812 1016 1863 mannan
1034 1801 1201 1862 nostram
1221 1784 1312 1862 inde
1329 1783 1512 1873 amoveri,
1528 1810 1644 1891 super
1663 1809 1755 1891 qno,

333 1945 463 2001 noram
476 1918 579 1995 dioto
593 1916 816 2008 senescallo,
832 1917 933 1995 inter
948 1931 1073 2021 portes
1085 1912 1272 2022 predictas
1288 1915 1438 1992 diucius
1457 1915 1680 2022 disceptato,
1700 1945 1758 1993 se-

334 2047 523 2131 nesnsllns
531 2047 611 2153 ipse
621 2044 1087 2154 diffinitirepronunciavit
1098 2045 1220 2123 dictos
1229 2044 1481 2124 Guillelmum
1492 2062 1530 2122 et
1541 2044 1758 2124 Gnidonem

337 2180 477 2260 debere
498 2206 696 2285 remanere
716 2179 757 2255 in
777 2178 913 2257 saisina
936 2176 1101 2255 habendi
1123 2192 1163 2253 et
1180 2176 1336 2254 tenendi
1352 2175 1605 2254 dictaslurcas
1620 2192 1760 2253 erectas

332 2310 579 2418 justiciabiles
593 2310 638 2387 in
657 2311 743 2389 loco
761 2309 949 2417 predicto,
968 2324 1005 2388 ct
1025 2334 1180 2385 manum
1199 2324 1366 2385 nostram
1386 2324 1425 2383 at
1442 2308 1759 2412 impedimentum

337 2444 608 2549 quodcumque
626 2469 696 2547 per
709 2441 835 2547 ipsum
848 2439 1060 2546 appositum
1077 2436 1221 2515 ibidem
1241 2438 1394 2544 penitus
1409 2438 1565 2529 amovit,
1582 2436 1678 2515 salva
1691 2466 1759 2516 no-

339 2572 399 2653 bis
419 2572 617 2681 questione
638 2571 877 2679 proprietatis
897 2572 937 2648 in
957 2570 1136 2648 omnibus
1153 2569 1396 2675 supradictis}
1417 2598 1437 2645 a
1456 2594 1530 2676 qua
1552 2572 1757 2655 sentencie,

336 2703 593 2813 tamquamab
606 2704 752 2811 iniqua,
768 2703 865 2781 dicti
880 2719 1100 2809 procurator
1114 2717 1153 2779 et
1167 2700 1403 2779 consulesad
1414 2728 1484 2779 nos
1503 2699 1758 2807 appellarunt:

253 2873 260 2880 ·
337 2836 437 2917 Visis
454 2836 580 2945 igitur,
601 2836 641 2913 in
659 2864 768 2914 censa
786 2834 885 2911 dicte
902 2832 1444 2941 sppellacionis,·=processibus
1458 2830 1674 2923 antedictis,
1695 2858 1762 2937 per

339 2968 442 3047 curie
461 2984 588 3045 nostre
604 2966 815 3074 judicium,
835 2964 980 3042 dictum
1000 2963 1074 3042 fuit
1090 2962 1305 3069 predictum
1326 2962 1573 3041 senescallum
1591 2961 1691 3038 bene
1706 2960 1763 3066 ju·
1858 3068 1859 3071 Ἴ

340 3099 498 3186 dinsse,
518 3115 562 3175 ct
578 3097 699 3176 dictos
717 3111 1056 3204 procuratoremet
1074 3094 1250 3173 consules
1270 3094 1368 3177 male
1387 3090 1601 3201 appellasse.

396 3228 594 3309 Dorninica
608 3230 786 3336 predicte.
1012 3246 1017 3253 '
1147 3254 1149 3259 ’

398 3492 556 3569 LXXIX.
588 3492 687 3569 Cum
706 3491 921 3598 prepositus
937 3507 1190 3569 mercatorum
1208 3488 1475 3567 'Parisiensium
1497 3488 1536 3564 in
1557 3506 1683 3565 nostra
1703 3518 1765 3564 cu-

341 3624 399 3700 ria
411 3624 670 3729 proposuisset
680 3622 787 3730 quod
799 3618 1219 3707 ballivusssenonensis,
1240 3648 1309 3727 pro
1326 3620 1423 3726 ipso,
1446 3634 1574 3695 contra
1590 3616 1765 3695 abbatem

342 3772 382 3833 et
401 3772 627 3831 conventum
648 3755 696 3832 de
719 3753 875 3832 Barbael
891 3782 961 3861 per
978 3780 1091 3831 sunm
1106 3752 1297 3861 judicium
1316 3750 1624 3858 pronunciaverat
1641 3748 1763 3855 quod,

342 3913 413 3992 pro
431 3884 649 3965 necessitate
667 3902 961 3963 mercaturas-um
981 3901 1020 3962 et
1037 3880 1238 3962 securitate
1258 3896 1520 3989 personarum,
1541 3896 1768 3957 mercaturas

343 4042 556 4122 per-equam
569 4018 710 4095 Secane
725 4014 963 4105 ducentium,
977 4013 1178 4120 oportebat
1193 4014 1289 4091 duos
1302 3998 1667 4121 gulgitesdictorum
1680 4011 1768 4088 reli-

345 4148 554 4257 giosorum,
567 4176 671 4255 *quos
684 4146 826 4224 babent
844 4145 978 4223 subtus
995 4137 1149 4251 portum
1165 4144 1213 4221 de
1229 4145 1399 4222 Samesio
1414 4162 1453 4220 et
1472 4160 1558 4219 ante
1574 4140 1768 4219 abbaciam

347 4280 395 4358 de
408 4278 564 4357 Barbael
573 4342 582 4370 ,
592 4297 700 4358 retro
709 4278 861 4355 trahere
872 4277 924 4353 ita
936 4275 1043 4382 quod
1058 4302 1169 4353 neves
1182 4275 1327 4381 possint
1341 4274 1393 4351 ibi
1408 4273 1582 4361 transire,
1599 4288 1638 4348 et
1648 4272 1767 4349 eciam

347 4410 452 4519 qnod
470 4411 671 4516 oportebat
687 4410 772 4499 iter,
794 4435 862 4484 seu
877 4404 1095 4483 cheminum
1108 4430 1186 4511 per
1201 4422 1339 4490 terem
1354 4403 1459 4511 juxta
1477 4400 1668 4480 abbaciam
1686 4428 1772 4506 pre-

349 4542 486 4623 dictam
509 4544 652 4636 lacere,
675 4556 898 4649 peteretque
920 4535 1064 4614 dietum
1082 4534 1315 4643 judicatum,
1332 4534 1444 4641 1qucd
1461 4532 1540 4640 jam
1562 4530 1683 4607 luerat
1703 4558 1770 4635 pro

348 4689 453 4777 perte
466 4672 680 4753 executioni
699 4670 937 4758 mandatum,
958 4669 998 4745 in
1016 4683 1141 4745 totum
1159 4664 1372 4743 execucioni
1389 4663 1577 4751 mandari;
1594 4688 1774 4767 procura-

348 4819 433 4878 tore
455 4806 643 4883 dictorum
669 4802 933 4909 religiosorum
953 4800 1063 4907 plura
1083 4798 1178 4877 lacta
1200 4796 1240 4873 in
1266 4794 1497 4875 contrarium
1519 4809 1771 4901 proponente,

350 4950 506 5039 propter
524 4964 599 5041 que
618 4934 766 5012 dicebat
784 4931 952 5040 predicta
977 4928 1061 5009 lieri
1080 4955 1158 5007 non
1178 4926 1339 5006 debere:
1360 4926 1448 5007 Visa
1459 4925 1581 5034 igitur
1602 4924 1774 5031 inquesta

352 5094 466 5173 snper
485 5067 559 5147 hiis
571 5069 619 5146 de
639 5066 815 5144 mandato
836 5079 965 5143 nostro
979 5062 1092 5155 lecta,
1108 5078 1147 5140 et
1159 5060 1286 5139 audita
1302 5060 1490 5139 relacione
1506 5056 1776 5136 commissaric

1619 5213 1670 5278 lta.
