4450 6209
518 742 592 817 378
1099 742 1190 815 Lus
1219 739 1359 814 Oldlll.

290 908 420 963 sartam
434 906 477 970 tv,
516 886 667 965 attentis
680 884 941 963 instrumentis
956 882 1046 961 binc
1066 884 1156 961 inde
1172 883 1366 973 exhibitis,
1384 899 1423 961 et
1439 884 1574 961 ceteris
1593 884 1634 961 in
1654 882 1752 963 dicta
1771 884 1942 989 inquesta

352 1000 414 1045 '³⁰⁹'
517 1019 716 1109 contentis,
730 1016 1022 1124 pronunciatum
1040 1016 1129 1106 luit,
1144 1041 1213 1125 per
1229 1017 1371 1094 curiam
1389 1032 1572 1105 nostram,
1586 1018 1692 1123 quod
1705 1042 1839 1093 manus
1855 1042 1941 1095 uos·

516 1169 588 1244 tra,
601 1175 674 1259 que
691 1151 730 1227 in
743 1146 912 1257 predicta
925 1147 1026 1226 beati
1038 1148 1190 1226 Martini
1205 1144 1377 1237 ecclesia,
1393 1164 1550 1255 propter
1563 1146 1745 1225 debitum
1758 1146 1937 1253 parcium,

514 1286 635 1390 positu
659 1281 797 1369 luerat,
818 1280 910 1359 inde
936 1279 1182 1370 amovebitur,
1205 1296 1244 1358 et
1267 1280 1384 1358 eciam
1404 1277 1478 1357 luit
1501 1277 1591 1356 inde
1619 1295 1758 1367 amota,
1780 1294 1820 1355 et
1836 1280 1938 1386 quod

514 1414 639 1491 dictus
658 1412 836 1522 magister
855 1410 1069 1490 Gaubertus
1087 1413 1126 1489 in
1150 1411 1386 1519 possessione
1405 1410 1505 1488 dicte
1526 1406 1683 1488 ecclesie
1702 1406 1935 1499 defendetur,

481 1562 486 1573 '
513 1560 551 1622 et
570 1566 685 1622 manu
699 1542 894 1622 tenebitur
912 1570 980 1651 per
995 1562 1127 1655 gentes
1145 1560 1302 1623 nostras.

570 1674 722 1756 sabbati
744 1676 924 1783 predicta.

568 1810 619 1887 bl.
641 1808 687 1885 G.
707 1806 755 1885 de
772 1810 869 1887 Usco
889 1809 1104 1915 reportavit.

568 2073 660 2149 XIX.
691 2072 787 2151 Cum
808 2071 922 2151 abbas
940 2090 976 2150 et
998 2088 1204 2150 conventus
1229 2069 1453 2149 monasterii
1472 2070 1520 2147 de
1542 2068 1726 2157 Mosonis,
1748 2070 1937 2147 Remeusis

512 2203 694 2311 dyocesis,
712 2202 823 2281 nobis
839 2201 1131 2280 denunciassent
1144 2201 1251 2309 quod
1266 2202 1493 2280 &macanos
1509 2201 1564 2278 du
1575 2198 1797 2287 Chastelier,
1814 2198 1934 2288 miles,

510 2364 613 2413 vacas
627 2336 796 2442 ipsorum
809 2334 848 2412 in
865 2334 1035 2413 districtu
1052 2351 1090 2412 et
1094 2334 1361 2444 jurisdictione
1380 2334 1472 2411 dicti
1488 2331 1706 2409 monasterii
1724 2331 1933 2419 existentes,

509 2483 649 2544 armata
668 2466 849 2543 violencia
869 2466 967 2573 rapi,
989 2482 1027 2543 et
1046 2483 1235 2573 pastorem
1251 2466 1317 2573 qui
1337 2464 1576 2544 custodiebat
1596 2493 1676 2553 eas,
1693 2490 1842 2541 necnon
1861 2490 1938 2539 mo-

509 2596 763 2675 lendinarium
775 2598 944 2705 ipsomm
955 2596 1100 2676 abbatis
1115 2615 1383 2688 decoremus,
1401 2626 1442 2673 ac
1458 2595 1555 2676 duos
1569 2594 1843 2703 quadrigarios,
1858 2593 1937 2671 mis

510 2756 570 2805 sos
585 2756 672 2805 cum
686 2756 760 2806 una
770 2729 951 2840 quadriga
965 2746 1003 2807 et
1015 2728 1139 2809 tribus
1150 2730 1260 2837 equis
1270 2730 1318 2806 ad
1330 2757 1468 2807 nemus
1478 2728 1677 2836 proprium
1687 2726 1938 2805 dictorumre

510 2858 750 2967 ligiosorum,
766 2887 838 2968 pro
855 2862 1089 2969 asportandis
1108 2860 1221 2970 lignis
1238 2862 1287 2939 ad
1305 2890 1418 2939 usum
1435 2862 1627 2938 dictorum
1645 2856 1934 2944 monachorum,

510 2990 590 3096 capi
615 3009 654 3067 et
678 2992 717 3067 in
741 2992 949 3099 prisionem
976 2996 1062 3073 duci
1084 2996 1237 3086 lecerat,
1260 3012 1300 3073 et
1319 2996 1425 3104 quod
1445 3012 1577 3104 gentes
1596 2995 1769 3103 ejusdem
1788 2992 1934 3081 militis,

509 3122 591 3226 ipso
611 3123 815 3201 mandante
834 3126 893 3202 vel
913 3143 1036 3206 ratum
1058 3126 1238 3217 habente,
1261 3154 1403 3233 equum
1423 3126 1560 3234 prioris
1578 3126 1630 3203 de
1649 3125 1740 3217 Tin,
1756 3123 1825 3231 qui
1838 3122 1936 3200 dicto

510 3254 738 3331 monasterio
759 3254 904 3347 subest,
921 3286 991 3363 per
1007 3255 1230 3336 violenciam
1251 3257 1501 3346 abstulerant,
1522 3258 1629 3335 etad
1648 3256 1810 3335 domum
1824 3254 1936 3362 ipsius

508 3383 641 3461 militis
661 3384 914 3478 adduxerant3
942 3387 1051 3481 item,
1077 3390 1184 3496 quod
1206 3406 1371 3497 quatuor
1395 3405 1433 3464 et
1454 3386 1702 3495 quadraginta
1719 3385 1877 3466 sextaria
1899 3401 1935 3461 et

510 3541 630 3593 unum
642 3516 871 3622 quartellum
886 3517 1006 3609 bladi,
1025 3548 1146 3599 unum
1168 3538 1207 3598 et
1217 3519 1371 3629 triginta
1384 3519 1592 3628 quartellos
1605 3546 1738 3609 avene,
1752 3546 1817 3595 sex
1829 3544 1935 3625 quur

509 3645 621 3724 tellus
644 3647 832 3753 pisorum,
858 3665 897 3724 et
922 3676 1057 3727 novem
1081 3650 1289 3758 quartellos
1313 3651 1362 3729 de
1385 3653 1558 3741 tremois,
1580 3650 1628 3729 de
1646 3650 1800 3759 grangia
1820 3648 1935 3726 dicto-

509 3806 594 3854 rum
619 3778 881 3886 religiosorum
905 3781 954 3856 ad
978 3781 1140 3861 domum
1163 3810 1269 3860 suam
1293 3781 1432 3860 lecerat
1457 3782 1665 3889 asportari:
1693 3784 1803 3859 Facta
1824 3780 1933 3889 igitur

510 3936 624 4014 super
641 3908 832 4015 premissis
846 3912 1040 4002 omnibus,
1057 3942 1127 4020 per
1141 3930 1263 3992 certos
1278 3914 1555 3993 commissarios
1574 3942 1595 3991 a
1615 3913 1726 3993 nobis
1743 3913 1867 3999 datos,
1878 3911 1934 3987 in-

509 4058 640 4146 questa
661 4042 758 4119 etad
779 4062 945 4122 nostram
964 4047 1107 4123 curiam
1127 4062 1334 4154 reportata,
1356 4077 1399 4125 ac
1410 4048 1499 4125 visis
1511 4063 1553 4125 et
1566 4047 1769 4155 diligenter
1787 4044 1933 4123 attentis

508 4200 583 4279 que
597 4174 888 4254 continebantur
903 4178 943 4271 in
957 4177 1052 4284 ipsa,
1070 4176 1292 4287 liquidoque
1305 4180 1353 4259 de
1365 4180 1545 4287 predictis
1558 4179 1753 4258 violenciis
1767 4196 1807 4256 et
1816 4180 1933 4256 esces-¹

508 4303 612 4382 sibus
623 4306 776 4383 veritate
792 4325 1000 4414 comperta,
1015 4327 1092 4386 tam
1103 4339 1172 4417 per
1187 4311 1276 4387 dicti
1292 4310 1425 4388 militis
1435 4309 1728 4399 confessionem,
1743 4338 1858 4417 wana
1869 4336 1932 4413 per

507 4452 621 4515 testes
640 4466 754 4546 super
773 4440 847 4517 hoc
869 4441 1090 4547 productos,
1112 4467 1183 4549 per
1205 4444 1309 4520 curie
1329 4459 1463 4521 nostre
1471 4442 1678 4551 judicium,
1702 4442 1848 4541 dictum
1866 4438 1933 4517 fnit

479 4574 484 4581 '
507 4569 613 4672 quod
632 4569 754 4649 dictus
773 4570 881 4648 miles
900 4573 1091 4679 predictos
1109 4572 1308 4684 religiosos
1326 4574 1495 4652 msaisiet
1518 4592 1557 4652 et
1582 4575 1638 4653 eis
1659 4574 1836 4652 restituet
1853 4596 1932 4678 pre·

507 4699 604 4777 dicta
624 4700 764 4792 ablata,
788 4704 817 4781 si
838 4731 914 4812 que
938 4724 1026 4785 sunt
1050 4734 1126 4813 que
1151 4734 1228 4784 non
1254 4724 1381 4785 essent
1396 4734 1466 4814 per
1482 4706 1627 4784 dictum
1645 4706 1809 4783 militem
1828 4702 1932 4781 resti·

506 4847 601 4920 tuta,
631 4850 669 4910 ct
696 4834 801 4941 quod
831 4836 968 4915 reddet
998 4838 1216 4917 memoratis
1242 4838 1428 4950 religiosis
1453 4839 1703 4948 quantitatem
1732 4836 1929 4915 bladorum

507 4962 729 5068 predictam,
754 4968 826 5046 sub
852 4968 1092 5049 estimacione
1114 4972 1246 5078 quanti
1266 4971 1423 5079 plurimi
1443 4970 1599 5049 luerunt
1621 4998 1642 5047 a
1660 4988 1835 5076 tempore
1857 4992 1929 5074 quo

505 5095 673 5199 predicta
687 5096 798 5175 blada
817 5100 896 5205 capi
915 5100 1017 5193 lecit,
1039 5121 1077 5181 ct
1090 5103 1197 5211 quod
1213 5103 1326 5182 nobis
1343 5105 1480 5184 reddet
1492 5104 1716 5210 quingentas
1729 5101 1845 5181 libras
1858 5099 1931 5175 Tu·
