4450 6209
759 735 1029 847 evonenus
1053 757 1117 830 ur
1143 738 1353 834 proces.
1691 759 1765 832 crs

401 895 557 975 Veneris
575 913 661 1003 post
679 897 920 1003 quendenam
931 896 1209 977 Penthecostes.

402 1029 564 1135 Mangon
582 1030 794 1136 reportavit.

401 1159 605 1268 Negociuru
634 1161 736 1240 istud
765 1160 837 1238 suit
876 1160 1088 1272 injunctum
1120 1163 1168 1239 nd
1197 1161 1505 1272 prosequendum
1535 1161 1586 1239 M.
1620 1161 1681 1268 sy.
1718 1160 1766 1237 de

346 1292 525 1399 Bucyaoo.

400 1555 559 1632 XXXIX.
591 1556 766 1662 lnqnesta
783 1556 882 1634 iuter
900 1553 1072 1634 abbatem
1087 1572 1125 1634 et
1141 1572 1366 1634 conventum
1377 1556 1766 1664 Majoris-Monasterii

344 1686 576 1763 Turonensis
604 1703 642 1763 et
671 1686 847 1765 homines
873 1685 960 1764 ville
990 1687 1038 1765 de
1063 1686 1243 1777 Guerart,
1270 1714 1344 1794 que
1372 1686 1444 1765 fuit
1467 1686 1631 1768 anullata
1653 1702 1768 1796 prout

348 1816 561 1895 continetur
579 1817 617 1894 in
636 1817 763 1896 rotulo
783 1818 897 1928 hujus
916 1818 1150 1925 parlamenti.

399 2080 473 2157 XL.
503 2079 599 2159 Cum
628 2081 881 2186 Perrequinus
910 2081 958 2158 de
991 2079 1166 2171 Melloto,
1193 2079 1351 2170 ludens,
1384 2081 1495 2159 nobis
1523 2079 1765 2190 significasset

341 2208 448 2318 quod
461 2209 687 2289 Guillelmus
701 2210 748 2286 de
765 2209 951 2300 Nivemis,
970 2210 1143 2304 clericus,
1157 2211 1434 2289 commissarius
1449 2239 1563 2317 super
1574 2211 1685 2288 bonis
1698 2213 1765 2288 Ju-

343 2341 503 2420 deorum
519 2341 709 2447 capiendis
725 2341 824 2419 etad
838 2367 992 2419 manum
1009 2357 1174 2419 nostram
1188 2343 1392 2449 ponendis,
1408 2344 1449 2419 in
1464 2341 1614 2422 bullivia
1627 2344 1765 2421 Bituri-

341 2473 443 2550 censi
463 2473 682 2579 deputatus,
698 2474 806 2580 plura
822 2471 870 2549 de
884 2472 995 2550 bonis
1009 2471 1195 2550 dictorum
1207 2473 1432 2563 ludeornm,
1449 2501 1523 2580 que
1543 2472 1682 2552 uostris
1696 2473 1763 2550 dc—

302 2661 305 2666 .
340 2601 482 2680 bebant
501 2602 713 2681 nacionibus
737 2604 930 2711 applicari,
952 2605 1131 2681 celaverat
1156 2620 1193 2681 et
1218 2603 1411 2682 detinebat
1433 2603 1606 2693 recelata,
1629 2601 1761 2680 eadem

340 2731 412 2810 sibi
433 2733 674 2841 applicando,
694 2734 952 2812 mandavimus
963 2762 1075 2844 super
1085 2735 1175 2823 hoc,
1193 2759 1261 2840 per
1270 2734 1453 2812 ballivum
1468 2733 1759 2821 Biturieensem,

340 2863 519 2973 adjuncto
538 2893 665 2943 secum
686 2864 813 2972 aliquo
835 2866 956 2972 probo
975 2867 1073 2958 viro,
1099 2866 1237 2943 vocatis
1260 2867 1361 2944 dicto
1381 2865 1590 2945 Guillelmo
1614 2879 1653 2942 et
1679 2863 1762 2941 aliis

341 2995 553 3088 evocandis,
574 2999 766 3075 veritatem
789 2997 988 3106 diligenter
1010 2996 1181 3106 inquiri:
1205 2997 1380 3076 lnchoata
1403 2997 1527 3105 igitur,
1549 3015 1619 3104 pet·
1641 2996 1762 3073 dictos

340 3123 520 3204 ballivum
542 3145 580 3205 et
600 3129 680 3237 ejus
703 3129 940 3238 adjunctum,
967 3157 1080 3236 super
1105 3128 1296 3234 premissis
1323 3129 1509 3236 inquesta,
1531 3144 1569 3205 et
1594 3142 1763 3234 postmo-

341 3257 454 3347 dum,
469 3287 537 3366 per
549 3259 668 3338 dictos
683 3260 837 3338 clericos
851 3276 1014 3349 nostros,
1032 3260 1229 3368 magistros
1243 3261 1459 3338 Draconem
1476 3260 1524 3335 de
1544 3259 1707 3336 Karitate
1723 3270 1762 3333 et

339 3387 532 3466 Nicolaum
548 3390 595 3468 de
614 3390 803 3482 Creciaco,
829 3391 876 3466 de
900 3389 1079 3467 mandato
1099 3403 1228 3465 nostro
1252 3389 1439 3495 completa
1465 3405 1503 3465 et
1526 3391 1575 3466 ad
1589 3389 1762 3496 judican-

341 3517 433 3595 dum
453 3522 556 3598 curie
576 3537 704 3598 nostre
723 3537 925 3628 reportata,
946 3522 1022 3597 vise
1041 3536 1079 3596 et
1098 3517 1301 3625 diligenter
1320 3519 1543 3608 examinata,
1565 3519 1670 3626 quia,
1691 3533 1760 3623 pe'r

339 3676 440 3739 eam,
468 3652 544 3728 noir
571 3651 817 3728 inveniuntur
841 3650 1006 3758 predicta
1027 3677 1097 3755 per
1121 3649 1265 3725 dictum
1285 3649 1450 3727 Judeum
1482 3665 1610 3727 contra
1635 3648 1759 3754 ipsum

337 3777 585 3859 Guillelmum
612 3778 852 3870 denunciata,
886 3779 1117 3886 adplenum
1148 3778 1324 3885 probata,
1356 3778 1479 3858 dictus
1505 3777 1756 3867 Guillelmus‚

338 3936 450 4016 super
468 3910 646 4016 predictis
660 3927 787 3988 contra
800 3909 923 4015 ipsum
942 3908 1193 3997 denuncietis,
1210 3908 1299 3997 suit,
1316 3936 1385 4015 per
1399 3910 1503 3986 curie
1517 3927 1647 3987 nostre
1655 3907 1760 4017 judi-

338 4040 456 4130 cium,
472 4038 681 4131 absolutum
699 4041 786 4146 quia
799 4057 925 4116 tamen
939 4041 1061 4118 dictus
1073 4040 1317 4130 Guillelmus‚
1334 4066 1448 4149 super
1463 4040 1638 4148 pluribus
1654 4039 1761 4116 illici·

336 4170 384 4248 tis
401 4170 671 4264 exactionibus,
689 4170 885 4248 abeodem
902 4187 1073 4278 pretextu
1091 4169 1180 4246 dicti
1200 4171 1312 4247 officii
1331 4169 1556 4261 commissis,
1572 4170 1759 4248 invenitur

336 4329 406 4408 per
424 4304 583 4380 eandem
606 4303 817 4409 inquestam
837 4299 1095 4408 multipliciter
1114 4299 1345 4390 diffamatus,
1368 4302 1491 4379 daus
1510 4300 1754 4388 Guillelmus‚

335 4461 404 4538 per
423 4434 523 4512 idem
534 4434 739 4543 judicium,
762 4433 834 4511 luit
853 4462 874 4510 a
893 4433 1031 4511 nostris
1049 4431 1183 4509 officiis
1200 4450 1383 4538 perpetuo
1402 4433 1577 4538 privatus.

392 4563 550 4644 Veneris
568 4583 654 4674 post
670 4565 907 4672 quendenam
925 4565 1202 4642 Penthecostcs.

392 4695 492 4804 Roya
507 4695 720 4802 reportavit.

392 4955 483 5033 XLI.
515 4954 629 5048 Cum,
653 4960 692 5035 in
707 4959 810 5036 curia
824 4974 969 5046 nostra,
986 4957 1120 5035 luisset
1133 4958 1385 5064 propositum,
1406 4961 1690 5066 conquerendo,
1714 4988 1758 5037 ex

337 5103 441 5191 parte
453 5086 633 5166 Bernardi
645 5089 841 5168 d’Escorna
851 5091 994 5177 -Bove,
1015 5087 1165 5179 militis,
1180 5090 1280 5167 Petri
1293 5088 1342 5168 de
1359 5088 1557 5198 Artignaco
1572 5105 1611 5167 et
1626 5087 1756 5167 Poncii

1593 5244 1645 5306 85.

1804 909 1933 963 anrres
1947 911 1989 975 tv,

1865 1001 1928 1045 lm.
