4450 6209
471 647 480 654 '
509 669 580 744 rso
1089 672 1183 744 uns
1212 670 1352 746 omn.

280 833 301 886 P
302 845 409 887 ιιιιιιι
423 825 466 890 Ν,
503 815 578 892 bus
597 813 703 892 lactis
720 811 942 891 homiuibus
960 813 1008 892 de
1030 814 1167 922 Narey,
1186 812 1452 924 condempnati
1470 813 1691 896 lueruntad
1708 821 1927 904 solvendum

339 923 404 966 ’Μ’
506 946 665 1024 domino
684 946 776 1053 Regi
794 945 872 1023 duo
888 920 1007 1022 millia
1025 943 1226 1034 librarum,
1245 973 1315 1052 pro
1333 946 1511 1036 emenda,
1534 965 1572 1026 et
1588 947 1637 1026 ad
1652 952 1927 1034 restituendum

503 1079 669 1185 dampna
693 1077 803 1154 dictis
825 1075 1047 1154 hominibus
1070 1076 1119 1154 de
1146 1078 1307 1185 Mayrey,
1335 1094 1447 1184 prout
1469 1077 1651 1160 dominus
1674 1081 1719 1162 G.
1742 1084 1791 1166 de
1815 1087 1929 1195 Noge-

502 1227 586 1288 reto
606 1207 721 1286 miehi
743 1207 956 1314 reportavit.
979 1207 1028 1287 Ea
1051 1207 1124 1288 tint
1139 1207 1322 1316 judicata,
1350 1227 1393 1286 ur
1413 1208 1521 1300 dicia
1545 1217 1927 1296 monacensem

503 1342 637 1448 quinto
657 1367 787 1417 mense
808 1339 960 1418 Marcio.

417 1465 420 1471 ’
560 1475 776 1580 lnquestam
790 1471 914 1550 habeo
930 1471 969 1548 iu
983 1499 1090 1550 sacco
1103 1472 1220 1580 hujus
1233 1473 1469 1578 parlamenti.

559 1741 683 1818 XLlX.
710 1740 810 1819 Curn
823 1740 923 1816 iuter
937 1738 1141 1820 Gossiuum
1155 1739 1360 1847 Flamingi‚
1378 1757 1639 1834 mercatorem,
1657 1769 1702 1820 ex
1716 1761 1823 1850 parte
1841 1773 1926 1835 una,

499 1890 542 1948 et
560 1871 756 1948 Nicolaum
772 1870 821 1947 de
833 1869 1102 1961 Ponte-Levio,
1120 1871 1344 1950 servientem
1357 1888 1448 1949 tunc
1459 1889 1634 1951 nostrum
1649 1875 1750 1980 apud
1763 1875 1928 1954 Bellum-

503 2003 654 2092 Videre,
666 2001 1106 2094 inbrlliviaTuronensi,
1122 2019 1280 2108 exparte
1291 2003 1422 2092 altera,
1435 2021 1515 2082 orta
1526 2004 1658 2084 luisset
1668 2003 1857 2084 discordia
1869 2036 1929 2086 su·

502 2165 571 2242 per
586 2163 633 2214 co
647 2133 769 2242 quod,
784 2150 956 2242 tempore
968 2161 1208 2242 guerrarum,
1220 2163 1297 2242 quo
1312 2134 1413 2211 idem
1428 2133 1611 2214 Gorsinus
1627 2153 1707 2213 crat
1719 2165 1788 2244 per
1801 2155 1930 2246 gentes

502 2269 602 2376 regis
615 2266 750 2376 Anglie
765 2285 894 2374 captus
915 2284 955 2345 et
967 2268 1006 2344 iu
1023 2267 1191 2374 prisione
1211 2266 1403 2356 dmentem,
1426 2265 1529 2344 idem
1544 2266 1732 2358 Niuolnus,
1754 2268 1825 2346 sub
1848 2297 1930 2375 pre-

500 2418 606 2478 textu
625 2397 769 2478 servicii
785 2427 828 2475 ac
847 2399 961 2480 officii
978 2399 1117 2489 nostri,
1140 2398 1349 2484 maximam
1356 2399 1603 2505 quantitatem
1619 2399 1720 2487 salis,
1738 2401 1928 2479 existentis

501 2534 540 2607 in
552 2532 669 2610 domo
683 2528 774 2606 dicti
788 2529 939 2608 Gossini
953 2531 1055 2638 apud
1065 2528 1389 2620 Bellum-Videre,
1404 2529 1520 2636 oepit,
1531 2547 1575 2607 nt
1586 2529 1736 2620 dicitnr,
1748 2530 1931 2610 violenter

501 2681 540 2739 et
549 2664 707 2770 injuste,
723 2679 762 2740 et
772 2690 842 2770 per
856 2660 1048 2739 ministros
1061 2689 1152 2738 suos
1165 2659 1299 2738 levarit
1314 2677 1354 2737 et
1366 2659 1601 2767 explectavit,
1618 2661 1658 2737 in
1674 2687 1783 2768 grave
1800 2661 1931 2769 damp-

500 2823 596 2871 num
616 2810 656 2870 et
671 2795 927 2902 prejudicium
939 2793 1039 2891 ,dicti
1059 2791 1227 2882 Gossini,
1252 2791 1335 2898 qui,
1355 2807 1557 2899 postquam
1578 2791 1626 2870 de
1647 2791 1746 2870 dicta
1764 2793 1928 2899 prisione

503 2926 631 3016 exivit,
650 2925 744 3003 lecit
758 2953 871 3032 super
881 2923 1074 3031 premissis
1089 2924 1234 3002 dictum
1253 2923 1448 3004 Nicolaum
1462 2951 1589 3002 coram
1602 2921 1778 3030 gentibus
1792 2927 1929 3036 nostris

503 3057 646 3162 pluries
670 3035 848 3166 ajornari,
877 3055 978 3133 dicto
1004 3055 1155 3134 Nicolao
1180 3054 1480 3165 subterfugiente
1508 3071 1547 3134 et
1570 3056 1844 3134 contumaciter
1867 3057 1930 3135 ab·

449 3291 452 3296 .
503 3205 628 3278 sente,
646 3215 719 3266 uos
738 3216 852 3296 super
865 3186 941 3266 hiis
953 3186 1419 3266 mandavimusreritatem
1439 3185 1605 3294 inquiri:
1618 3185 1728 3264 Facta
1744 3186 1862 3295 igitur
1874 3216 1930 3264 su-

502 3347 572 3426 per
590 3319 665 3397 hiis
682 3320 855 3428 inquesta
876 3336 916 3398 et
931 3318 1136 3427 diligenter
1154 3319 1247 3410 visa,
1266 3336 1460 3425 repertum
1479 3310 1552 3398 fuit
1571 3318 1717 3396 dictum
1733 3317 1927 3398 Nicolaum

501 3478 572 3558 per
593 3453 797 3532 servientes
811 3479 907 3531 suos
925 3451 1064 3529 levasse
1084 3467 1124 3528 ot
1144 3449 1388 3556 exploratura,
1418 3451 1519 3528 dicto
1537 3467 1726 3557 tempore,
1749 3451 1928 3532 ducentas

503 3602 541 3660 et
556 3583 802 3691 quadraginta
816 3611 942 3690 cargas
961 3582 1048 3660 salis
1066 3580 1225 3688 predicti
1246 3578 1412 3671 Gossini,
1434 3581 1486 3658 nd
1504 3609 1677 3688 magnam
1697 3609 1846 3690 corgam
1865 3613 1928 3691 po-

501 3715 572 3790 trie
598 3713 716 3803 illius,
741 3741 816 3820 que
839 3713 992 3792 luerunt
1015 3713 1187 3791 estimare
1211 3712 1327 3790 octies
1355 3729 1507 3790 oeutum
1526 3711 1642 3790 libras
1665 3714 1926 3806 Turonensee,

502 3861 656 3950 propter
670 3845 777 3954 quod
791 3844 864 3922 fuit
878 3843 1001 3922 dictus
1014 3843 1189 3923 Nicolaus
1207 3843 1277 3951 ipsi
1294 3841 1456 3922 Gossino
1473 3844 1513 3919 iu
1528 3843 1645 3922 octbr
1657 3859 1812 3922 cenmm
1821 3845 1927 3924 libris

503 3976 807 4065 Turonensibus,
823 4003 891 4084 per
903 3976 1006 4054 curie
1022 3993 1151 4054 nostre
1158 3975 1364 4082 judicium,
1379 3976 1698 4082 condempnatus,
1711 3975 1812 4056 salva
1822 3978 1928 4056 nobis

498 4108 664 4185 emenda
680 4123 825 4201 noma,
839 4108 948 4215 cujus
964 4107 1105 4186 tarasio
1126 4101 1198 4184 luit
1211 4123 1411 4215 prorogate
1423 4133 1621 4214 quousque
1639 4106 1781 4184 sciatur
1793 4109 1927 4187 ueritas

501 4238 550 4315 de
567 4239 693 4317 valore
713 4239 905 4317 bonorum
919 4239 1055 4346 ipsius,
1072 4237 1196 4316 soluta
1207 4235 1555 4344 condempnacione
1568 4237 1752 4344 predictan

559 4370 735 4448 Mercurii
755 4387 841 4477 post
858 4370 1147 4448 Pentheeosten.

557 4501 718 4579 Sanctus
736 4499 903 4580 Obertus
920 4501 1134 4609 reportavit.
1187 4533 1192 4540 ·

556 4631 797 4710 Mandabitur
822 4632 961 4712 ballivo
990 4631 1206 4712 Tmoueusi
1232 4633 1340 4743 quod
1368 4634 1464 4711 sciat
1484 4651 1535 4711 -et
1558 4634 1741 4714 rescribat
1764 4638 1925 4716 valorem

497 4764 726 4870 predictum.
849 4792 852 4798 ·
1764 4797 1771 4812 ·

554 5030 601 5104 t.
626 5026 731 5106 :Cum
759 4999 926 5106 incuria
956 5047 1083 5108 nostra
1119 5047 1218 5107 esset
1242 5029 1291 5107 lis
1318 5057 1384 5108 seu
1420 5032 1671 5109 controversia
1693 5032 1795 5108 inter
1822 5029 1928 5108 deca·
