<?xml version="1.0" encoding="UTF-8"?>
<!DOCTYPE html PUBLIC "-//W3C//DTD XHTML 1.0 Transitional//EN"
    "http://www.w3.org/TR/xhtml1/DTD/xhtml1-transitional.dtd">
<html xmlns="http://www.w3.org/1999/xhtml" xml:lang="en" lang="en">
 <head>
  <title>
</title>
<meta http-equiv="Content-Type" content="text/html;charset=utf-8" />
  <meta name='ocr-system' content='tesseract 3.04.00' />
  <meta name='ocr-capabilities' content='ocr_page ocr_carea ocr_par ocr_line ocrx_word'/>
</head>
<body>
  <div class='ocr_page' id='page_1' title='image "./lesolimouregist00parigoog_0373.png"; bbox 0 0 4450 6209; ppageno 0'>
   <div class='ocr_carea' id='block_1_1' title="bbox 504 731 1343 808">
    <p class='ocr_par' dir='ltr' id='par_1_1' title="bbox 504 731 1343 808">
     <span class='ocr_line' id='line_1_1' title="bbox 504 731 1343 808; baseline -0.005 -1"><span class='ocrx_word' id='word_1_1' title='bbox 504 734 578 808; x_wconf 79' lang='lat' dir='ltr'><strong>27t</strong></span> <span class='ocrx_word' id='word_1_2' title='bbox 1082 734 1175 807; x_wconf 85' lang='lat' dir='ltr'><strong>LES</strong></span> <span class='ocrx_word' id='word_1_3' title='bbox 1205 731 1343 807; x_wconf 87' lang='lat' dir='ltr'><strong>OLIM.</strong></span> 
     </span>
    </p>
   </div>
   <div class='ocr_carea' id='block_1_2' title="bbox 278 874 1991 2818">
    <p class='ocr_par' dir='ltr' id='par_1_2' title="bbox 278 874 1991 2818">
     <span class='ocr_line' id='line_1_2' title="bbox 278 874 1927 987; baseline -0.001 -32"><span class='ocrx_word' id='word_1_4' title='bbox 278 886 464 951; x_wconf 77' lang='lat' dir='ltr'><strong>ruumtv.</strong></span> <span class='ocrx_word' id='word_1_5' title='bbox 501 880 568 987; x_wconf 89' lang='lat' dir='ltr'><strong>qui</strong></span> <span class='ocrx_word' id='word_1_6' title='bbox 589 878 764 956; x_wconf 80' lang='lat' dir='ltr'><strong>devesam</strong></span> <span class='ocrx_word' id='word_1_7' title='bbox 783 877 901 955; x_wconf 83' lang='lat' dir='ltr'><strong>nostri</strong></span> <span class='ocrx_word' id='word_1_8' title='bbox 920 876 1098 955; x_wconf 84' lang='lat' dir='ltr'><strong>territorii</strong></span> <span class='ocrx_word' id='word_1_9' title='bbox 1122 876 1172 955; x_wconf 92' lang='lat' dir='ltr'><strong>de</strong></span> <span class='ocrx_word' id='word_1_10' title='bbox 1192 876 1387 965; x_wconf 75' lang='lat' dir='ltr'><strong>Serviane,</strong></span> <span class='ocrx_word' id='word_1_11' title='bbox 1407 902 1477 983; x_wconf 90' lang='lat' dir='ltr'><strong>pro</strong></span> <span class='ocrx_word' id='word_1_12' title='bbox 1500 892 1652 954; x_wconf 82' lang='lat' dir='ltr'><strong>eentum</strong></span> <span class='ocrx_word' id='word_1_13' title='bbox 1669 874 1800 982; x_wconf 84' lang='lat' dir='ltr'><strong>viginti</strong></span> <span class='ocrx_word' id='word_1_14' title='bbox 1820 874 1927 955; x_wconf 87' lang='lat' dir='ltr'><strong>libris</strong></span> 
     </span>
     <span class='ocr_line' id='line_1_3' title="bbox 340 980 1928 1113; baseline -0.002 -25"><span class='ocrx_word' id='word_1_15' title='bbox 340 980 402 1025; x_wconf 56' lang='grc' dir='ltr'><strong>Μ’</strong></span> <span class='ocrx_word' id='word_1_16' title='bbox 504 1010 809 1097; x_wconf 84' lang='lat' dir='ltr'><strong>Turonensibus,</strong></span> <span class='ocrx_word' id='word_1_17' title='bbox 826 1026 867 1085; x_wconf 89' lang='lat' dir='ltr'><strong>et</strong></span> <span class='ocrx_word' id='word_1_18' title='bbox 884 1006 1041 1086; x_wconf 81' lang='lat' dir='ltr'><strong>furuum</strong></span> <span class='ocrx_word' id='word_1_19' title='bbox 1057 1026 1229 1088; x_wconf 84' lang='lat' dir='ltr'><strong>nostrum</strong></span> <span class='ocrx_word' id='word_1_20' title='bbox 1251 1006 1339 1085; x_wconf 84' lang='lat' dir='ltr'><strong>ville</strong></span> <span class='ocrx_word' id='word_1_21' title='bbox 1355 1008 1404 1085; x_wconf 93' lang='lat' dir='ltr'><strong>de</strong></span> <span class='ocrx_word' id='word_1_22' title='bbox 1424 1006 1620 1095; x_wconf 79' lang='lat' dir='ltr'><strong>Serviano,</strong></span> <span class='ocrx_word' id='word_1_23' title='bbox 1638 1034 1708 1113; x_wconf 88' lang='lat' dir='ltr'><strong>pre</strong></span> <span class='ocrx_word' id='word_1_24' title='bbox 1728 1008 1861 1085; x_wconf 84' lang='lat' dir='ltr'><strong>decem</strong></span> <span class='ocrx_word' id='word_1_25' title='bbox 1881 1006 1928 1085; x_wconf 84' lang='lat' dir='ltr'><strong>ti-</strong></span> 
     </span>
     <span class='ocr_line' id='line_1_4' title="bbox 504 1136 1928 1227; baseline -0.001 -9"><span class='ocrx_word' id='word_1_26' title='bbox 504 1140 584 1219; x_wconf 87' lang='lat' dir='ltr'><strong>bris</strong></span> <span class='ocrx_word' id='word_1_27' title='bbox 604 1138 908 1227; x_wconf 57' lang='lat' dir='ltr'><strong>‘turonensibus</strong></span> <span class='ocrx_word' id='word_1_28' title='bbox 935 1139 1045 1217; x_wconf 86' lang='lat' dir='ltr'><strong>uobis</strong></span> <span class='ocrx_word' id='word_1_29' title='bbox 1063 1139 1258 1217; x_wconf 75' lang='lat' dir='ltr'><strong>aunuatim</strong></span> <span class='ocrx_word' id='word_1_30' title='bbox 1279 1138 1505 1217; x_wconf 68' lang='lat' dir='ltr'><strong>solvendus</strong></span> <span class='ocrx_word' id='word_1_31' title='bbox 1525 1137 1672 1217; x_wconf 81' lang='lat' dir='ltr'><strong>dilectis</strong></span> <span class='ocrx_word' id='word_1_32' title='bbox 1691 1152 1731 1217; x_wconf 84' lang='lat' dir='ltr'><strong>et</strong></span> <span class='ocrx_word' id='word_1_33' title='bbox 1750 1136 1928 1217; x_wconf 78' lang='lat' dir='ltr'><strong>fidelihus</strong></span> 
     </span>
     <span class='ocr_line' id='line_1_5' title="bbox 505 1267 1927 1380; baseline 0.001 -32"><span class='ocrx_word' id='word_1_34' title='bbox 505 1273 642 1351; x_wconf 82' lang='lat' dir='ltr'><strong>nostris</strong></span> <span class='ocrx_word' id='word_1_35' title='bbox 657 1271 842 1380; x_wconf 72' lang='lat' dir='ltr'>magistris</span> <span class='ocrx_word' id='word_1_36' title='bbox 859 1272 903 1349; x_wconf 90' lang='lat' dir='ltr'><strong>N.</strong></span> <span class='ocrx_word' id='word_1_37' title='bbox 916 1287 1010 1348; x_wconf 90' lang='lat' dir='ltr'><strong>tuuc</strong></span> <span class='ocrx_word' id='word_1_38' title='bbox 1029 1270 1223 1379; x_wconf 85' lang='lat' dir='ltr'><strong>preposito</strong></span> <span class='ocrx_word' id='word_1_39' title='bbox 1241 1269 1289 1348; x_wconf 85' lang='lat' dir='ltr'><strong>de</strong></span> <span class='ocrx_word' id='word_1_40' title='bbox 1303 1268 1482 1363; x_wconf 64' lang='lat' dir='ltr'><strong>Anemo,</strong></span> <span class='ocrx_word' id='word_1_41' title='bbox 1499 1288 1536 1348; x_wconf 87' lang='lat' dir='ltr'><strong>et</strong></span> <span class='ocrx_word' id='word_1_42' title='bbox 1552 1271 1584 1349; x_wconf 88' lang='lat' dir='ltr'><strong>J.</strong></span> <span class='ocrx_word' id='word_1_43' title='bbox 1601 1284 1754 1347; x_wconf 73' lang='lat' dir='ltr'><strong>cautere</strong></span> <span class='ocrx_word' id='word_1_44' title='bbox 1768 1267 1927 1349; x_wconf 80' lang='lat' dir='ltr'><strong>Aurelia·</strong></span> 
     </span>
     <span class='ocr_line' id='line_1_6' title="bbox 504 1399 1991 1509; baseline -0.002 -29"><span class='ocrx_word' id='word_1_45' title='bbox 504 1403 629 1495; x_wconf 81' lang='lat' dir='ltr'><strong>nemi,</strong></span> <span class='ocrx_word' id='word_1_46' title='bbox 649 1420 822 1509; x_wconf 85' lang='lat' dir='ltr'><strong>tempore</strong></span> <span class='ocrx_word' id='word_1_47' title='bbox 837 1429 915 1508; x_wconf 88' lang='lat' dir='ltr'><strong>quo</strong></span> <span class='ocrx_word' id='word_1_48' title='bbox 934 1399 1074 1480; x_wconf 83' lang='lat' dir='ltr'><strong>debilis</strong></span> <span class='ocrx_word' id='word_1_49' title='bbox 1092 1417 1246 1479; x_wconf 79' lang='lat' dir='ltr'><strong>moneta</strong></span> <span class='ocrx_word' id='word_1_50' title='bbox 1266 1416 1393 1481; x_wconf 73' lang='lat' dir='ltr'><strong>norun</strong></span> <span class='ocrx_word' id='word_1_51' title='bbox 1414 1400 1605 1491; x_wconf 84' lang='lat' dir='ltr'><strong>currebat,</strong></span> <span class='ocrx_word' id='word_1_52' title='bbox 1627 1399 1675 1477; x_wconf 86' lang='lat' dir='ltr'><strong>ud</strong></span> <span class='ocrx_word' id='word_1_53' title='bbox 1696 1399 1845 1479; x_wconf 81' lang='lat' dir='ltr'><strong>firmam</strong></span> <span class='ocrx_word' id='word_1_54' title='bbox 1865 1428 1927 1477; x_wconf 81' lang='lat' dir='ltr'><strong>sn-</strong></span> <span class='ocrx_word' id='word_1_55' title='bbox 1986 1419 1991 1433; x_wconf 78' lang='grc'><em>’</em></span> 
     </span>
     <span class='ocr_line' id='line_1_7' title="bbox 503 1528 1925 1641; baseline -0.003 -30"><span class='ocrx_word' id='word_1_56' title='bbox 503 1562 618 1612; x_wconf 74' lang='lat' dir='ltr'><strong>uuam</strong></span> <span class='ocrx_word' id='word_1_57' title='bbox 638 1549 879 1641; x_wconf 73' lang='lat' dir='ltr'><strong>acceperuut,</strong></span> <span class='ocrx_word' id='word_1_58' title='bbox 903 1532 1068 1611; x_wconf 87' lang='lat' dir='ltr'><strong>multum</strong></span> <span class='ocrx_word' id='word_1_59' title='bbox 1089 1531 1458 1638; x_wconf 80' lang='lat' dir='ltr'><strong>dampnifieureutur‚</strong></span> <span class='ocrx_word' id='word_1_60' title='bbox 1483 1531 1514 1607; x_wconf 86' lang='lat' dir='ltr'><strong>si</strong></span> <span class='ocrx_word' id='word_1_61' title='bbox 1534 1530 1605 1637; x_wconf 91' lang='lat' dir='ltr'><strong>ipsi</strong></span> <span class='ocrx_word' id='word_1_62' title='bbox 1622 1529 1760 1612; x_wconf 73' lang='lat' dir='ltr'><strong>dictam</strong></span> <span class='ocrx_word' id='word_1_63' title='bbox 1779 1528 1925 1609; x_wconf 77' lang='lat' dir='ltr'><strong>firmam</strong></span> 
     </span>
     <span class='ocr_line' id='line_1_8' title="bbox 504 1661 1923 1771; baseline -0.003 -30"><span class='ocrx_word' id='word_1_64' title='bbox 504 1694 667 1744; x_wconf 74' lang='lat' dir='ltr'><strong>annuum</strong></span> <span class='ocrx_word' id='word_1_65' title='bbox 685 1665 726 1741; x_wconf 90' lang='lat' dir='ltr'><strong>iu</strong></span> <span class='ocrx_word' id='word_1_66' title='bbox 746 1662 833 1741; x_wconf 86' lang='lat' dir='ltr'><strong>forti</strong></span> <span class='ocrx_word' id='word_1_67' title='bbox 853 1681 1008 1744; x_wconf 71' lang='lat' dir='ltr'><strong>mouet·</strong></span> <span class='ocrx_word' id='word_1_68' title='bbox 1030 1663 1143 1741; x_wconf 86' lang='lat' dir='ltr'><strong>uobis</strong></span> <span class='ocrx_word' id='word_1_69' title='bbox 1164 1662 1307 1741; x_wconf 80' lang='lat' dir='ltr'><strong>solvere</strong></span> <span class='ocrx_word' id='word_1_70' title='bbox 1327 1661 1612 1769; x_wconf 74' lang='lat' dir='ltr'><strong>compellantur,</strong></span> <span class='ocrx_word' id='word_1_71' title='bbox 1635 1661 1815 1771; x_wconf 85' lang='lat' dir='ltr'><strong>quodque</strong></span> <span class='ocrx_word' id='word_1_72' title='bbox 1839 1662 1923 1768; x_wconf 83' lang='lat' dir='ltr'><strong>ipsi,</strong></span> 
     </span>
     <span class='ocr_line' id='line_1_9' title="bbox 503 1793 1925 1901; baseline -0.004 -28"><span class='ocrx_word' id='word_1_73' title='bbox 503 1815 583 1873; x_wconf 78' lang='lat' dir='ltr'><strong>uta</strong></span> <span class='ocrx_word' id='word_1_74' title='bbox 602 1796 701 1873; x_wconf 80' lang='lat' dir='ltr'><strong>dieta</strong></span> <span class='ocrx_word' id='word_1_75' title='bbox 720 1795 829 1871; x_wconf 78' lang='lat' dir='ltr'><strong>firma</strong></span> <span class='ocrx_word' id='word_1_76' title='bbox 847 1794 1062 1873; x_wconf 73' lang='lat' dir='ltr'>liberentur</span> <span class='ocrx_word' id='word_1_77' title='bbox 1074 1810 1113 1873; x_wconf 86' lang='lat' dir='ltr'><strong>et</strong></span> <span class='ocrx_word' id='word_1_78' title='bbox 1131 1793 1370 1873; x_wconf 65' lang='lat' dir='ltr'><strong>absolvantur</strong></span> <span class='ocrx_word' id='word_1_79' title='bbox 1390 1793 1565 1881; x_wconf 87' lang='lat' dir='ltr'><strong>omniuo,</strong></span> <span class='ocrx_word' id='word_1_80' title='bbox 1586 1793 1703 1901; x_wconf 75' lang='lat' dir='ltr'><strong>parati</strong></span> <span class='ocrx_word' id='word_1_81' title='bbox 1718 1810 1807 1873; x_wconf 81' lang='lat' dir='ltr'><strong>suut</strong></span> <span class='ocrx_word' id='word_1_82' title='bbox 1818 1793 1925 1873; x_wconf 84' lang='lat' dir='ltr'><strong>uobis</strong></span> 
     </span>
     <span class='ocr_line' id='line_1_10' title="bbox 504 1922 1925 2031; baseline -0.001 -27"><span class='ocrx_word' id='word_1_83' title='bbox 504 1927 647 2005; x_wconf 80' lang='lat' dir='ltr'><strong>solvere</strong></span> <span class='ocrx_word' id='word_1_84' title='bbox 672 1943 824 2003; x_wconf 84' lang='lat' dir='ltr'><strong>eentum</strong></span> <span class='ocrx_word' id='word_1_85' title='bbox 845 1924 960 2003; x_wconf 78' lang='lat' dir='ltr'><strong>libras</strong></span> <span class='ocrx_word' id='word_1_86' title='bbox 985 1926 1228 2003; x_wconf 82' lang='lat' dir='ltr'><strong>Turoueuses</strong></span> <span class='ocrx_word' id='word_1_87' title='bbox 1247 1923 1355 2004; x_wconf 84' lang='lat' dir='ltr'><strong>sortis</strong></span> <span class='ocrx_word' id='word_1_88' title='bbox 1374 1940 1545 2011; x_wconf 84' lang='lat' dir='ltr'><strong>monete,</strong></span> <span class='ocrx_word' id='word_1_89' title='bbox 1572 1951 1643 2004; x_wconf 87' lang='lat' dir='ltr'><strong>uos</strong></span> <span class='ocrx_word' id='word_1_90' title='bbox 1661 1922 1925 2031; x_wconf 79' lang='lat' dir='ltr'><strong>indempuitsti</strong></span> 
     </span>
     <span class='ocr_line' id='line_1_11' title="bbox 505 2054 1926 2163; baseline 0 -30"><span class='ocrx_word' id='word_1_91' title='bbox 505 2060 674 2163; x_wconf 83' lang='lat' dir='ltr'><strong>ipsorum</strong></span> <span class='ocrx_word' id='word_1_92' title='bbox 683 2057 976 2163; x_wconf 65' lang='lat' dir='ltr'><strong>compatientes,</strong></span> <span class='ocrx_word' id='word_1_93' title='bbox 987 2056 1212 2135; x_wconf 76' lang='lat' dir='ltr'><strong>mandamus</strong></span> <span class='ocrx_word' id='word_1_94' title='bbox 1222 2056 1329 2137; x_wconf 84' lang='lat' dir='ltr'><strong>vobis</strong></span> <span class='ocrx_word' id='word_1_95' title='bbox 1338 2056 1532 2163; x_wconf 79' lang='lat' dir='ltr'><strong>quatinus,</strong></span> <span class='ocrx_word' id='word_1_96' title='bbox 1545 2054 1769 2161; x_wconf 72' lang='lat' dir='ltr'><strong>recipientes</strong></span> <span class='ocrx_word' id='word_1_97' title='bbox 1781 2054 1926 2162; x_wconf 78' lang='lat' dir='ltr'><strong>abipsis</strong></span> 
     </span>
     <span class='ocr_line' id='line_1_12' title="bbox 504 2186 1924 2296; baseline -0.002 -30"><span class='ocrx_word' id='word_1_98' title='bbox 504 2206 657 2266; x_wconf 84' lang='lat' dir='ltr'><strong>eentum</strong></span> <span class='ocrx_word' id='word_1_99' title='bbox 676 2187 791 2267; x_wconf 73' lang='lat' dir='ltr'><strong>libras</strong></span> <span class='ocrx_word' id='word_1_100' title='bbox 809 2188 1011 2296; x_wconf 85' lang='lat' dir='ltr'><strong>predictas,</strong></span> <span class='ocrx_word' id='word_1_101' title='bbox 1033 2187 1203 2266; x_wconf 83' lang='lat' dir='ltr'><strong>liberetis</strong></span> <span class='ocrx_word' id='word_1_102' title='bbox 1223 2216 1288 2265; x_wconf 88' lang='lat' dir='ltr'><strong>eos</strong></span> <span class='ocrx_word' id='word_1_103' title='bbox 1308 2188 1465 2266; x_wconf 89' lang='lat' dir='ltr'><strong>omuino</strong></span> <span class='ocrx_word' id='word_1_104' title='bbox 1488 2186 1536 2265; x_wconf 83' lang='lat' dir='ltr'><strong>ab</strong></span> <span class='ocrx_word' id='word_1_105' title='bbox 1555 2186 1822 2265; x_wconf 80' lang='lat' dir='ltr'><strong>urreuducioue</strong></span> <span class='ocrx_word' id='word_1_106' title='bbox 1841 2214 1924 2292; x_wconf 89' lang='lat' dir='ltr'><strong>pre—</strong></span> 
     </span>
     <span class='ocr_line' id='line_1_13' title="bbox 504 2316 1924 2426; baseline -0.001 -31"><span class='ocrx_word' id='word_1_107' title='bbox 504 2320 620 2409; x_wconf 76' lang='lat' dir='ltr'><strong>dicta,</strong></span> <span class='ocrx_word' id='word_1_108' title='bbox 638 2336 677 2397; x_wconf 90' lang='lat' dir='ltr'><strong>et</strong></span> <span class='ocrx_word' id='word_1_109' title='bbox 691 2318 740 2397; x_wconf 84' lang='lat' dir='ltr'><strong>de</strong></span> <span class='ocrx_word' id='word_1_110' title='bbox 759 2318 894 2397; x_wconf 78' lang='lat' dir='ltr'><strong>devesr</strong></span> <span class='ocrx_word' id='word_1_111' title='bbox 908 2336 950 2397; x_wconf 86' lang='lat' dir='ltr'><strong>et</strong></span> <span class='ocrx_word' id='word_1_112' title='bbox 968 2317 1082 2397; x_wconf 80' lang='lat' dir='ltr'><strong>fumo</strong></span> <span class='ocrx_word' id='word_1_113' title='bbox 1101 2316 1297 2426; x_wconf 73' lang='lat' dir='ltr'><strong>predictis.</strong></span> <span class='ocrx_word' id='word_1_114' title='bbox 1314 2318 1515 2397; x_wconf 74' lang='lat' dir='ltr'><strong>utilitatem</strong></span> <span class='ocrx_word' id='word_1_115' title='bbox 1535 2334 1703 2397; x_wconf 77' lang='lat' dir='ltr'><strong>nostram</strong></span> <span class='ocrx_word' id='word_1_116' title='bbox 1717 2332 1832 2424; x_wconf 91' lang='lat' dir='ltr'><strong>prout</strong></span> <span class='ocrx_word' id='word_1_117' title='bbox 1846 2346 1924 2395; x_wconf 86' lang='lat' dir='ltr'><strong>me-</strong></span> 
     </span>
     <span class='ocr_line' id='line_1_14' title="bbox 503 2448 1921 2557; baseline -0.001 -30"><span class='ocrx_word' id='word_1_118' title='bbox 503 2450 578 2527; x_wconf 82' lang='lat' dir='ltr'><strong>lius</strong></span> <span class='ocrx_word' id='word_1_119' title='bbox 590 2449 760 2527; x_wconf 86' lang='lat' dir='ltr'><strong>videritis</strong></span> <span class='ocrx_word' id='word_1_120' title='bbox 779 2448 936 2528; x_wconf 73' lang='lat' dir='ltr'><strong>faciatis:</strong></span> <span class='ocrx_word' id='word_1_121' title='bbox 951 2448 1086 2528; x_wconf 83' lang='lat' dir='ltr'><strong>Actum</strong></span> <span class='ocrx_word' id='word_1_122' title='bbox 1101 2450 1274 2539; x_wconf 71' lang='lat' dir='ltr'><strong>Firmis,</strong></span> <span class='ocrx_word' id='word_1_123' title='bbox 1296 2450 1360 2529; x_wconf 86' lang='lat' dir='ltr'><strong>die</strong></span> <span class='ocrx_word' id='word_1_124' title='bbox 1378 2449 1495 2540; x_wconf 74' lang='lat' dir='ltr'><strong>Jovis,</strong></span> <span class='ocrx_word' id='word_1_125' title='bbox 1515 2466 1600 2557; x_wconf 87' lang='lat' dir='ltr'><strong>post</strong></span> <span class='ocrx_word' id='word_1_126' title='bbox 1619 2448 1921 2537; x_wconf 80' lang='lat' dir='ltr'><strong>Penthecosteur,</strong></span> 
     </span>
     <span class='ocr_line' id='line_1_15' title="bbox 503 2580 1441 2661; baseline 0 -2"><span class='ocrx_word' id='word_1_127' title='bbox 503 2610 602 2660; x_wconf 84' lang='lat' dir='ltr'><strong>auno</strong></span> <span class='ocrx_word' id='word_1_128' title='bbox 621 2581 774 2659; x_wconf 85' lang='lat' dir='ltr'><strong>Domini</strong></span> <span class='ocrx_word' id='word_1_129' title='bbox 795 2580 999 2661; x_wconf 79' lang='lat' dir='ltr'><strong>millesimo</strong></span> <span class='ocrx_word' id='word_1_130' title='bbox 1013 2581 1280 2660; x_wconf 87' lang='lat' dir='ltr'><strong>trecentesimo</strong></span> <span class='ocrx_word' id='word_1_131' title='bbox 1301 2596 1441 2659; x_wconf 80' lang='lat' dir='ltr'><strong>octavo.</strong></span> 
     </span>
     <span class='ocr_line' id='line_1_16' title="bbox 559 2713 957 2818; baseline -0.013 -26"><span class='ocrx_word' id='word_1_132' title='bbox 559 2715 725 2792; x_wconf 78' lang='lat' dir='ltr'><strong>Cortona</strong></span> <span class='ocrx_word' id='word_1_133' title='bbox 744 2713 957 2818; x_wconf 71' lang='lat' dir='ltr'><strong>reportavit.</strong></span> 
     </span>
    </p>
   </div>
   <div class='ocr_carea' id='block_1_3' title="bbox 779 3254 1658 3374">
    <p class='ocr_par' dir='ltr' id='par_1_3' title="bbox 779 3254 1658 3374">
     <span class='ocr_line' id='line_1_17' title="bbox 779 3254 1658 3374; baseline 0.002 -31"><span class='ocrx_word' id='word_1_134' title='bbox 779 3256 1119 3374; x_wconf 84' lang='lat' dir='ltr'>INQUESTE</span> <span class='ocrx_word' id='word_1_135' title='bbox 1156 3256 1236 3343; x_wconf 87' lang='grc' dir='ltr'><strong>ΕΤ</strong></span> <span class='ocrx_word' id='word_1_136' title='bbox 1274 3254 1658 3347; x_wconf 77' lang='lat' dir='ltr'>PROCESSUS</span> 
     </span>
    </p>
   </div>
   <div class='ocr_carea' id='block_1_4' title="bbox 547 3533 1879 3602">
    <p class='ocr_par' dir='ltr' id='par_1_4' title="bbox 547 3533 1879 3602">
     <span class='ocr_line' id='line_1_18' title="bbox 547 3533 1879 3602; baseline 0 -13"><span class='ocrx_word' id='word_1_137' title='bbox 547 3539 616 3590; x_wconf 73' lang='lat' dir='ltr'><strong>PER</strong></span> <span class='ocrx_word' id='word_1_138' title='bbox 637 3536 765 3590; x_wconf 71' lang='lat' dir='ltr'>GURIA!</span> <span class='ocrx_word' id='word_1_139' title='bbox 784 3536 944 3589; x_wconf 76' lang='lat' dir='ltr'><strong>mutum</strong></span> <span class='ocrx_word' id='word_1_140' title='bbox 964 3537 997 3587; x_wconf 79' lang='grc' dir='ltr'><strong>ΙΝ</strong></span> <span class='ocrx_word' id='word_1_141' title='bbox 1017 3534 1249 3589; x_wconf 67' lang='lat' dir='ltr'><strong>rtuttttzrtro</strong></span> <span class='ocrx_word' id='word_1_142' title='bbox 1269 3533 1478 3588; x_wconf 73' lang='lat' dir='ltr'><strong>ocrtntuuu</strong></span> <span class='ocrx_word' id='word_1_143' title='bbox 1498 3536 1719 3591; x_wconf 65' lang='lat' dir='ltr'><strong>strumus</strong></span> <span class='ocrx_word' id='word_1_144' title='bbox 1739 3537 1879 3602; x_wconf 67' lang='lat' dir='ltr'><strong>uoltus,</strong></span> 
     </span>
    </p>
   </div>
   <div class='ocr_carea' id='block_1_5' title="bbox 1068 3788 1357 3833">
    <p class='ocr_par' dir='ltr' id='par_1_5' title="bbox 1068 3788 1357 3833">
     <span class='ocr_line' id='line_1_19' title="bbox 1068 3788 1357 3833; baseline -0.003 -3"><span class='ocrx_word' id='word_1_145' title='bbox 1068 3788 1159 3831; x_wconf 74' lang='grc' dir='ltr'><strong>ΔΙΙΟ</strong></span> <span class='ocrx_word' id='word_1_146' title='bbox 1183 3788 1357 3833; x_wconf 70' lang='grc' dir='ltr'><strong>ἊῦῦῦῊΙΙ.</strong></span> 
     </span>
    </p>
   </div>
   <div class='ocr_carea' id='block_1_6' title="bbox 492 4021 1923 5180">
    <p class='ocr_par' dir='ltr' id='par_1_6' title="bbox 492 4021 1923 5180">
     <span class='ocr_line' id='line_1_20' title="bbox 557 4021 1919 4130; baseline 0.007 -31"><span class='ocrx_word' id='word_1_147' title='bbox 557 4024 583 4099; x_wconf 88' lang='lat'><strong>1.</strong></span> <span class='ocrx_word' id='word_1_148' title='bbox 614 4022 714 4100; x_wconf 86' lang='lat' dir='ltr'><strong>Cum</strong></span> <span class='ocrx_word' id='word_1_149' title='bbox 729 4021 960 4130; x_wconf 74' lang='lat' dir='ltr'><strong>jamdudum</strong></span> <span class='ocrx_word' id='word_1_150' title='bbox 976 4024 1149 4102; x_wconf 84' lang='lat' dir='ltr'><strong>eonsules</strong></span> <span class='ocrx_word' id='word_1_151' title='bbox 1166 4042 1204 4104; x_wconf 87' lang='lat' dir='ltr'><strong>et</strong></span> <span class='ocrx_word' id='word_1_152' title='bbox 1221 4025 1442 4104; x_wconf 78' lang='lat' dir='ltr'><strong>universitas</strong></span> <span class='ocrx_word' id='word_1_153' title='bbox 1458 4025 1604 4106; x_wconf 76' lang='lat' dir='ltr'><strong>bastide</strong></span> <span class='ocrx_word' id='word_1_154' title='bbox 1626 4026 1919 4117; x_wconf 59' lang='lat' dir='ltr'><strong>monstenem,</strong></span> 
     </span>
     <span class='ocr_line' id='line_1_21' title="bbox 499 4153 1923 4262; baseline 0.004 -32"><span class='ocrx_word' id='word_1_155' title='bbox 499 4180 569 4261; x_wconf 91' lang='lat' dir='ltr'><strong>per</strong></span> <span class='ocrx_word' id='word_1_156' title='bbox 587 4153 691 4229; x_wconf 84' lang='lat' dir='ltr'><strong>curie</strong></span> <span class='ocrx_word' id='word_1_157' title='bbox 707 4170 833 4232; x_wconf 76' lang='lat' dir='ltr'><strong>nostre</strong></span> <span class='ocrx_word' id='word_1_158' title='bbox 846 4154 1054 4262; x_wconf 82' lang='lat' dir='ltr'><strong>judicium,</strong></span> <span class='ocrx_word' id='word_1_159' title='bbox 1072 4155 1312 4235; x_wconf 78' lang='lat' dir='ltr'><strong>condemnati</strong></span> <span class='ocrx_word' id='word_1_160' title='bbox 1325 4154 1484 4236; x_wconf 79' lang='lat' dir='ltr'><strong>fuissent</strong></span> <span class='ocrx_word' id='word_1_161' title='bbox 1503 4156 1551 4235; x_wconf 82' lang='lat' dir='ltr'><strong>ad</strong></span> <span class='ocrx_word' id='word_1_162' title='bbox 1569 4157 1792 4237; x_wconf 80' lang='lat' dir='ltr'><strong>solvendum</strong></span> <span class='ocrx_word' id='word_1_163' title='bbox 1812 4160 1923 4238; x_wconf 89' lang='lat' dir='ltr'><strong>uobis</strong></span> 
     </span>
     <span class='ocr_line' id='line_1_22' title="bbox 499 4284 1922 4396; baseline 0.003 -35"><span class='ocrx_word' id='word_1_164' title='bbox 499 4303 663 4393; x_wconf 81' lang='lat' dir='ltr'><strong>quatuor</strong></span> <span class='ocrx_word' id='word_1_165' title='bbox 671 4284 790 4362; x_wconf 83' lang='lat' dir='ltr'><strong>millia</strong></span> <span class='ocrx_word' id='word_1_166' title='bbox 800 4284 982 4364; x_wconf 86' lang='lat' dir='ltr'><strong>librarum</strong></span> <span class='ocrx_word' id='word_1_167' title='bbox 997 4314 1197 4395; x_wconf 80' lang='lat' dir='ltr'><strong>parvorum</strong></span> <span class='ocrx_word' id='word_1_168' title='bbox 1206 4288 1503 4379; x_wconf 86' lang='lat' dir='ltr'><strong>Turonensium‚</strong></span> <span class='ocrx_word' id='word_1_169' title='bbox 1515 4316 1585 4396; x_wconf 85' lang='lat' dir='ltr'><strong>pro</strong></span> <span class='ocrx_word' id='word_1_170' title='bbox 1596 4290 1704 4396; x_wconf 85' lang='lat' dir='ltr'><strong>penis</strong></span> <span class='ocrx_word' id='word_1_171' title='bbox 1715 4288 1846 4367; x_wconf 81' lang='lat' dir='ltr'><strong>ieratis</strong></span> <span class='ocrx_word' id='word_1_172' title='bbox 1856 4315 1922 4395; x_wconf 88' lang='lat' dir='ltr'><strong>per</strong></span> 
     </span>
     <span class='ocr_line' id='line_1_23' title="bbox 498 4416 1921 4524; baseline 0.004 -33"><span class='ocrx_word' id='word_1_173' title='bbox 498 4417 599 4522; x_wconf 91' lang='lat' dir='ltr'><strong>ipsos</strong></span> <span class='ocrx_word' id='word_1_174' title='bbox 610 4417 774 4524; x_wconf 81' lang='lat' dir='ltr'><strong>ejuratis</strong></span> <span class='ocrx_word' id='word_1_175' title='bbox 786 4416 885 4495; x_wconf 87' lang='lat' dir='ltr'><strong>dicte</strong></span> <span class='ocrx_word' id='word_1_176' title='bbox 898 4418 1045 4497; x_wconf 84' lang='lat' dir='ltr'><strong>bastide</strong></span> <span class='ocrx_word' id='word_1_177' title='bbox 1061 4446 1139 4497; x_wconf 89' lang='lat' dir='ltr'><strong>non</strong></span> <span class='ocrx_word' id='word_1_178' title='bbox 1153 4420 1417 4499; x_wconf 80' lang='lat' dir='ltr'><strong>edificantibus</strong></span> <span class='ocrx_word' id='word_1_179' title='bbox 1429 4448 1499 4498; x_wconf 86' lang='lat' dir='ltr'><strong>nee</strong></span> <span class='ocrx_word' id='word_1_180' title='bbox 1510 4419 1764 4499; x_wconf 83' lang='lat' dir='ltr'><strong>residentibus</strong></span> <span class='ocrx_word' id='word_1_181' title='bbox 1772 4421 1814 4497; x_wconf 89' lang='lat' dir='ltr'><strong>in</strong></span> <span class='ocrx_word' id='word_1_182' title='bbox 1824 4420 1921 4497; x_wconf 79' lang='lat' dir='ltr'><strong>diets</strong></span> 
     </span>
     <span class='ocr_line' id='line_1_24' title="bbox 498 4545 1922 4659; baseline 0.006 -36"><span class='ocrx_word' id='word_1_183' title='bbox 498 4545 644 4625; x_wconf 78' lang='lat' dir='ltr'><strong>bustida</strong></span> <span class='ocrx_word' id='word_1_184' title='bbox 658 4548 950 4639; x_wconf 79' lang='lat' dir='ltr'><strong>Montis-Deme</strong></span> <span class='ocrx_word' id='word_1_185' title='bbox 968 4551 1040 4628; x_wconf 88' lang='lat' dir='ltr'><strong>hoc</strong></span> <span class='ocrx_word' id='word_1_186' title='bbox 1055 4550 1201 4657; x_wconf 83' lang='lat' dir='ltr'><strong>adjecto</strong></span> <span class='ocrx_word' id='word_1_187' title='bbox 1218 4550 1256 4627; x_wconf 94' lang='lat' dir='ltr'><strong>iu</strong></span> <span class='ocrx_word' id='word_1_188' title='bbox 1267 4552 1437 4659; x_wconf 83' lang='lat' dir='ltr'><strong>judicato</strong></span> <span class='ocrx_word' id='word_1_189' title='bbox 1452 4551 1623 4657; x_wconf 86' lang='lat' dir='ltr'><strong>predicto</strong></span> <span class='ocrx_word' id='word_1_190' title='bbox 1638 4550 1744 4659; x_wconf 83' lang='lat' dir='ltr'><strong>quod</strong></span> <span class='ocrx_word' id='word_1_191' title='bbox 1757 4552 1848 4630; x_wconf 86' lang='lat' dir='ltr'><strong>dicti</strong></span> <span class='ocrx_word' id='word_1_192' title='bbox 1862 4552 1922 4659; x_wconf 91' lang='lat' dir='ltr'><strong>ju·</strong></span> 
     </span>
     <span class='ocr_line' id='line_1_25' title="bbox 500 4676 1918 4786; baseline 0.006 -34"><span class='ocrx_word' id='word_1_193' title='bbox 500 4676 610 4753; x_wconf 75' lang='lat' dir='ltr'><strong>dicati</strong></span> <span class='ocrx_word' id='word_1_194' title='bbox 622 4704 797 4757; x_wconf 82' lang='lat' dir='ltr'><strong>erecucro</strong></span> <span class='ocrx_word' id='word_1_195' title='bbox 806 4678 1084 4786; x_wconf 73' lang='lat' dir='ltr'><strong>aliquantulum</strong></span> <span class='ocrx_word' id='word_1_196' title='bbox 1096 4680 1323 4769; x_wconf 80' lang='lat' dir='ltr'><strong>drfferretur</strong></span> <span class='ocrx_word' id='word_1_197' title='bbox 1336 4680 1918 4773; x_wconf 80' lang='lat' dir='ltr'><strong>etvideretursidieticensules</strong></span> 
     </span>
     <span class='ocr_line' id='line_1_26' title="bbox 499 4806 1919 4921; baseline 0.007 -41"><span class='ocrx_word' id='word_1_198' title='bbox 499 4806 595 4882; x_wconf 82' lang='lat' dir='ltr'><strong>infra</strong></span> <span class='ocrx_word' id='word_1_199' title='bbox 609 4808 804 4886; x_wconf 87' lang='lat' dir='ltr'><strong>modicum</strong></span> <span class='ocrx_word' id='word_1_200' title='bbox 817 4828 983 4918; x_wconf 83' lang='lat' dir='ltr'><strong>tempus,</strong></span> <span class='ocrx_word' id='word_1_201' title='bbox 1001 4812 1254 4919; x_wconf 80' lang='lat' dir='ltr'><strong>producerent</strong></span> <span class='ocrx_word' id='word_1_202' title='bbox 1266 4812 1434 4921; x_wconf 77' lang='lat' dir='ltr'><strong>quedem</strong></span> <span class='ocrx_word' id='word_1_203' title='bbox 1446 4813 1637 4921; x_wconf 81' lang='lat' dir='ltr'><strong>prrvrlegu</strong></span> <span class='ocrx_word' id='word_1_204' title='bbox 1650 4838 1808 4919; x_wconf 80' lang='lat' dir='ltr'><strong>perque</strong></span> <span class='ocrx_word' id='word_1_205' title='bbox 1822 4811 1919 4890; x_wconf 85' lang='lat' dir='ltr'><strong>diee-</strong></span> 
     </span>
     <span class='ocr_line' id='line_1_27' title="bbox 498 4935 1918 5051; baseline 0.004 -39"><span class='ocrx_word' id='word_1_206' title='bbox 498 4935 588 5014; x_wconf 84' lang='lat' dir='ltr'><strong>buut</strong></span> <span class='ocrx_word' id='word_1_207' title='bbox 611 4964 650 5013; x_wconf 86' lang='lat' dir='ltr'><strong>se</strong></span> <span class='ocrx_word' id='word_1_208' title='bbox 669 4964 751 5016; x_wconf 80' lang='lat' dir='ltr'><strong>esse</strong></span> <span class='ocrx_word' id='word_1_209' title='bbox 770 4940 961 5021; x_wconf 82' lang='lat' dir='ltr'><strong>immunes</strong></span> <span class='ocrx_word' id='word_1_210' title='bbox 978 4971 1000 5020; x_wconf 79' lang='grc' dir='ltr'>ι</span> <span class='ocrx_word' id='word_1_211' title='bbox 1017 4943 1205 5021; x_wconf 80' lang='lat' dir='ltr'><strong>dicturum</strong></span> <span class='ocrx_word' id='word_1_212' title='bbox 1226 4970 1409 5050; x_wconf 84' lang='lat' dir='ltr'><strong>penarum</strong></span> <span class='ocrx_word' id='word_1_213' title='bbox 1428 4943 1676 5051; x_wconf 66' lang='lat' dir='ltr'><strong>prestacioue</strong></span> <span class='ocrx_word' id='word_1_214' title='bbox 1698 4940 1918 5047; x_wconf 66' lang='lat' dir='ltr'><strong>dirumque</strong></span> 
     </span>
     <span class='ocr_line' id='line_1_28' title="bbox 492 5068 1918 5180; baseline 0.004 -39"><span class='ocrx_word' id='word_1_215' title='bbox 492 5068 706 5174; x_wconf 78' lang='lat' dir='ltr'><strong>judicatum</strong></span> <span class='ocrx_word' id='word_1_216' title='bbox 723 5096 821 5147; x_wconf 79' lang='lat' dir='ltr'><strong>anuo</strong></span> <span class='ocrx_word' id='word_1_217' title='bbox 842 5073 996 5151; x_wconf 78' lang='lat' dir='ltr'><strong>Domini</strong></span> <span class='ocrx_word' id='word_1_218' title='bbox 1018 5074 1220 5153; x_wconf 81' lang='lat' dir='ltr'><strong>millesimo</strong></span> <span class='ocrx_word' id='word_1_219' title='bbox 1240 5074 1506 5153; x_wconf 81' lang='lat' dir='ltr'><strong>trecentesimo</strong></span> <span class='ocrx_word' id='word_1_220' title='bbox 1523 5074 1649 5180; x_wconf 86' lang='lat' dir='ltr'><strong>primo</strong></span> <span class='ocrx_word' id='word_1_221' title='bbox 1665 5071 1779 5151; x_wconf 81' lang='lat' dir='ltr'><strong>fuerit</strong></span> <span class='ocrx_word' id='word_1_222' title='bbox 1795 5068 1918 5177; x_wconf 78' lang='lat' dir='ltr'><strong>prelu-</strong></span> 
     </span>
    </p>
   </div>
   <div class='ocr_carea' id='block_1_7' title="bbox 0 0 2230 6209">
    <p class='ocr_par' dir='ltr' id='par_1_7' title="bbox 0 0 2230 6209">
     <span class='ocr_line' id='line_1_29' title="bbox 0 0 2230 6209; baseline 0 2"><span class='ocrx_word' id='word_1_223' title='bbox 0 0 2230 6209; x_wconf 95' lang='lat' dir='ltr'><strong> </strong></span> 
     </span>
    </p>
   </div>
  </div>
 </body>
</html>
