4450 6209
505 733 578 806 680
1085 734 1175 806 LES
1204 729 1345 803 OttM.

279 880 407 932 rmum
422 879 463 941 Νι
503 870 595 949 lacta
617 891 655 950 et
674 873 723 950 ad
734 872 987 980 judicandum
1005 891 1133 950 nostre
1154 872 1256 948 curie
1278 883 1483 975 reportata,
1506 867 1724 973 auditisque
1747 869 1785 944 in
1804 869 1921 974 parla-

504 1021 632 1082 mento
646 1005 811 1111 presenti
829 1003 999 1109 partibus
1011 1002 1224 1090 antedictis,
1240 1017 1278 1079 et
1290 1001 1364 1076 visa
1377 999 1475 1076 dicta
1488 999 1678 1105 inquesta,
1694 1029 1782 1076 cum
1796 1018 1920 1079 nostre

504 1135 606 1212 curie
627 1136 775 1243 liquido
795 1135 1003 1212 constiterit
1017 1165 1084 1241 per
1101 1134 1268 1241 predicta
1284 1131 1388 1238 quod
1408 1130 1499 1208 dicti
1519 1131 1684 1236 episcopi
1705 1131 1822 1220 curia,
1844 1133 1919 1210 dic·

461 1345 471 1354 ,
502 1282 584 1342 tum
606 1265 723 1344 duelli
744 1267 895 1374 gagium
915 1265 1183 1372 adjudicando,
1204 1291 1374 1370 expresse
1388 1261 1476 1340 lecit
1492 1277 1621 1339 contra
1640 1262 1917 1340 ordinacionem

503 1414 666 1474 nostram
681 1397 886 1502 predictam
901 1423 1013 1503 super
1023 1395 1139 1503 gagiis
1150 1391 1366 1470 duellorum
1379 1392 1526 1468 notorie
1540 1408 1579 1469 et
1585 1391 1793 1472 solenniter
1804 1395 1919 1500 publi-

341 971 401 1012 1³11.

503 1543 636 1614 catam,
655 1527 758 1604 curia
778 1542 918 1614 nostra,
940 1554 1009 1632 per
1021 1525 1210 1634 judicium
1224 1552 1355 1612 snum,
1373 1551 1527 1600 omnem
1545 1551 1763 1629 processum
1778 1525 1919 1630 predic-

502 1675 601 1745 tum,
627 1687 740 1765 super
759 1657 859 1736 dicto
883 1657 1002 1735 duelli
1017 1657 1125 1764 gagio
1140 1656 1330 1746 habiturn,
1348 1653 1511 1732 totaliter
1530 1655 1724 1742 enullavit,
1742 1672 1782 1732 et
1797 1685 1918 1760 prece-

503 1789 558 1895 pit
572 1788 676 1895 quod
687 1788 796 1866 dictis
811 1785 995 1864 scutiferis
1010 1787 1100 1864 dicti
1118 1787 1204 1892 equi
1222 1801 1259 1862 et
1274 1814 1376 1862 arma
1392 1801 1430 1862 et
1444 1784 1515 1862 alia
1528 1813 1661 1863 eornm
1671 1785 1786 1878 bona,
1804 1788 1917 1894 sique

504 1937 657 2025 propter
672 1919 745 1996 hoc
760 1919 1013 2004 detineantur,
1028 1917 1170 2023 absque
1188 1915 1424 2005 difficultate,
1444 1914 1650 1994 reddantur
1667 1932 1707 1993 et
1726 1917 1918 1996 cauciones

503 2079 611 2157 quas,
640 2078 709 2156 pro
739 2049 837 2126 dicta
865 2049 1100 2126 recredencia
1126 2047 1386 2134 tradiderunt,
1416 2075 1459 2124 ex
1489 2047 1634 2154 integro
1662 2046 1919 2125 deliberentur

502 2181 662 2272 eisdem,
677 2180 856 2288 quodque
875 2179 995 2258 dictus
1009 2178 1204 2285 episcopus
1219 2177 1437 2285 hujusmodi
1450 2176 1591 2254 lactum
1606 2177 1715 2255 nobis
1734 2178 1915 2266 emendet.

558 2311 714 2390 Veneris
729 2329 815 2417 post
827 2311 1064 2418 quandonam
1080 2309 1357 2388 Penthecostas.

557 2444 658 2550 Roya
677 2442 889 2548 reportavit.

557 2705 680 2786 XLVI.
713 2705 811 2783 Cum
832 2702 1082 2811 significatum
1098 2702 1207 2779 nobis
1221 2700 1371 2788 fuisset,
1390 2733 1431 2778 er
1448 2719 1551 2808 parte
1572 2703 1703 2782 decani
1719 2722 1756 2782 et
1772 2705 1916 2812 capituli

502 2836 813 2944 Ebroycensium,
832 2835 870 2910 in
889 2833 1040 2940 speciali
1057 2833 1169 2939 garda
1183 2849 1308 2909 nostra
1323 2833 1582 2920 existencium,
1598 2836 1716 2940 quod,
1732 2865 1820 2912 cum
1835 2836 1916 2941 ipsi,

504 2968 652 3044 racione
687 2965 935 3072 quarumdam
970 2963 1223 3052 decimarum,
1256 2963 1360 3039 citari
1389 2963 1582 3052 fecissent,
1617 2993 1743 3042 coram
1772 2965 1917 3044 officiali

504 3097 750 3204 Ebroycensi,
765 3097 918 3172 Petrum
933 3093 981 3172 de
996 3093 1246 3182 Garenceriis,
1265 3093 1441 3184 militem,
1458 3094 1581 3172 dictus
1597 3095 1725 3188 miles,
1741 3116 1840 3176 certa
1860 3100 1916 3174 die

502 3228 572 3305 sibi
598 3228 797 3333 assignata,
823 3227 862 3302 in
882 3224 1027 3332 judicio
1054 3254 1180 3303 coram
1207 3224 1309 3304 dicto
1334 3224 1482 3303 officiali
1506 3227 1753 3330 personaliter
1771 3257 1917 3334 compa-

502 3387 608 3449 rens,
636 3359 816 3466 magistro
846 3357 1007 3448 Simoni,
1037 3356 1139 3434 dicto
1168 3356 1347 3445 Mouton,
1377 3358 1555 3433 advocato
1582 3357 1770 3434 dictorum
1792 3360 1915 3436 decani

503 3507 540 3566 et
553 3489 706 3595 capituli
723 3489 761 3566 in
777 3516 884 3565 causa
896 3486 1082 3595 predicta,
1101 3487 1378 3575 comminando,
1396 3487 1489 3564 dixit
1501 3487 1624 3592 quod,
1640 3489 1670 3564 si
1685 3489 1822 3566 dictam
1837 3519 1916 3566 cau·

501 3647 579 3697 sam
598 3620 791 3726 predictus
809 3619 919 3697 miles
937 3619 1142 3706 amitteret,
1167 3645 1235 3724 per
1256 3617 1372 3723 ipsius
1392 3618 1556 3726 magistri
1573 3619 1746 3725 Symonis
1765 3623 1917 3726 patroci-

502 3754 625 3840 nium,
654 3752 820 3859 linguam
842 3751 875 3826 ei
901 3749 1085 3856 amputari
1106 3765 1145 3826 et
1162 3749 1294 3826 dentes
1320 3751 1401 3857 ejus
1421 3778 1543 3826 unum
1564 3778 1633 3856 per
1648 3751 1764 3827 alium
1780 3752 1912 3829 extrahi

501 3882 654 3971 faceret3
677 3881 874 3987 exquibus
890 3880 979 3956 dicti
999 3880 1176 3968 decanus,
1195 3879 1415 3986 capitulum,
1435 3909 1477 3956 ac
1491 3881 1667 3989 magister
1681 3882 1822 3988 Symon
1836 3911 1914 3988 pre-

502 4011 636 4101 dictus,
652 4028 689 4088 et
706 4010 767 4088 alii
781 4011 968 4087 dictorum
985 4009 1118 4087 decani
1134 4028 1171 4087 et
1188 4011 1339 4117 capituli
1352 4011 1568 4099 consiliarii,
1582 4011 1785 4090 servientes
1801 4030 1838 4089 et
1851 4015 1914 4088 mi-

502 4141 625 4230 nistri,
648 4142 696 4219 de
718 4140 818 4218 dicto
835 4140 954 4218 milite
976 4157 1013 4220 et
1032 4141 1126 4229 suis,
1148 4141 1219 4219 sibi
1241 4160 1279 4220 et
1297 4142 1374 4218 suis
1387 4143 1524 4220 merito
1542 4143 1734 4230 timentes,
1757 4160 1800 4220 ut
1818 4145 1913 4222 dice

501 4273 608 4360 bant,
625 4273 735 4350 nobis
753 4271 1013 4378 supplicarunt
1029 4289 1073 4349 ut
1087 4271 1224 4350 ballivo
1238 4290 1368 4350 nostro
1379 4272 1533 4352 Gisortii
1549 4274 1813 4353 mandaremus
1827 4292 1914 4382 quot

502 4404 690 4510 predictos
707 4405 893 4482 decanum
913 4421 951 4481 et
970 4403 1176 4511 capitulum
1194 4421 1232 4480 et
1247 4433 1380 4482 eorum
1395 4403 1643 4493 consiliarios,
1665 4406 1864 4484 servientes
1880 4425 1914 4483 et

502 4537 692 4614 ministros
717 4552 755 4612 et
778 4535 877 4613 hona
901 4563 968 4612 sua
993 4533 1041 4612 de
1067 4535 1169 4612 dicto
1192 4535 1310 4612 milite
1337 4552 1374 4612 et
1400 4536 1478 4612 suis
1497 4536 1679 4644 legittime
1703 4535 1841 4616 laceret
1864 4567 1914 4614 as·

502 4667 685 4754 securari,
707 4681 821 4771 prout
846 4665 965 4772 patrie
988 4667 1223 4744 consuetudo
1244 4665 1425 4756 dictabat;
1453 4694 1523 4744 nos
1545 4694 1633 4744 vcro
1652 4668 1912 4773 supplicacioni

501 4795 669 4899 predicte
698 4814 921 4886 annuentes,
948 4797 1119 4903 predicto
1142 4797 1279 4876 ballivo
1305 4797 1562 4876 mandavimus
1586 4815 1681 4904 quot
1707 4799 1755 4889 si,
1785 4796 1913 4876 vocatis

504 4927 722 5018 evocandis,
738 4927 787 5004 ita
807 4956 886 5005 esse
902 4927 972 5006 sibi
993 4945 1204 5035 appareret,
1223 4928 1413 5035 predictos
1433 4929 1616 5006 decanum
1633 4945 1672 5006 et
1692 4929 1910 5035 capitulum,

512 5085 644 5134 eorum
665 5056 911 5146 consiliarios,
933 5059 1137 5152 servientes
1155 5074 1195 5137 et
1213 5059 1419 5148 ministros,
1436 5086 1612 5137 unacum
1631 5058 1742 5138 bonis
1760 5061 1852 5148 suis,
1869 5058 1911 5136 de
