4450 6209
525 722 599 797 3118
1103 724 1192 797 LES
1222 722 1360 797 OLIM.

136 928 144 943 .
300 872 430 1010 Pupp:
443 872 486 937 Ν,
524 894 571 944 eo
586 864 693 973 quod
707 866 799 943 dieti
815 865 980 973 religiosi
995 865 1170 943 dicebant
1182 864 1302 974 qnod,
1318 894 1406 946 cum
1422 868 1491 974 ipsi
1503 884 1694 957 tenerent,
1709 894 1870 945 excausa
1881 896 1935 945 ra·

522 997 640 1086 chad,
663 998 857 1105 majoriam
878 997 928 1076 de
946 996 1160 1105 Boyssiaco,
1182 1014 1397 1075 moventem
1417 997 1464 1076 de
1484 996 1597 1077 feodo
1617 999 1835 1077 monasterii
1854 1026 1932 1104 pre-

524 1128 629 1218 dicti,
644 1144 698 1218 et,
714 1128 858 1207 utendo
865 1129 954 1237 jure
966 1156 1048 1216 suo,
1063 1126 1239 1207 fecissent
1248 1128 1368 1207 scindi
1384 1128 1586 1208 duodecim
1598 1156 1758 1235 quereus
1772 1129 1812 1207 in
1826 1128 1931 1207 boses

524 1258 615 1337 dicti
627 1257 730 1337 feodi
746 1260 960 1349 existentes,
977 1274 1110 1369 gentes
1130 1275 1257 1337 nostre
1273 1259 1395 1337 dictos
1407 1286 1569 1368 quereus
1583 1274 1760 1366 ceperant
1773 1275 1813 1336 et
1829 1288 1931 1339 arras

521 1404 689 1467 taverant
712 1388 840 1467 minus
857 1388 985 1498 juste,
1007 1416 1123 1496 mare
1141 1387 1320 1497 petebant
1338 1389 1458 1471 dictos
1478 1418 1639 1497 quereus
1659 1388 1731 1469 sibi
1755 1389 1865 1469 reddi
1880 1390 1931 1469 rel

521 1520 685 1598 valorem
706 1548 862 1611 eorum;
878 1518 999 1598 Adam
1018 1520 1121 1598 dicto
1139 1518 1415 1613 Chaos-liene,
1437 1520 1561 1599 milite
1580 1536 1725 1613 nostro,
1743 1518 1930 1601 forestario

520 1646 829 1741 Chaumontesii,
848 1651 1080 1730 eontrarium
1107 1667 1295 1765 asserente
1317 1682 1326 1727 ε
1345 1652 1519 1759 inquesta
1543 1651 1659 1761 igitur
1686 1650 1734 1729 de
1761 1650 1930 1729 mandato

518 1797 647 1859 nostro
671 1810 786 1889 super
806 1781 879 1860 hoc
900 1779 996 1860 facta
1017 1782 1094 1860 visa
1112 1798 1152 1860 et
1169 1780 1372 1891 diligenter
1391 1782 1619 1873 examinata,
1638 1810 1708 1889 per
1727 1782 1831 1859 ourie
1852 1808 1929 1859 nos-

518 1928 576 1988 tre
583 1911 790 2021 judicium,
806 1911 952 1991 dietum
964 1910 1038 1991 fuit
1049 1913 1156 2020 quod
1172 1912 1272 1992 dicte
1285 1942 1447 2023 quorem
1460 1913 1709 1993 restituentur
1721 1912 1863 1992 eisdem
1877 1937 1928 1989 rs·

518 2041 661 2152 iigiosis
672 2041 732 2121 vel
745 2043 849 2122 valor
868 2042 1101 2121 eorumdem.

399 2196 407 2209 ·
572 2174 771 2252 Dominica
790 2172 970 2281 predicta.

580 2303 693 2383 Greci
711 2304 925 2411 reportarit

543 2632 549 2642 .
572 2568 697 2649 XCIV.
727 2569 842 2659 Cum,
856 2587 959 2648 mota
976 2570 1174 2678 questione
1191 2572 1289 2651 inter
1304 2569 1533 2651 abbatemet
1551 2589 1777 2650 conventum
1789 2596 1928 2649 mones·

517 2701 602 2779 terii
622 2702 959 2781 Sancti-Benedicti
980 2702 1246 2793 Floriacensis,
1269 2734 1312 2781 ex
1330 2733 1406 2783 una
1430 2720 1553 2810 parte,
1573 2721 1611 2782 et
1626 2722 1757 2812 gentes
1775 2721 1928 2792 nostris,

517 2860 586 2939 pro
602 2832 729 2922 nobis,
745 2861 789 2909 ex
809 2832 941 2927 altera,
956 2863 1069 2941 super
1084 2864 1130 2913 eo
1149 2836 1254 2941 quod
1268 2834 1357 2913 dicti
1378 2834 1544 2943 religiosi
1564 2835 1740 2913 dicebant
1758 2834 1929 2942 quod,in

516 2962 678 3070 quadam
690 2964 811 3041 venda
822 2963 915 3043 faeta
927 2993 998 3072 per
1009 2982 1140 3074 gentes
1153 2982 1297 3044 nostras
1310 2967 1350 3043 in
1366 2964 1451 3045 loeo
1464 2966 1531 3074 qui
1546 2965 1686 3045 dieitur
1702 2968 1931 3045 La-Brocea-

516 3091 697 3183 lewine,
711 3112 856 3201 partem
867 3095 1137 3203 pertinentem,
1145 3096 1231 3205 jure
1244 3096 1480 3188 dominii,ad
1490 3096 1636 3175 dictum
1649 3098 1927 3185 monasterinm,

515 3225 724 3304 secundum
741 3227 996 3305 ostensionem
1017 3256 1131 3334 super
1150 3226 1224 3305 hoe
1242 3226 1393 3319 saetam,
1409 3226 1585 3306 videlicet
1603 3255 1624 3304 a
1639 3254 1782 3333 quercu
1801 3254 1930 3335 prepo-

515 3357 592 3449 siti,
614 3375 728 3463 prout
745 3358 901 3465 quidam
920 3359 1097 3466 antiquus
1117 3357 1276 3437 fossatus
1292 3388 1335 3437 se
1355 3374 1579 3467 oomportat,
1597 3376 1727 3467 gentes
1742 3376 1869 3437 nostre
1883 3360 1929 3435 in·

516 3486 702 3565 cluserunt
713 3487 840 3566 minus
847 3488 967 3595 juste,
978 3517 1099 3596 *quare
1107 3490 1290 3597 petebant
1296 3489 1506 3569 clausuram
1524 3490 1622 3569 dicte
1631 3490 1751 3569 vende
1760 3490 1926 3597 restringi

515 3644 635 3724 usque
645 3616 694 3693 ad
705 3614 832 3694 iocum
841 3619 1053 3725 predictum
1066 3636 1257 3698 ostensum
1267 3654 1277 3711 t
1289 3620 1409 3699 Adam
1421 3621 1521 3698 dicto
1532 3620 1799 3712 Chaceiievre,
1812 3619 1924 3697 milite

516 3765 554 3823 et
571 3748 749 3855 magistro
763 3746 988 3826 forestarum
1006 3767 1242 3842 nostrarum,
1259 3780 1330 3860 pro
1346 3750 1473 3841 nobis,
1490 3752 1718 3829 eontrarium
1735 3768 1923 3837 asserente,

516 3893 553 3951 et
577 3876 725 3954 dicente
745 3877 850 3984 quod
869 3868 992 3956 dictus
1012 3879 1118 3957 loeus
1136 3898 1311 3960 ostensus
1331 3880 1380 3959 ad
1399 3910 1469 3959 nos
1486 3881 1725 3989 pertinebat:
1743 3882 1922 3989 inquom,

431 4058 436 4064 -
514 4005 683 4111 partibus
696 4001 833 4085 vocatis
846 4007 1087 4089 demandato
1101 4028 1249 4103 nostru,
1266 4041 1380 4119 super
1394 4013 1467 4091 hoc
1480 4012 1575 4091 faeta
1589 4012 1666 4093 visa
1682 4030 1720 4091 et
1735 4013 1924 4122 diligenter

513 4136 695 4241 inspeota,
717 4167 785 4245 per
801 4139 905 4217 curie
924 4158 1054 4218 nostre
1062 4141 1268 4248 judicium,
1284 4142 1428 4221 dictum
1443 4140 1515 4220 suit
1529 4143 1634 4250 quod
1650 4142 1748 4222 diota
1762 4144 1921 4223 clausura

514 4266 613 4347 dicte
632 4270 755 4347 vende
768 4272 1017 4378 restringetur
1036 4273 1227 4380 usquead
1246 4273 1372 4353 iocum
1389 4274 1646 4382 supradictum
1669 4293 1871 4356 ostensum.

569 4397 733 4479 Sabbato
751 4418 837 4508 post
855 4402 1277 4512 Sanctum-Georgium,
1297 4405 1399 4513 apud
1417 4405 1592 4485 Cachant.
1661 4451 1664 4461 ·

568 4528 675 4610 Croci
694 4533 907 4640 reportarit.

566 4791 675 4871 XCV.
706 4794 803 4872 Cum
828 4796 986 4875 rimrius
1013 4798 1180 4879 Tholose
1205 4802 1439 4910 Stephanum
1465 4804 1512 4883 de
1530 4801 1700 4895 Punetis,
1726 4802 1923 4882 Arnaldum

510 4920 657 5013 Briteri,
673 4925 897 5003 Durandum
913 4929 962 5006 de
981 4931 1102 5023 Tene,
1120 4932 1272 5010 Petrum
1290 4933 1337 5011 de
1359 4934 1511 5025 Salinis,
1526 4934 1794 5025 Guillelmm,
1811 4932 1921 5013 filium

510 5049 663 5131 Arnaldi
688 5053 737 5131 de
762 5056 935 5148 Finibus,
958 5061 1191 5140 Bernardum
1217 5062 1265 5142 de
1290 5066 1412 5157 Mora,
1436 5064 1670 5147 Bernardum
1692 5066 1873 5159 Eseolari,
1892 5080 1924 5141 et
