4450 6209
503 693 576 765 510
1081 691 1172 763 LES
1201 690 1342 764 OLlM.

274 848 459 909 munient,
499 835 694 944 predictis,
721 834 960 943 opposicione
985 832 1086 911 dicte
1111 862 1246 911 munus
1272 850 1398 911 nostre
1422 860 1501 913 nun
1522 834 1721 924 ubstmt03
1746 864 1767 912 a
1790 838 1930 944 quibus

337 940 399 985 1³10.

499 997 636 1047 manus
662 966 895 1046 amovicione
922 983 960 1044 et
984 965 1232 1073 permissione
1260 984 1480 1073 procurator
1506 984 1636 1045 noster
1660 966 1854 1074 predictus
1883 972 1930 1048 ad

500 1118 666 1179 nostram
692 1098 833 1178 curiam
855 1095 1069 1205 appellavit,
1085 1096 1335 1205 judicemque
1358 1098 1516 1177 indicte
1537 1097 1806 1205 appellrcionis
1823 1128 1929 1179 eausa

499 1231 727 1340 impetravit,
742 1230 826 1338 qni,
843 1228 995 1336 cognito
1012 1230 1060 1308 de
1075 1228 1173 1306 dicta
1186 1259 1311 1323 causa,
1329 1231 1606 1323 condemnem
1621 1230 1810 1338 partibus,
1829 1233 1929 1313 dicte

498 1364 601 1442 curie
617 1380 762 1453 nostre,
776 1361 925 1441 remisit
936 1361 1158 1439 instructam
1176 1389 1185 1436 t
1202 1360 1352 1439 Auditis
1370 1362 1499 1470 igitur,
1511 1362 1552 1439 in
1567 1364 1669 1441 curia
1683 1382 1825 1454 nostra,
1842 1392 1929 1471 pro-

497 1496 734 1575 curatoribus
752 1512 883 1574 nostro
908 1510 946 1571 et
969 1492 1060 1570 dicti
1082 1493 1265 1602 episcopi,
1288 1493 1449 1602 visisque
1474 1494 1676 1603 diligenter
1694 1496 1929 1601 processibus

496 1626 734 1736 supradictis,
749 1656 817 1736 per
829 1625 930 1705 dicte
939 1626 1042 1703 curie
1055 1642 1183 1704 nostre
1193 1625 1402 1734 judicium,
1418 1627 1561 1703 dictum
1573 1626 1661 1717 luit,
1677 1629 1931 1735 propterplu-

496 1790 557 1842 res
580 1759 764 1839 deffectus
789 1760 830 1836 in
854 1786 1033 1868 processu
1059 1758 1159 1836 dicte
1186 1786 1297 1835 cause
1326 1758 1544 1865 principalis
1572 1776 1757 1865 repertos,
1782 1760 1927 1837 dictum

495 1890 744 1971 senescallum
759 1891 800 1967 in
813 1890 1035 1998 hujusmodi
1051 1888 1151 1966 male
1164 1890 1405 1995 processisse,
1419 1908 1465 1967 et
1484 1891 1626 1967 dictum
1643 1906 1928 1996 procuratorem

496 2042 669 2103 nostrum
698 2024 799 2103 bene
822 2021 1045 2131 appellasse,
1072 2039 1111 2099 et
1140 2020 1245 2128 quod
1272 2020 1369 2099 dicte
1394 2039 1519 2129 partes
1544 2023 1583 2099 in
1605 2051 1650 2100 eo
1672 2040 1771 2100 statu
1792 2023 1832 2099 in
1851 2050 1929 2129 quo

496 2174 617 2247 erant,
638 2173 811 2264 tempore
834 2172 937 2233 mute
952 2154 1203 2233 controversie
1224 2152 1449 2260 supradicte,
1473 2170 1721 2261 reponentur,
1743 2154 1927 2231 dictarum

495 2289 661 2395 parcium
682 2288 723 2365 in
742 2286 922 2367 omnibus
939 2287 1026 2396 jure
1044 2285 1156 2365 salvo.

549 2422 592 2497 ln
605 2419 727 2530 vigilia
743 2419 966 2498 Candelose.

550 2552 713 2661 Mangon
729 2552 944 2659 reportavit.

550 2818 626 2894 Vll.
658 2816 741 2893 Lite
760 2831 881 2904 mota,
903 2844 1029 2894 coram
1048 2816 1241 2924 preposito
1262 2815 1518 2905 Laedunensi,
1540 2816 1587 2893 de
1608 2816 1788 2895 mandato
1801 2816 1926 2895 ballivi

494 2946 819 3037 Viromandensis,
845 2947 983 3024 virtute
1007 2948 1202 3057 cujusdam
1227 2948 1521 3040 commissionis,
1549 2948 1674 3025 eidem
1698 2947 1837 3027 ballivo
1861 2976 1929 3055 per

495 3080 638 3157 curiam
653 3096 819 3158 nostram
832 3077 945 3172 facte,
960 3096 1093 3158 contra
1106 3080 1272 3188 priorem
1287 3080 1622 3168 Sancti-Hermini,
1639 3104 1811 3187 supereo
1822 3080 1927 3187 quod

493 3210 685 3289 lohannes
709 3209 943 3301 Pilhavolne‚
970 3211 1135 3289 serviens
1157 3210 1347 3291 Castelleti
1371 3212 1603 3301 Parisiensis,
1631 3211 1778 3289 dicebat
1804 3214 1924 3318 quod,

493 3372 580 3422 cum
600 3345 696 3452 ipse,
719 3343 767 3422 de
787 3344 964 3422 mandato
979 3342 1128 3453 nostro,
1147 3343 1354 3422 destinaras
1368 3361 1467 3422 esset
1482 3344 1529 3421 ad
1546 3342 1854 3451 compellendum
1870 3374 1927 3422 re·

397 3495 401 3504 '
492 3476 611 3555 belles
625 3505 695 3584 pro
711 3477 904 3556 solucione
920 3475 1112 3554 decimalis
1129 3476 1305 3566 subsidii,
1326 3476 1374 3553 ad
1392 3474 1594 3583 locumque
1611 3476 1925 3555 Sancti-Hermini

492 3608 719 3699 accessisset,
741 3637 810 3714 pro
830 3608 1097 3716 compellendo
1112 3636 1228 3717 super
1245 3610 1318 3687 hoc
1336 3625 1521 3686 rectorem
1544 3607 1698 3687 ecclesie
1720 3608 1810 3685 dicti
1834 3607 1924 3701 loci,

492 3739 595 3815 idem
610 3740 716 3846 prior
728 3738 872 3815 dictum
885 3740 1126 3828 servientem,
1145 3739 1311 3819 officium
1326 3768 1438 3817 suum
1452 3754 1705 3828 exercentem,
1724 3740 1927 3818 crudeliter

491 3851 716 3960 ve'rberavit,
742 3885 786 3945 ut
811 3869 974 3958 dicebat,
1002 3869 1051 3947 ita
1077 3870 1184 3976 quod
1209 3869 1376 3949 officium
1404 3898 1514 3947 suum
1545 3898 1622 3949 non
1647 3872 1773 3978 potuit
1797 3900 1926 3949 execu-

493 3999 594 4077 cioni
615 3999 870 4077 demandare:
887 4002 1063 4108 Inquesta
1080 4000 1196 4111 igitur
1214 4002 1308 4079 facta
1329 4002 1377 4079 de
1396 4002 1606 4109 premissis,
1632 4020 1671 4079 et
1690 4002 1736 4079 ad
1753 4002 1925 4110 judican-

492 4131 588 4208 dum
607 4130 711 4209 curie
731 4148 857 4211 nostre
882 4150 1071 4240 reportata
1105 4150 1144 4210 et
1180 4133 1384 4243 diligenter
1409 4134 1591 4241 inspecta,
1617 4134 1705 4241 quia
1730 4134 1923 4211 inventum

491 4264 671 4370 estquod
689 4262 813 4341 dictus
839 4264 1019 4358 serviens,
1045 4262 1249 4373 requisitus
1275 4265 1418 4343 edicto
1437 4264 1561 4372 priore
1583 4264 1727 4373 pluries
1747 4266 1852 4373 quod
1879 4266 1923 4342 dc

491 4411 766 4503 potestatesua
793 4394 964 4489 doceret,
990 4397 1090 4475 illud
1113 4396 1234 4475 facere
1256 4398 1439 4476 recusavit
1462 4414 1501 4475 et
1521 4398 1687 4505 priorem
1711 4397 1924 4505 predictum

490 4525 722 4605 dementitus
739 4527 810 4606 luit
824 4526 983 4636 pluries,
998 4545 1037 4607 et
1047 4528 1156 4635 plura
1170 4528 1282 4607 verba
1299 4528 1574 4609 contumelioso
1588 4527 1715 4627 eidem
1729 4528 1843 4617 dixit,
1857 4554 1924 4635 per

490 4658 596 4735 curie
617 4676 744 4739 nostre
758 4658 966 4768 judicium,
985 4659 1060 4737 luit
1073 4659 1220 4739 dictum
1234 4661 1340 4768 qnod
1356 4660 1396 4739 in
1421 4658 1641 4771 hujusmodi
1659 4660 1783 4739 dictus
1804 4659 1919 4767 prior,

489 4806 625 4868 contre
642 4817 728 4880 nos,
746 4790 785 4869 in
800 4790 929 4898 aliquo
948 4819 1028 4872 non
1049 4792 1215 4871 excessit.
1732 4804 1736 4813 '

549 4922 593 4998 ln
611 4920 737 5028 vigilia
756 4922 981 5003 Candelose.

549 5050 659 5131 Creci
676 5053 890 5159 reportavit.
