4450 6209
478 702 555 776 258
1061 700 1153 773 LES
1181 700 1323 775 OLlM.

251 852 437 917 rsrnmtv,
476 846 599 953 ipsum
621 848 661 920 in
681 872 746 922 sua
766 845 932 952 predicta
952 844 1105 951 pacifica
1123 843 1376 951 possessione,
1396 870 1513 949 quam
1536 842 1717 933 habehat,
1740 845 1902 938 debere,

313 946 376 989 '⁸⁰⁷‘
480 1006 545 1081 per
559 996 689 1085 gentes
706 994 865 1068 nostras,
883 977 1074 1054 custodiri.
1092 979 1168 1054 Nec
1185 992 1241 1054 est
1255 974 1482 1052 intencionis
1497 993 1625 1053 nostre
1639 993 1787 1055 oeteros
1800 1006 1905 1057 com·

479 1108 593 1215 plices
609 1110 699 1187 dicti
714 1108 877 1215 Begonis
891 1108 1057 1185 indictis
1074 1107 1288 1184 excessibus
1305 1104 1447 1183 debere
1462 1107 1672 1214 impunitos
1689 1136 1904 1202 remanere,

480 1244 599 1319 immo
618 1242 720 1321 dicto
739 1239 894 1331 ballivo,
909 1266 980 1347 per
995 1240 1085 1317 alias
1103 1239 1247 1317 litteras
1264 1255 1427 1327 nonnas,
1449 1238 1692 1317 mandabitur
1709 1241 1903 1347 qrntinus,

479 1375 614 1451 vocatis
634 1372 848 1463 evocandis,
870 1390 1000 1450 contra
1021 1372 1141 1448 dictos
1160 1370 1363 1478 complices
1380 1398 1494 1476 super
1511 1368 1610 1448 fauo
1629 1372 1848 1480 hujumodi
1867 1392 1908 1451 et

479 1532 591 1609 super
604 1532 736 1581 eorum
753 1486 990 1593 nominihus,
1010 1502 1294 1580 conditionibus
1307 1519 1346 1579 et
1358 1499 1613 1592 facultatibus,
1630 1502 1798 1610 inquirat
1809 1505 1907 1581 veri·

479 1652 611 1727 tatem,
625 1654 663 1712 et
677 1637 890 1742 inquestam
906 1634 1091 1722 remittat,
1106 1652 1178 1711 etc.
1195 1634 1278 1711 Fiat
1291 1660 1406 1740 super
1419 1634 1494 1710 hoc
1507 1632 1634 1711 littera
1648 1635 1698 1710 ad
1706 1633 1902 1712 ballivum.

535 1769 642 1845 Lune
661 1767 841 1874 predicta.

538 1901 590 1977 M.
611 1902 652 1976 L.
675 1900 722 1976 de
738 1900 868 2006 Voyssi
886 1900 1098 2005 reportavit.

538 2164 660 2241 XLIV.
691 2162 876 2239 Effectum
893 2161 1027 2266 aprisie
1046 2188 1113 2238 seu
1130 2160 1429 2252 informationis,
1443 2160 1539 2237 lacte
1557 2160 1607 2237 de
1626 2160 1804 2239 mandato
1822 2190 1908 2268 pre·

480 2294 590 2399 positi
611 2293 660 2371 de
680 2294 844 2371 Anverso
865 2310 903 2369 et
921 2293 1083 2371 cantoris
1103 2292 1401 2381 Aurelianensis,
1422 2320 1537 2398 super
1553 2291 1678 2369 valore
1689 2291 1907 2401 jurisdicio-

482 2424 539 2499 nis
561 2424 732 2503 locorum
757 2423 805 2500 de
831 2423 1037 2501 Chaisnaco
1065 2425 1175 2501 etde
1202 2426 1401 2514 Tresnarn,
1429 2449 1499 2529 pro
1525 2422 1729 2501 commodo
1759 2423 1905 2502 domini

481 2555 607 2661 Regis,
625 2554 768 2632 debent
782 2554 829 2629 ad
844 2555 1042 2631 dominum
1058 2555 1199 2661 Regem
1215 2570 1408 2660 reportem
1425 2554 1592 2660 magistri
1609 2554 1675 2659 qui
1693 2571 1783 2631 sunt
1798 2582 1908 2633 cons-

481 2685 582 2763 tituti
603 2684 920 2793 adjudicandum
949 2686 1156 2791 inquestas,
1183 2684 1249 2761 sed
1277 2700 1403 2761 tamen
1428 2683 1527 2761 bene
1548 2685 1698 2761 videtur
1722 2685 1778 2761 eis
1800 2686 1907 2792 quod

483 2815 712 2922 supplicacio
735 2816 934 2893 hominum
956 2816 1004 2892 de
1026 2815 1271 2893 Monte-Cute
1292 2816 1340 2892 sit
1361 2813 1594 2894 admittenda
1611 2843 1681 2922 pro
1702 2816 1906 2897 commodo

483 2945 629 3022 domini
644 2946 770 3051 Regis,
792 2946 855 3051 qui
876 2974 943 3051 per
960 2944 1093 3023 dolum
1111 2945 1436 3052 Templariorum,
1455 2945 1514 3023 vel
1529 2946 1661 3023 saltem
1678 2946 1832 3054 reipsa,
1848 2947 1908 3025 ul·

482 3096 538 3155 tra
554 3076 754 3154 dimidiam
775 3094 812 3154 et
830 3075 917 3183 plus
931 3078 1068 3154 dicitur
1082 3076 1196 3155 luisse
1214 3077 1395 3183 deceptus
1408 3076 1449 3153 in
1464 3076 1684 3155 venditione
1696 3106 1811 3185 quam
1825 3080 1906 3186 ipse

482 3208 569 3285 fecit
585 3206 812 3315 Templariis
825 3207 873 3284 de
889 3208 1003 3285 rebus
1019 3209 1209 3286 contentis
1225 3209 1265 3284 in
1282 3209 1382 3285 dicta
1398 3206 1690 3299 informatione,
1706 3208 1812 3285 unde
1824 3236 1908 3287 con·

482 3338 614 3417 sulunt
625 3338 715 3417 dicti
730 3339 895 3446 magistri
916 3340 1018 3446 quod
1034 3340 1204 3446 predicta
1220 3339 1393 3418 vendicio
1408 3354 1633 3417 mmetetur
1646 3356 1685 3416 et
1697 3339 1907 3446 applicetur

483 3471 593 3549 dictis
614 3468 833 3549 hominibus
849 3470 922 3548 sub
938 3470 1056 3549 modo
1070 3490 1109 3549 et
1124 3471 1246 3549 forma
1258 3471 1401 3579 quibus
1418 3471 1552 3548 volunt
1570 3498 1654 3547 eam
1673 3470 1841 3578 recipere
1858 3470 1908 3547 ad

483 3602 729 3679 commodum
749 3602 895 3678 domini
913 3602 1023 3709 Regis
1038 3603 1148 3710 cujus
1164 3603 1338 3694 interest,
1354 3620 1399 3680 ut
1412 3602 1555 3680 dictum
1571 3620 1644 3692 est,
1660 3618 1815 3709 propter
1828 3600 1908 3679 dio-

482 3750 557 3809 tam
577 3732 859 3836 decepcionem.
1695 3728 1699 3738 '

539 3863 646 3939 Lune
665 3880 751 3967 pust
770 3862 917 3940 octabus
937 3863 1156 3969 Epiphanie.

539 3992 589 4069 Μ.
611 3994 652 4069 L.
673 3993 721 4068 de
738 3994 867 4098 Vuyssi
888 3995 1100 4100 reportavit.

539 4254 660 4333 XLV.·
678 4256 774 4334 Cum
782 4256 884 4332 inter
891 4255 1063 4331 abbatem
1074 4272 1113 4332 et
1120 4274 1347 4335 conventum
1358 4258 1446 4335 ville
1457 4260 1506 4336 de
1513 4260 1904 4351 Nantho,suuescallie

482 4386 751 4475 Ruthenensis,
769 4414 811 4463 er
826 4404 930 4493 parte
945 4414 1035 4477 una,
1054 4405 1091 4464 et
1105 4388 1281 4466 homines
1295 4389 1397 4468 dicte
1411 4389 1517 4481 ville,
1533 4418 1578 4468 ex
1594 4390 1725 4481 altera,
1740 4390 1789 4469 lis
1802 4408 1904 4469 mota

482 4518 613 4597 finisset
631 4546 755 4597 coram
775 4520 950 4627 magistro
971 4520 1180 4598 Bertrando
1195 4520 1369 4614 Galterii,
1390 4540 1544 4600 tenente
1565 4522 1692 4600 locum
1711 4521 1904 4615 senescalli

482 4650 600 4725 nostri
619 4650 887 4743 Ruthenensis,
909 4678 1022 4758 super
1038 4652 1202 4759 eoquod
1217 4680 1302 4757 pars
1318 4651 1508 4731 dictorum
1522 4654 1786 4762 religiosorum
1797 4671 1905 4761 pete·

481 4776 561 4867 bat,
575 4806 660 4855 cum
672 4779 867 4871 instancia,
885 4782 1100 4859 executioni
1111 4782 1281 4860 mandari
1292 4782 1457 4861 litteram
1466 4784 1688 4893 quamdam,
1701 4812 1818 4892 quam
1831 4784 1902 4892 ipsi

482 4907 725 4985 obtinuerant
738 4938 758 4985 a
772 4909 883 4990 nobis
896 4929 1023 4991 contra
1039 4912 1161 4991 dictos
1170 4914 1361 5002 homines,
1377 4916 1417 4991 in
1428 4944 1504 5023 qua
1517 4915 1784 4994 continebatur
1794 4916 1903 5021 quod

481 5066 501 5115 a
518 5038 640 5116 tribus
658 5041 764 5116 annis
782 5058 820 5118 et
838 5042 999 5120 dimidio
1019 5044 1109 5121 citra
1128 5045 1196 5150 ipsi
1218 5044 1394 5124 homines
1414 5046 1462 5123 de
1483 5074 1597 5137 novo,
1619 5065 1750 5125 contra
1769 5044 1903 5153 prohi-
