4450 6209
2046 168 2121 552 l

511 722 585 801 3811
1092 726 1183 799 LES
1213 724 1352 799 OLlM.

287 877 416 931 Parnm
431 874 474 939 Νι
509 872 604 947 riam
626 888 791 949 nostram
812 869 1046 976 judicaretur
1066 870 1096 946 si
1117 886 1243 947 umen
1263 869 1366 946 curia
1385 885 1512 945 nostra
1530 886 1774 974 cognosceret
1793 869 1932 947 dictum

345 969 407 1013 m
510 1002 689 1079 comitem
708 978 919 1078 Armeniaci
938 1000 1239 1091 admittendum,
1255 999 1359 1077 idem
1376 1027 1503 1077 comes
1519 999 1612 1076 Furi
1631 998 1859 1078 reddidisset
1874 1029 1933 1109 ga·

509 1133 614 1240 gium
632 1132 861 1211 defensionis
874 1131 1050 1210 adversus
1066 1132 1253 1239 predicta;
1268 1160 1432 1239 cumque
1444 1132 1657 1211 bernardus
1670 1131 1718 1209 de
1731 1132 1928 1221 Convenis,
1955 1152 1960 1161 ·

509 1267 715 1344 vicecomes
734 1268 930 1354 Turenne,
954 1264 1053 1343 filius
1075 1263 1351 1373 primogenitus
1376 1263 1503 1342 dilecti
1526 1282 1566 1341 et
1586 1262 1713 1341 fidelis
1733 1265 1850 1341 nostri
1872 1291 1930 1341 co·

507 1398 608 1477 mitis
628 1399 904 1485 Convenarum,
926 1394 1102 1475 adversus
1122 1398 1246 1503 ipsum
1265 1395 1443 1473 comitem
1462 1398 1556 1473 Fuxi
1577 1424 1793 1502 proponens
1812 1394 1927 1503 quod,

505 1546 590 1634 post
608 1556 739 1634 pacem
755 1528 980 1634 predictam,
1001 1527 1163 1605 eandem
1178 1544 1321 1605 temere
1338 1525 1530 1615 violando,
1548 1542 1679 1633 gentes
1698 1544 1737 1604 et
1754 1526 1930 1605 familiam

505 1661 623 1766 ipsius
641 1661 789 1739 comitis
804 1661 833 1735 F
835 1658 915 1745 uxi,
932 1659 1014 1766 ipso
1033 1658 1233 1737 mandante
1253 1658 1310 1735 vel
1330 1674 1456 1735 ratum
1474 1657 1653 1745 habente,
1671 1658 1878 1766 proditorie
1894 1676 1931 1737 et

505 1821 611 1870 more
632 1792 759 1869 hostili
779 1808 917 1867 terram
937 1790 1025 1867 dicti
1044 1790 1233 1896 patrissui
1249 1790 1449 1878 intrantes,
1467 1788 1750 1896 quatuorvillas
1764 1790 1854 1866 dicti
1868 1820 1929 1896 pa·

504 1924 572 2000 tris
583 1924 640 2001 sui
652 1922 841 2001 hostiliter
857 1922 1082 2013 invaserant,
1101 1937 1140 1997 et
1153 1922 1238 2030 igne
1253 1922 1441 2009 immisso,
1459 1920 1646 1999 hostiliter
1657 1922 1926 2012 destruxerant,

505 2055 680 2134 homines
701 2053 887 2131 dictarum
907 2051 1079 2129 villarum
1101 2051 1398 2158 depredaveraut
1418 2068 1456 2129 et
1469 2051 1691 2129 robaverant
1709 2052 1821 2129 bonis
1838 2054 1926 2142 suis,

506 2204 543 2261 et
558 2188 728 2293 quinque
747 2168 921 2261 homines
933 2182 1077 2259 ibidem
1092 2181 1372 2273 interfecerant3
1390 2210 1484 2289 que,
1502 2211 1570 2289 per
1584 2182 1736 2292 gagium
1748 2183 1883 2275 duelli,
1900 2185 1928 2261 si

505 2318 628 2396 dictus
648 2344 774 2397 comes
794 2343 839 2392 ea
859 2313 1096 2405 diffiteretur,
1118 2342 1158 2391 se
1179 2312 1426 2419 probaturum
1449 2312 1651 2401 offerebam
1673 2313 1775 2392 dicto
1795 2316 1928 2393 comite

504 2450 615 2540 Furi,
632 2464 719 2554 post
733 2446 869 2523 multas
886 2445 1013 2522 barras
1031 2463 1070 2521 et
1087 2442 1326 2522 defensiones
1341 2472 1442 2533 suas,
1456 2444 1608 2553 gagium
1624 2442 1853 2523 defensionis
1869 2446 1929 2521 ad-

504 2610 632 2660 versus
644 2578 812 2687 predicta
825 2576 1029 2665 reddente,
1049 2578 1151 2654 curia
1165 2592 1292 2654 nostra
1305 2603 1419 2682 super
1430 2575 1626 2683 predictis,
1640 2576 1817 2654 omnibus
1830 2575 1928 2655 lactis

505 2712 722 2821 propositis,
743 2728 781 2789 et
797 2710 915 2788 eciam
936 2736 1051 2815 super
1065 2707 1293 2815 quibusdam
1312 2708 1394 2785 aliis
1408 2706 1620 2800 violenciis,
1638 2706 1786 2815 injuriis
1800 2724 1838 2787 et
1851 2708 1928 2787 aliis

506 2842 716 2933 maleficiis,
734 2871 802 2950 per
818 2859 948 2949 gentes
962 2840 1051 2917 dicti
1074 2840 1221 2917 comitis
1237 2840 1345 2929 Fuxi,
1367 2856 1409 2917 ut
1429 2838 1638 2926 dicebatur,
1655 2837 1760 2917 lactis
1780 2841 1821 2916 in
1835 2841 1927 2919 villis

505 2975 642 3053 nostris
654 3003 722 3051 seu
737 2974 893 3051 bastidis
910 2973 956 3050 de
973 2970 1306 3049 Bello-Marchesio
1323 2970 1420 3049 etde
1437 2971 1637 3060 Marciaco,
1652 2972 1863 3050 mandasset
1876 3003 1927 3051 ve·

504 3107 654 3185 ritatem
664 3104 804 3213 inquiri
816 3104 863 3182 ad
877 3104 994 3185 linem
1005 3120 1048 3182 ut
1058 3104 1186 3192 sciret,
1199 3132 1267 3212 per
1277 3102 1416 3181 dictam
1430 3104 1659 3210 inquestam,
1673 3132 1721 3180 an
1731 3102 1828 3181 dicta
1839 3104 1926 3182 lacta

504 3240 696 3346 proposita
716 3256 841 3316 essent
857 3266 958 3329 vera,
982 3255 1019 3314 et
1039 3236 1128 3313 talia
1149 3238 1256 3344 quod
1272 3265 1340 3343 pro
1364 3237 1418 3313 eis
1437 3236 1541 3347 gagia
1560 3234 1698 3329 duelli,
1720 3237 1926 3315 secundum

504 3372 765 3449 ordinaciones
784 3388 945 3461 nostras,
963 3369 1078 3475 recipi
1100 3369 1300 3459 deberent,
1317 3387 1355 3445 et
1369 3369 1418 3445 ad
1432 3367 1549 3445 linem
1565 3368 1726 3447 faciendi
1739 3369 1924 3477 justiciam

504 3521 542 3581 et
560 3503 788 3581 emendandi
809 3502 920 3581 nobis
940 3518 978 3578 et
997 3501 1093 3607 parti
1115 3501 1299 3608 predicta,
1316 3501 1346 3577 si
1367 3529 1480 3606 super
1500 3500 1572 3579 hiis
1591 3501 1696 3609 gagia
1715 3501 1832 3579 duelli
1852 3532 1924 3581 non

502 3637 772 3741 reciperentur,
790 3652 827 3711 et
847 3634 945 3711 diota
965 3632 1057 3710 facta
1078 3633 1224 3740 liquide
1240 3632 1394 3739 probata
1408 3660 1478 3739 per
1492 3633 1704 3739 inquestam
1719 3632 1924 3712 inveniren-

502 3786 566 3845 tur
582 3767 787 3873 predictam
802 3796 809 3841 :
824 3766 1011 3854 Tandem,
1027 3764 1120 3841 sacta
1134 3792 1247 3870 super
1259 3763 1437 3870 predictis
1449 3764 1621 3871 inquesta
1633 3782 1673 3841 et
1686 3781 1814 3843 nostre
1826 3765 1922 3844 curie

503 3914 689 4004 reportata
704 3898 779 3974 visa
796 3914 832 3973 et
848 3896 1049 4003 diligenter
1062 3896 1284 3987 examinata,
1300 3912 1338 3972 et
1352 3894 1491 3972 auditis
1502 3896 1675 4003 partibus
1688 3896 1775 3973 hinc
1790 3914 1828 3974 et
1841 3898 1922 3975 inde

502 4057 615 4136 super
628 4058 688 4120 ea,
704 4057 772 4136 per
787 4028 889 4105 curie
906 4044 1032 4105 nostre
1043 4027 1254 4133 judicium,
1269 4027 1414 4104 dictum
1426 4026 1500 4105 luit
1516 4045 1553 4103 et
1566 4028 1859 4134 pronunciatum
1877 4029 1923 4103 vi-

504 4159 658 4249 delicet,
677 4160 801 4267 primo
823 4177 860 4237 et
881 4159 1135 4266 principaliter
1156 4158 1393 4266 precepimus
1412 4175 1451 4236 et
1469 4158 1704 4237 decrevimus
1723 4160 1827 4267 quod
1842 4189 1920 4267 pax,

501 4294 595 4370 lacta
611 4310 649 4369 et
664 4293 907 4399 pronunciata
924 4320 990 4398 per
1002 4320 1071 4369 nos
1082 4293 1114 4367 T
1117 4290 1265 4378 holose,
1281 4290 1491 4396 specialiter
1502 4291 1603 4369 inter
1618 4291 1737 4369 dictos
1751 4293 1921 4371 comitem

500 4425 529 4499 F
532 4426 593 4501 uxi
610 4442 648 4501 et
662 4424 853 4511 valitores,
871 4424 1026 4512 amicos,
1043 4422 1212 4529 alligatos
1227 4439 1265 4499 et
1279 4421 1468 4531 subjectos
1483 4451 1589 4512 suos,
1609 4452 1653 4501 ex
1666 4452 1742 4501 una
1755 4440 1877 4531 parte,
1891 4440 1923 4500 et

501 4556 657 4632 comites
671 4551 880 4633 Armeniaci
896 4571 933 4630 et
944 4553 1225 4639 Convenarum,
1237 4552 1427 4641 valitores,
1440 4556 1592 4643 amicos,
1607 4554 1778 4662 alligatos
1790 4572 1829 4633 et
1840 4556 1921 4634 sub

494 4686 616 4789 jactos
637 4714 786 4773 eorum,
804 4714 847 4761 ex
867 4684 999 4774 altera,
1019 4684 1179 4761 firmiter
1198 4701 1237 4760 et
1256 4684 1532 4771 inviolabiliter,
1550 4686 1622 4763 sub
1638 4713 1737 4792 pena
1753 4686 1919 4763 omnium

500 4815 689 4893 bonorum
704 4846 875 4906 suorum,
889 4846 963 4924 que
976 4815 1174 4893 violatores
1185 4815 1284 4893 dicte
1296 4818 1396 4922 pacis
1406 4835 1558 4923 possent
1572 4818 1682 4895 nobis
1695 4816 1917 4903 lorislacere,

500 4947 779 5053 imperpetuum
803 4946 1068 5025 inviolabiliter
1089 4946 1325 5036 observetur,
1351 4965 1390 5024 et
1414 4948 1518 5054 quod
1541 4948 1588 5025 de
1612 4976 1652 5025 se
1673 4966 1710 5025 et
1731 4949 1826 5040 suis,
1853 4946 1917 5025 sibi

500 5095 537 5153 et
557 5080 632 5155 suis
655 5078 831 5167 invicem,
854 5098 892 5155 et
910 5080 1033 5156 statim
1057 5078 1146 5155 dicti
1167 5080 1324 5156 comites
1344 5079 1572 5187 legittimum
1592 5096 1757 5184 prestent
1777 5107 1917 5157 assecu-
