4450 6209
490 689 563 761 696
1066 687 1156 760 Lns
1186 685 1328 760 OLlM.

262 837 447 899 rnnmlv,
488 828 666 921 anullari,
690 845 743 921 et,
766 857 834 938 per
860 829 960 906 curie
986 846 1113 909 nostre
1129 827 1334 937 judicium,
1357 827 1502 907 dictum
1529 827 1664 908 fuisset
1686 829 1792 936 quod
1813 829 1909 908 illud

325 931 387 974 1³11.

488 961 593 1068 quod
609 957 747 1039 factum
762 957 886 1038 fuerat
901 987 969 1068 per
981 960 1125 1039 dictum
1143 959 1343 1052 ballivum,
1360 959 1401 1036 in
1415 959 1588 1067 inquesta
1604 960 1790 1070 predicta,
1807 977 1909 1038 tene·

488 1109 563 1182 ret,
586 1110 624 1172 et
639 1093 745 1200 quod
764 1093 864 1170 curia
881 1109 1008 1173 nostra
1027 1082 1149 1172 certos
1167 1091 1358 1170 auditores
1376 1092 1594 1199 deputaret,
1610 1093 1805 1201 quisuper
1821 1120 1907 1171 con·

487 1226 602 1303 tentis
628 1226 667 1302 in
692 1254 735 1303 ea
765 1223 940 1304 audirent
970 1223 1208 1304 defensiones
1221 1221 1409 1303 dictorum
1436 1224 1570 1302 militis
1601 1242 1640 1302 et
1658 1223 1845 1332 Aymerici
1867 1253 1907 1301 ae

488 1357 754 1464 replicaciones
771 1357 958 1436 dictorum
974 1356 1149 1447 fratrum,
1171 1373 1210 1434 et
1227 1383 1342 1464 super
1366 1356 1420 1434 eis
1439 1357 1677 1465 inquirerent
1696 1356 1903 1445 veritatem,

488 1506 526 1566 et
560 1491 771 1597 inquestam
799 1488 1018 1598 hujusmodi
1043 1485 1209 1566 totaliter
1237 1485 1463 1594 completam
1494 1488 1599 1566 curie
1633 1505 1761 1566 nostre
1782 1489 1907 1566 remit-

486 1637 610 1700 terent
631 1619 905 1730 judicandam.:
935 1619 1040 1698 Dicta
1062 1618 1177 1728 igitur
1200 1619 1372 1724 inquesta
1395 1645 1465 1724 per
1483 1619 1673 1725 predictos
1698 1615 1903 1702 auditores,

471 1754 586 1830 sicut
603 1754 830 1859 premissum
856 1767 927 1843 est,
950 1750 1120 1857 partibus
1139 1750 1293 1840 vocatis,
1319 1748 1520 1857 completa,
1543 1767 1582 1828 et
1601 1749 1907 1858 adjudicandum

489 1885 591 1962 curie
618 1900 745 1962 nostre
769 1883 940 1972 remissa,
967 1882 1043 1959 visa
1069 1911 1112 1959 ac
1134 1881 1337 1990 diligenbp
1359 1882 1581 1975 examinata,
1607 1883 1696 1989 quia
1719 1898 1907 1988 repertum

489 2033 562 2104 est,
589 2043 658 2121 per
687 2015 845 2092 eundern
874 2013 1102 2120 inquorum,
1126 2014 1246 2092 dictos
1265 2012 1426 2092 militem
1455 2031 1493 2090 et
1515 2013 1754 2124 Aymericum
1784 2011 1908 2118 plures

488 2145 572 2223 facti
599 2146 768 2224 raciones
796 2161 834 2224 et
860 2145 1176 2233 consuetudines,
1196 2172 1266 2252 pro
1289 2161 1395 2252 parte
1415 2173 1501 2228 sur,
1521 2144 1561 2220 in
1580 2143 1801 2253 hujusmodi
1825 2171 1909 2249 pro-

488 2277 674 2382 posuisse,
696 2303 764 2384 per
786 2305 879 2382 quas
902 2275 1077 2354 dicebant
1102 2305 1142 2354 se
1157 2277 1259 2383 juste
1278 2274 1410 2352 secisse
1432 2303 1475 2352 er
1493 2301 1570 2380 que
1593 2275 1665 2381 ipsi
1684 2273 1849 2352 fecerant
1871 2276 1907 2348 in

489 2406 684 2514 predictis,
712 2424 750 2484 et
779 2435 818 2484 se
851 2433 912 2484 eas
938 2405 1168 2483 sufficienter
1202 2403 1399 2510 probasse,
1433 2431 1502 2512 per
1528 2405 1631 2482 curie
1665 2421 1792 2481 nostre
1814 2403 1910 2510 judi·

489 2541 608 2628 cium,
630 2537 719 2617 dicti
738 2537 847 2616 miles
868 2555 907 2616 et
920 2537 1158 2645 Aymericus‚
1176 2565 1196 2613 a
1212 2535 1391 2642 predictis
1405 2537 1608 2644 propositis
1620 2534 1856 2614 denuncietis
1874 2551 1909 2609 et

488 2670 616 2778 petitis
631 2687 760 2748 contra
773 2669 889 2776 ipsos,
912 2666 1073 2746 absoluti
1092 2668 1262 2756 fuerunt,
1277 2667 1372 2744 salva
1389 2667 1491 2745 dicto
1507 2666 1713 2746 Guillelmo
1726 2667 1774 2744 de
1789 2665 1910 2742 Meus·

490 2793 588 2892 son,
600 2800 795 2888 scutifero,
813 2799 964 2877 accione
987 2827 1073 2890 sua,
1095 2800 1126 2876 si
1141 2817 1269 2877 contra
1284 2797 1406 2878 dictos
1422 2799 1582 2877 militem
1598 2817 1637 2876 et
1652 2798 1906 2907 Aymericum,

491 2958 603 3038 super
636 2931 783 3039 injuriis
810 2930 987 3036 predictis
1025 2957 1098 3036 qus
1133 2930 1311 3007 dicuntur
1343 2929 1446 3008 iliate
1478 2929 1548 3008 sibi
1577 2929 1720 3022 fuisse,
1755 2927 1909 3006 voluerit

493 3061 666 3168 experiri,
689 3089 802 3168 super
821 3061 975 3169 quibus,
996 3061 1134 3138 vocatis
1152 3061 1337 3168 partibus,
1355 3061 1422 3139 fiet
1442 3060 1566 3140 eidem
1578 3061 1730 3169 justicie
1751 3060 1909 3165 comple·

491 3211 672 3272 mentum.

548 3326 711 3405 sabbato
730 3344 816 3434 post
835 3329 951 3404 sancti
970 3327 1121 3405 Martini
1141 3325 1331 3404 estivadem
1347 3322 1538 3432 {festum}

546 3457 707 3569 Mangon
724 3459 936 3566 reportavit.

546 3707 668 3788 LVffl.
699 3707 796 3787 Cum
817 3707 993 3786 Esdelina
1013 3708 1048 3784 la
1067 3706 1233 3794 Blonde,
1254 3723 1375 3784 mater
1392 3724 1433 3785 et
1453 3707 1578 3798 heres,
1600 3725 1642 3785 ut
1658 3707 1825 3796 dicebat,
1846 3709 1905 3785 de-

491 3838 609 3914 functi
627 3839 809 3917 Johannis
832 3839 920 3915 dicti
942 3837 979 3915 le
1006 3837 1151 3926 Blond,
1171 3836 1241 3915 filii
1262 3837 1322 3918 sui
1339 3837 1551 3944 quondam,
1573 3867 1699 3916 coram
1722 3840 1905 3947 preposito

491 3967 688 4046 Parisiensi
699 4031 709 4062 ,
722 3985 914 4074 tamquam
927 3967 1038 4045 heres
1051 3966 1142 4044 dicti
1155 3965 1339 4058 defuncti,
1351 3968 1712 4048 Johannamdictam
1722 3969 1905 4049 laBlonde

490 4098 640 4178 fecisset
649 4097 697 4175 ad
706 4098 896 4206 judicium
912 4099 1071 4188 evocari,
1085 4098 1133 4175 ad
1148 4100 1419 4177 resumendum
1437 4117 1646 4179 stramenta
1663 4129 1773 4179 cause
1788 4129 1905 4178 coram
2023 4157 2028 4168 ·

490 4229 591 4310 dicto
603 4230 793 4339 preposito
807 4229 1022 4338 pendentis,
1037 4229 1293 4306 interdictum
1305 4229 1534 4320 Johannem,
1547 4229 1808 4322 filiumsuum,
1821 4232 1906 4309 dum

490 4363 706 4453 vivebat'ex
716 4391 792 4441 una
801 4380 919 4469 parte,
934 4380 973 4440 et
983 4361 1121 4439 dictam
1135 4362 1357 4451 Johannem,
1372 4390 1417 4440 ex
1426 4360 1906 4468 altera,'superquibusdam

493 4493 775 4602 impedimentis
789 4492 981 4584 indebitis,
994 4491 1221 4569 novitatibus
1236 4508 1274 4569 et
1288 4490 1371 4569 aliis
1384 4491 1424 4568 in
1438 4490 1571 4570 libello
1585 4492 1703 4600 ipsius
1714 4493 1904 4580 Johannis,

489 4651 617 4700 coram
631 4625 731 4702 dicto
740 4623 930 4731 preposito
944 4622 1057 4712 edito,
1071 4622 1272 4711 contentis;
1283 4621 1473 4700 Johannes
1481 4623 1603 4702 dictus
1612 4623 1743 4713 Hardi,
1759 4624 1906 4701 marius

491 4755 608 4860 ipsius
622 4756 809 4845 Johanne,
832 4783 957 4832 coram
978 4753 1079 4830 dicto
1096 4755 1287 4860 preposito
1307 4755 1348 4830 in
1361 4753 1508 4862 judicio
1526 4755 1769 4847 constitutus,
1785 4754 1906 4833 multis

491 4884 721 4975 tucioribus,
744 4886 941 4992 proposuit
956 4884 1095 4962 dictam
1108 4886 1331 4975 Johannem,
1350 4913 1504 4964 uxorem
1519 4915 1643 4977 suam,
1658 4886 1707 4965 ad
1721 4913 1906 4965 resumen-

491 5016 584 5093 dum
611 5015 709 5092 dicta
735 5031 944 5093 arramenta
967 5014 1125 5092 minime
1146 5016 1284 5116 teneri,
1305 5033 1344 5094 et
1361 5043 1579 5122 processum
1600 5045 1669 5124 per
1689 5017 1833 5096 dictum
1850 5017 1904 5093 Jo
