4450 6209
510 725 559 797 38
1086 723 1179 795 tus
1209 718 1351 794 ΘΗΜ.

283 880 414 935 Pmum
427 877 473 937 tt.
511 866 682 971 partibus
697 884 736 944 et
749 867 902 956 auditis,
920 865 1073 972 visaque
1086 864 1260 972 inquesta
1272 890 1386 969 super
1396 862 1470 940 boc
1482 861 1594 955 lacta,
1611 890 1680 970 per
1692 864 1794 940 curie
1810 880 1937 941 nostre

346 971 410 1015 Μ
502 996 715 1107 judicium,
736 997 1030 1105 pronunciatum
1049 993 1121 1073 suit
1139 1012 1179 1075 et
1196 994 1267 1103 ipsi
1286 992 1477 1102 preposito
1494 993 1691 1072 Parisieusi
1709 994 1939 1075 verbotenus

511 1129 724 1237 injunctum
749 1130 856 1237 quod
883 1130 967 1236 ipse
989 1128 1203 1235 prepositus
1231 1126 1446 1205 Parisiensis
1469 1127 1509 1204 iu
1535 1126 1666 1233 primis
1696 1125 1835 1206 dictam
1862 1128 1938 1205 Ma-

511 1258 606 1337 riam
619 1262 675 1337 de
695 1261 794 1339 dicta
814 1261 931 1339 domo
951 1259 1140 1337 resaisiret
1159 1274 1212 1351 et,
1230 1256 1296 1335 lite
1310 1258 1512 1364 pendente,
1531 1286 1644 1365 super
1660 1258 1735 1335 boc
1748 1284 1873 1335 coram
1889 1286 1935 1336 eo

509 1389 609 1467 iuter
637 1392 753 1470 dictas
772 1409 913 1498 partes,
934 1420 1018 1469 eam
1042 1392 1083 1467 in
1101 1418 1169 1468 sua
1195 1389 1329 1467 saisina
1353 1388 1550 1479 defendat,
1572 1407 1612 1467 et
1637 1388 1746 1467 lauat
1769 1390 1935 1496 partibus

504 1520 655 1627 justicie
681 1522 1017 1629 complementum.
1045 1519 1185 1599 Actum
1207 1520 1385 1611 Parisius,
1419 1521 1481 1598 die
1510 1520 1654 1599 veneris
1682 1537 1770 1626 post
1798 1520 1933 1598 festum

507 1650 609 1731 beati
628 1652 988 1745 petriad-Vincula,
1010 1677 1109 1730 enno
1129 1651 1282 1731 Domini
1302 1651 1506 1731 millesimo
1524 1650 1802 1729 trecentesimo.

567 1915 642 1991 Lll.
673 1858 760 1995 Visa
783 1916 974 2023 inquesta,
1001 1914 1257 1991 demandato
1282 1914 1442 1992 cantoris
1467 1898 1746 1991 Aurelianensis
1771 1911 1864 1990 facta
1889 1911 1935 1987 ad

510 2045 730 2123 instanciam
758 2045 889 2122 decani
913 2061 954 2123 et
977 2044 1130 2151 capituli
1156 2042 1431 2135 Aniciensium‚
1457 2071 1641 2150 supereo
1670 2042 1777 2151 quod
1806 2070 1935 2119 manus

509 2174 622 2280 Regis
640 2192 792 2252 tenetur
810 2174 979 2281 apposita
992 2204 1060 2282 per
1068 2174 1252 2252 ballivum
1267 2192 1359 2251 tunc
1374 2171 1711 2254 Vallavie-iu-Villa
1727 2170 1935 2251 redditibus

366 2324 373 2339 ·
512 2322 549 2382 et
569 2306 719 2412 justicia
739 2306 787 2383 de
807 2305 1049 2396 Arelabasm,
1078 2334 1156 2414 que
1181 2304 1355 2383 dicebant
1376 2304 1447 2411 ipsi
1469 2333 1550 2383 esse
1571 2304 1619 2381 de
1645 2304 1758 2382 leodo
1783 2302 1933 2382 ecclesie

512 2435 735 2528 Anicieusis3
755 2436 925 2517 nonfuit
944 2441 1137 2519 inventum
1158 2436 1265 2544 quod
1284 2463 1418 2513 manus
1437 2436 1549 2543 Regis
1560 2438 1727 2543 apposita
1746 2434 1936 2513 lueritibi·

512 2567 600 2645 dem
621 2568 784 2674 injuste,
806 2581 845 2647 et
864 2569 952 2647 ideo
973 2569 1121 2650 dictum
1131 2567 1203 2645 luit
1220 2568 1326 2675 quod
1352 2596 1485 2645 manus
1504 2568 1616 2675 Regis
1635 2567 1689 2645 ibi
1708 2565 1933 2654 remanebit;

513 2714 551 2778 et
574 2728 661 2780 cum
690 2700 762 2805 ipsi
791 2699 986 2805 requirant
1017 2729 1069 2777 se·
1091 2728 1204 2805 super
1236 2700 1314 2777 hoo
1334 2699 1382 2775 ad
1411 2698 1608 2777 liuenciam
1632 2698 1800 2786 admitti,
1827 2698 1937 2804 scrip-

512 2828 688 2907 tumluit
701 2829 909 2908 senescallo
923 2828 1150 2909 Belli-Cadri
1166 2829 1225 2907 vel
1243 2829 1339 2936 ejus,
1362 2847 1431 2908 etc.
1451 2830 1556 2936 quod
1570 2858 1612 2907 se
1624 2828 1805 2907 informet
1816 2846 1936 2905 etres-

512 2958 634 3037 cribet
652 2959 815 3063 qualiter
832 2960 953 3067 magis
974 2959 1127 3065 expedit
1147 2959 1301 3037 domino
1321 2961 1411 3067 Regi
1432 2978 1499 3039 aut
1512 2961 1659 3039 dictum
1677 2977 1840 3038 castrum
1853 2961 1937 3036 reti-

512 3115 621 3180 nere,
643 3106 709 3194 aut
723 3090 816 3168 inde
832 3090 1031 3168 frnauciam
1051 3090 1234 3197 recipere.
1261 3090 1396 3169 Actum
1421 3092 1596 3181 Parisius,
1618 3092 1683 3169 die
1705 3093 1833 3171 martie
1857 3107 1937 3197 post

512 3219 808 3301 decollacionem
828 3222 930 3300 beati
946 3221 1147 3311 lobannis,
1166 3250 1267 3301 anno
1286 3225 1563 3301 trecentesimo.

503 3466 507 3473 ’
569 3481 660 3558 Llll.
692 3482 778 3563 Visa
804 3483 994 3589 inquesta,
1026 3483 1280 3564 delmeudato
1314 3486 1459 3563 domini
1491 3486 1638 3565 condus
1672 3486 1936 3565 Attrebatensis

511 3611 625 3697 facta,
647 3641 827 3717 supereo
849 3613 955 3717 quod
973 3613 1091 3720 bajuli
1108 3613 1326 3721 Ageneuses
1345 3616 1602 3724 impediebant
1621 3617 1671 3695 M.
1693 3620 1724 3694 J.
1747 3618 1795 3695 de
1816 3621 1937 3697 Mous-

512 3740 669 3831 treleto,
701 3743 767 3847 qui
799 3759 905 3820 tenet
936 3743 1201 3823 execuciouem
1230 3746 1345 3853 sigilli
1375 3747 1602 3853 Agonensis,
1630 3748 1670 3825 in
1697 3751 1937 3856 percepcione

514 3870 685 3976 quinque
706 3870 918 3953 solidorum
938 3901 1008 3979 pun
1029 3872 1202 3979 quolibet
1221 3876 1384 3955 clamore
1409 3906 1524 3984 super
1545 3878 1705 3986 sigillato
1727 3879 1775 3955 de
1796 3908 1876 3986 quo
1891 3908 1937 3959 se

430 4086 437 4095 ‚
515 4000 646 4108 quitur
661 4002 854 4091 excussio,
872 4019 913 4082 et
924 4001 1089 4082 eliorum
1102 4004 1451 4087 emolumentorum
1464 4009 1512 4085 ad
1526 4008 1661 4088 dictam
1678 4010 1938 4088 executionem

514 4132 818 4239 pertinencium:
838 4135 911 4210 Per
930 4133 1121 4241 judicium
1147 4135 1251 4213 curie
1274 4137 1504 4216 dictumluit
1524 4140 1627 4246 quod
1654 4140 1797 4219 dictum
1821 4144 1938 4249 impe·

517 4262 729 4341 dimentum
750 4282 979 4357 amoveatur,
1002 4283 1041 4343 et
1060 4265 1165 4374 quod
1190 4265 1269 4374 ipse
1297 4269 1346 4347 Μ.
1368 4270 1399 4345 J.
1421 4270 1581 4376 gaudeat
1600 4272 1735 4349 saisina
1752 4272 1938 4378 predicto·

514 4423 621 4485 ruint
650 4413 690 4475 et
714 4396 849 4480 babuit
880 4424 995 4504 super
1024 4397 1097 4477 hoc
1118 4398 1289 4479 litteram
1313 4401 1522 4479 secundum
1546 4401 1706 4479 formam
1730 4430 1805 4509 que
1830 4404 1935 4511 ligata

516 4540 572 4599 est
591 4524 630 4601 in
648 4526 829 4633 inquesta.
1427 4526 1431 4531 ¹

574 4787 664 4866 LlV.
687 4786 893 4867 Processue
931 4789 1049 4869 factos
1080 4820 1149 4897 per
1175 4792 1347 4899 judicem
1380 4800 1418 4872 'et
1441 4795 1568 4873 locum
1600 4812 1792 4875 tenentem
1819 4798 1940 4875 vicarii

517 4913 756 4995 Bitterrensis
783 4918 882 4999 inter
901 4919 1094 5001 innobiles
1119 4940 1158 4999 ct
1175 4922 1329 5001 nobiles.
1342 4924 1516 5003 villarum
1538 4926 1636 5004 dicte
1655 4928 1805 5020 vicarie,
1831 4954 1942 5034 super

519 5045 802 5127 contribucioue
820 5048 861 5127 in
884 5049 998 5130 talliis
1025 5077 1096 5156 pro
1117 5053 1427 5163 quinquagesima
1449 5056 1642 5151 faciendis,
1673 5060 1774 5136 curia
1802 5058 1942 5137 anulla-
