4450 6209
510 688 581 761 118
1090 687 1181 761 LES
1211 687 1355 762 OLIM.

277 839 409 893 rernm
421 837 464 902 IV.
503 829 709 921 lohannes,
727 830 822 908 dum
836 831 998 919 vireret,
1018 845 1097 908 uon
1118 829 1360 909 solummodo
1382 830 1503 910 dictas
1520 829 1626 908 mille
1648 845 1687 908 01
1707 831 1928 940 quingentas

339 931 404 974 ¹³⁰³·
457 935 468 952 “
503 959 635 1050 libras,
657 987 790 1040 verum
815 963 932 1040 ecum
954 961 1124 1068 presan
1143 962 1215 1040 aaa
1232 961 1353 1040 mian
1372 960 1555 1040 abram
1575 959 1857 1054 Parisiorum,
1878 963 1928 1040 in·

501 1108 606 1200 tegre
625 1110 836 1201 receperam
862 1093 911 1170 de
936 1092 1036 1173 diota
1056 1121 1203 1172 camera
1223 1093 1635 1182 (101111111011111001101,
1664 1093 1772 1200 cujus
1802 1093 1925 1200 scripti

499 1221 595 1300 facta
613 1223 687 1302 luit
705 1225 813 1333 copia
832 1225 935 1302 dicto
954 1225 1190 1333 procuratori
1211 1242 1250 1303 et
1268 1225 1360 1316 sibi,
1380 1224 1640 1334 procuratorio
1663 1223 1820 1302 nomine
1838 1224 1924 1304 dicti

500 1355 690 1446 Tasmrdi,
707 1359 921 1465 injunctum
936 1358 1043 1464 quod
1056 1358 1157 1436 dicta
1167 1358 1240 1435 tria
1251 1357 1370 1436 millia
1385 1357 1567 1436 librarum
1581 1355 1847 1436 Parisiensium
1860 1384 1924 1434 no·

499 1485 559 1565 bis
577 1487 724 1597 integre
743 1487 879 1566 reddat
898 1503 937 1566 et
956 1488 1129 1598 assignet.

553 1619 713 1698 Veneris
732 1637 817 1698 ante
838 1621 1131 1714 Peutbecosten,
1153 1649 1251 1700 anno
1271 1621 1537 1700 trecentesimo
1556 1619 1684 1698 tercio.

555 1882 615 1960 IV.
647 1883 746 1960 Cum
764 1881 930 1991 religiosi
949 1883 1019 1960 viri
1039 1882 1155 1961 abbas
1173 1883 1390 1962 monasterii
1407 1883 1634 1960 Menatensis
1652 1881 1763 1959 nohis
1781 1880 1919 1988 suppli-

500 2028 619 2088 casset
637 2029 683 2089 ut
704 2031 914 2092 mercatum
937 2013 1044 2122 quod
1069 2013 1111 2091 iu
1136 2012 1226 2092 villa
1247 2013 1477 2102 Memmi,
1509 2010 1668 2122 singulis
1687 2011 1826 2092 diebus
1843 2010 1921 2090 sab

499 2139 595 2234 bati,
615 2139 700 2220 fieri
720 2145 929 2238 consuevit,
943 2143 994 2222 ad
1008 2144 1111 2224 diem
1130 2143 1308 2222 mercurii
1325 2162 1473 2223 mutare
1487 2143 1685 2233 vallemus,
1708 2159 1762 2233 et,
1780 2143 1830 2221 ad
1844 2144 1920 2250 ejrn

499 2273 737 2366 instanciam,
749 2275 887 2354 ballivo
898 2274 1079 2353 Arvernia
1088 2275 1374 2354 mandassemus
1387 2291 1432 2352 ut
1446 2271 1920 2384 diligenterseinlormaret

497 2406 545 2496 si,
562 2406 704 2513 absque
715 2425 862 2497 nostro,
877 2406 1127 2515 locorumque
1140 2407 1351 2486 vicinorum
1367 2405 1629 2498 incommodo,
1650 2422 1688 2483 et
1705 2407 1786 2486 sine
1802 2407 1921 2514 cujus·

496 2565 610 2642 quam
635 2539 865 2648 prejudicio,
885 2537 969 2616 lieri
988 2555 1117 2646 posset
1136 2540 1302 2618 mutacio
1326 2537 1495 2646 predicta
1513 2569 1522 2616 1
1543 2537 1630 2618 Visa
1649 2537 1763 2645 igitur
1782 2555 1822 2614 at
1842 2537 1921 2614 dili·

496 2669 639 2776 genter,
661 2696 730 2776 per
748 2671 891 2750 curiam
911 2687 1096 2759 nostram,
1120 2671 1329 2748 examinata
1348 2669 1620 2750 informaciouo
1635 2669 1818 2775 predicta,
1837 2698 1918 2750 cum

495 2828 565 2904 per
585 2827 669 2878 eam
692 2817 868 2908 appareat
897 2800 1036 2876 dictam
1064 2801 1337 2889 mutacionsm',
1367 2799 1398 2879 si
1419 2799 1547 2888 lieret,
1575 2798 1860 2908 prejudicialem
1882 2827 1918 2876 ac

497 2931 745 3039 dampnosam
765 2933 861 3026 sore,
883 2948 961 3009 tam
985 2932 1097 3011 uobis
1116 2961 1230 3039 quam
1256 2932 1428 3012 locorum
1454 2931 1620 3014 dominis
1636 2933 1864 3023 vicinorum,
1886 2948 1920 3009 et

498 3062 538 3138 in
557 3061 672 3140 rebus
691 3066 797 3142 novis
815 3064 1091 3143 constituendis
1111 3064 1267 3144 evidens
1286 3064 1424 3142 debeat
1443 3061 1587 3142 utilitas
1606 3062 1766 3152 attendi,
1783 3089 1852 3170 per
1862 3062 1919 3169 ju·

495 3193 639 3272 dicium
659 3212 786 3274 nostre
813 3196 932 3288 curie,
958 3196 1103 3274 dictum
1127 3195 1199 3276 fuit
1222 3195 1431 3302 predictam
1458 3195 1713 3274 mutacionam
1740 3191 1824 3272 lieri
1847 3221 1918 3272 non

495 3314 656 3404 debere(

550 3456 707 3535 Veneris
724 3474 812 3565 post
822 3457 965 3537 festum
984 3458 1203 3547 Trinitatis,
1225 3486 1325 3536 anno
1344 3457 1610 3538 trecentesimo
1629 3456 1761 3534 torcio.

550 3719 595 3796 V.
625 3719 726 3797 Cum
754 3721 938 3798 Martinus
968 3721 1092 3827 Luppi
1122 3721 1171 3798 de
1203 3722 1338 3810 Umor,
1369 3719 1478 3798 miles
1503 3719 1553 3797 da
1581 3719 1757 3808 Navarra,
1791 3697 1940 3796 conas

493 3848 675 3925 Riconem
699 3847 902 3959 Galligani‚
930 3849 1190 3942 lombardum,
1210 3869 1441 3960 proponeret
1461 3851 1569 3958 quod
1587 3849 1665 3928 duo
1691 3849 1794 3957 paria
1820 3849 1911 3926 litte

493 4007 639 4069 (0111111,
664 3979 789 4088 sigillo
816 3998 945 4060 nostro
971 3982 1235 4092 sigillatamm,
1266 3984 1307 4060 in
1331 3982 1472 4091 quibus
1496 3981 1620 4060 dictus
1643 3979 1752 4061 miles
1771 3979 1912 4060 dicabat

492 4136 561 4186 nos
581 4109 707 4188 eidem
725 4112 849 4190 teneri
871 4113 909 4189 in
927 4112 1034 4192 mille
1055 4114 1302 4224 septingentis
1321 4113 1430 4192 libris
1443 4109 1732 4192 Turonensibns
1749 4128 1788 4190 ct
1810 4110 1906 4218 plus,

491 4240 616 4319 eidem
638 4239 842 4322 lumbardo
866 4243 1014 4354 pignori
1034 4245 1279 4354 obligaverat,
1302 4272 1372 4353 pro
1397 4243 1560 4353 quadam
1582 4243 1743 4351 pecunie
1764 4240 1909 4350 quami·

488 4385 566 4450 tate
594 4373 695 4452 dicto
727 4374 838 4454 militi
865 4403 886 4453 a
911 4377 1012 4456 dicto
1036 4377 1239 4458 lumbardo
1265 4394 1454 4466 mutuam
1478 4377 1626 4458 dicebat
1652 4376 1770 4454 eciam
1794 4373 1910 4452 dictus

488 4503 599 4582 miles
618 4505 723 4612 quod
749 4507 874 4587 dictus
895 4507 1135 4612 lumbardus,
1160 4538 1229 4617 per
1250 4509 1423 4588 fraudem
1451 4526 1490 4586 et
1511 4507 1716 4597 maliciam,
1742 4533 1834 4584 aum
1858 4503 1905 4580 in

491 4634 647 4716 duxerat
660 4637 708 4715 ad
722 4641 966 4719 vendendum
980 4641 1107 4720 eidem
1124 4641 1242 4719 dictas
1259 4640 1422 4731 litteras,
1436 4640 1631 4719 occasione
1646 4638 1770 4716 mutui
1787 4662 1909 4744 supra-

489 4763 600 4858 dicti,
617 4768 691 4846 hoc
701 4769 829 4849 tamen
843 4790 925 4850 acto
936 4801 1107 4881 expresse
1120 4773 1161 4849 in
1175 4771 1574 4878 vendicionspredicte
1587 4769 1706 4878 quod,
1721 4768 1910 4876 quociens

491 4920 658 5006 cumque
680 4899 784 4980 idem
802 4901 914 4981 miles
939 4903 1041 4983 dicta
1061 4903 1263 4982 lumbardo
1289 4902 1450 4982 solveret
1468 4901 1668 5011 pecuniam
1688 4917 1908 4984 mutuatam,

490 5026 593 5106 idem
619 5028 843 5112 lumbardus
868 5034 970 5112 dicto
1002 5035 1113 5114 militi
1142 5034 1321 5115 redderet
1348 5033 1491 5113 litteras
1522 5033 1750 5124 antedictam
1779 5055 1908 5139 quam,
