<?xml version="1.0" encoding="UTF-8"?>
<!DOCTYPE html PUBLIC "-//W3C//DTD XHTML 1.0 Transitional//EN"
    "http://www.w3.org/TR/xhtml1/DTD/xhtml1-transitional.dtd">
<html xmlns="http://www.w3.org/1999/xhtml" xml:lang="en" lang="en">
 <head>
  <title>
</title>
<meta http-equiv="Content-Type" content="text/html;charset=utf-8" />
  <meta name='ocr-system' content='tesseract 3.04.00' />
  <meta name='ocr-capabilities' content='ocr_page ocr_carea ocr_par ocr_line ocrx_word'/>
</head>
<body>
  <div class='ocr_page' id='page_1' title='image "./lesolimouregist00parigoog_0600.png"; bbox 0 0 4450 6209; ppageno 0'>
   <div class='ocr_carea' id='block_1_1' title="bbox 742 740 1754 849">
    <p class='ocr_par' dir='ltr' id='par_1_1' title="bbox 742 740 1754 849">
     <span class='ocr_line' id='line_1_1' title="bbox 742 740 1754 849; baseline 0.013 -17"><span class='ocrx_word' id='word_1_1' title='bbox 742 740 1012 849; x_wconf 76' lang='lat' dir='ltr'><strong>nnontrns</strong></span> <span class='ocrx_word' id='word_1_2' title='bbox 1038 766 1101 837; x_wconf 85' lang='lat' dir='ltr'><strong>nr</strong></span> <span class='ocrx_word' id='word_1_3' title='bbox 1130 744 1331 839; x_wconf 78' lang='lat' dir='ltr'><strong>rnocss.</strong></span> <span class='ocrx_word' id='word_1_4' title='bbox 1681 775 1754 845; x_wconf 86' lang='lat'><strong>503</strong></span> 
     </span>
    </p>
   </div>
   <div class='ocr_carea' id='block_1_2' title="bbox 320 900 1980 3121">
    <p class='ocr_par' dir='ltr' id='par_1_2' title="bbox 320 900 1980 3121">
     <span class='ocr_line' id='line_1_2' title="bbox 322 900 1980 1011; baseline 0.01 -36"><span class='ocrx_word' id='word_1_5' title='bbox 322 900 434 976; x_wconf 86' lang='lat' dir='ltr'><strong>ducto</strong></span> <span class='ocrx_word' id='word_1_6' title='bbox 448 901 583 978; x_wconf 82' lang='lat' dir='ltr'><strong>exinde</strong></span> <span class='ocrx_word' id='word_1_7' title='bbox 596 903 826 1009; x_wconf 80' lang='lat' dir='ltr'>competenti</span> <span class='ocrx_word' id='word_1_8' title='bbox 843 903 978 981; x_wconf 90' lang='lat' dir='ltr'><strong>salario</strong></span> <span class='ocrx_word' id='word_1_9' title='bbox 990 932 1060 1011; x_wconf 92' lang='lat' dir='ltr'><strong>pro</strong></span> <span class='ocrx_word' id='word_1_10' title='bbox 1075 905 1204 985; x_wconf 88' lang='lat' dir='ltr'><strong>labore</strong></span> <span class='ocrx_word' id='word_1_11' title='bbox 1216 934 1300 995; x_wconf 89' lang='lat' dir='ltr'><strong>suo,</strong></span> <span class='ocrx_word' id='word_1_12' title='bbox 1317 909 1527 986; x_wconf 87' lang='lat' dir='ltr'><strong>secundum</strong></span> <span class='ocrx_word' id='word_1_13' title='bbox 1541 912 1643 989; x_wconf 91' lang='lat' dir='ltr'><strong>curie</strong></span> <span class='ocrx_word' id='word_1_14' title='bbox 1657 931 1756 991; x_wconf 85' lang='lat' dir='ltr'><strong>taxa·</strong></span> <span class='ocrx_word' id='word_1_15' title='bbox 1793 930 1923 983; x_wconf 71' lang='lat' dir='ltr'><strong>annm</strong></span> <span class='ocrx_word' id='word_1_16' title='bbox 1938 932 1980 994; x_wconf 79' lang='lat' dir='ltr'><strong>tv,</strong></span> 
     </span>
     <span class='ocr_line' id='line_1_3' title="bbox 321 1024 1918 1149; baseline 0.01 -42"><span class='ocrx_word' id='word_1_17' title='bbox 321 1032 485 1120; x_wconf 90' lang='lat' dir='ltr'><strong>cionem,</strong></span> <span class='ocrx_word' id='word_1_18' title='bbox 507 1050 547 1110; x_wconf 90' lang='lat' dir='ltr'><strong>et</strong></span> <span class='ocrx_word' id='word_1_19' title='bbox 567 1035 670 1140; x_wconf 91' lang='lat' dir='ltr'><strong>quod</strong></span> <span class='ocrx_word' id='word_1_20' title='bbox 687 1034 867 1113; x_wconf 88' lang='lat' dir='ltr'><strong>redderet</strong></span> <span class='ocrx_word' id='word_1_21' title='bbox 881 1036 1007 1113; x_wconf 91' lang='lat' dir='ltr'><strong>eidem</strong></span> <span class='ocrx_word' id='word_1_22' title='bbox 1028 1040 1200 1144; x_wconf 85' lang='lat' dir='ltr'>precium</span> <span class='ocrx_word' id='word_1_23' title='bbox 1221 1040 1258 1115; x_wconf 89' lang='lat' dir='ltr'><strong>in</strong></span> <span class='ocrx_word' id='word_1_24' title='bbox 1279 1038 1447 1147; x_wconf 82' lang='lat' dir='ltr'><strong>quesibi</strong></span> <span class='ocrx_word' id='word_1_25' title='bbox 1468 1043 1669 1120; x_wconf 91' lang='lat' dir='ltr'><strong>tenebatur</strong></span> <span class='ocrx_word' id='word_1_26' title='bbox 1687 1074 1756 1149; x_wconf 93' lang='lat' dir='ltr'><strong>pro</strong></span> <span class='ocrx_word' id='word_1_27' title='bbox 1856 1024 1918 1065; x_wconf 56' lang='grc' dir='ltr'><strong>Μ’</strong></span> 
     </span>
     <span class='ocr_line' id='line_1_4' title="bbox 320 1164 1756 1274; baseline 0.008 -33"><span class='ocrx_word' id='word_1_28' title='bbox 320 1192 382 1241; x_wconf 83' lang='lat' dir='ltr'><strong>sen</strong></span> <span class='ocrx_word' id='word_1_29' title='bbox 402 1164 499 1242; x_wconf 90' lang='lat' dir='ltr'><strong>alnis</strong></span> <span class='ocrx_word' id='word_1_30' title='bbox 523 1168 639 1271; x_wconf 89' lang='lat' dir='ltr'><strong>panni</strong></span> <span class='ocrx_word' id='word_1_31' title='bbox 660 1170 798 1258; x_wconf 84' lang='lat' dir='ltr'><strong>crocei,</strong></span> <span class='ocrx_word' id='word_1_32' title='bbox 821 1196 936 1274; x_wconf 89' lang='lat' dir='ltr'><strong>quem</strong></span> <span class='ocrx_word' id='word_1_33' title='bbox 957 1169 1060 1248; x_wconf 92' lang='lat' dir='ltr'><strong>idem</strong></span> <span class='ocrx_word' id='word_1_34' title='bbox 1087 1172 1253 1249; x_wconf 90' lang='lat' dir='ltr'><strong>Herveus</strong></span> <span class='ocrx_word' id='word_1_35' title='bbox 1275 1170 1460 1249; x_wconf 85' lang='lat' dir='ltr'><strong>habuerat</strong></span> <span class='ocrx_word' id='word_1_36' title='bbox 1478 1174 1524 1251; x_wconf 89' lang='lat' dir='ltr'><strong>ab</strong></span> <span class='ocrx_word' id='word_1_37' title='bbox 1544 1175 1696 1265; x_wconf 88' lang='lat' dir='ltr'><strong>eodem,</strong></span> <span class='ocrx_word' id='word_1_38' title='bbox 1719 1196 1756 1252; x_wconf 88' lang='lat' dir='ltr'><strong>et</strong></span> 
     </span>
     <span class='ocr_line' id='line_1_5' title="bbox 320 1296 1753 1411; baseline 0.008 -38"><span class='ocrx_word' id='word_1_39' title='bbox 320 1296 424 1401; x_wconf 90' lang='lat' dir='ltr'><strong>quod</strong></span> <span class='ocrx_word' id='word_1_40' title='bbox 442 1296 568 1375; x_wconf 90' lang='lat' dir='ltr'><strong>eidem</strong></span> <span class='ocrx_word' id='word_1_41' title='bbox 589 1300 765 1377; x_wconf 87' lang='lat' dir='ltr'><strong>redderet</strong></span> <span class='ocrx_word' id='word_1_42' title='bbox 788 1301 950 1406; x_wconf 88' lang='lat' dir='ltr'><strong>dampna</strong></span> <span class='ocrx_word' id='word_1_43' title='bbox 969 1330 1044 1409; x_wconf 86' lang='lat' dir='ltr'><strong>que</strong></span> <span class='ocrx_word' id='word_1_44' title='bbox 1063 1302 1145 1409; x_wconf 89' lang='lat' dir='ltr'><strong>ipse</strong></span> <span class='ocrx_word' id='word_1_45' title='bbox 1169 1302 1397 1382; x_wconf 77' lang='lat' dir='ltr'><strong>sustinuerat</strong></span> <span class='ocrx_word' id='word_1_46' title='bbox 1420 1331 1490 1410; x_wconf 90' lang='lat' dir='ltr'><strong>pro</strong></span> <span class='ocrx_word' id='word_1_47' title='bbox 1507 1308 1753 1411; x_wconf 82' lang='lat' dir='ltr'><strong>expectando,</strong></span> 
     </span>
     <span class='ocr_line' id='line_1_6' title="bbox 321 1425 1758 1542; baseline 0.008 -39"><span class='ocrx_word' id='word_1_48' title='bbox 321 1429 501 1521; x_wconf 82' lang='lat' dir='ltr'><strong>Parisios,</strong></span> <span class='ocrx_word' id='word_1_49' title='bbox 515 1429 594 1508; x_wconf 94' lang='lat' dir='ltr'><strong>duo</strong></span> <span class='ocrx_word' id='word_1_50' title='bbox 612 1433 713 1537; x_wconf 88' lang='lat' dir='ltr'><strong>paria</strong></span> <span class='ocrx_word' id='word_1_51' title='bbox 728 1432 956 1523; x_wconf 88' lang='lat' dir='ltr'><strong>litterarum,</strong></span> <span class='ocrx_word' id='word_1_52' title='bbox 976 1425 1069 1542; x_wconf 85' lang='lat' dir='ltr'><strong>quas</strong></span> <span class='ocrx_word' id='word_1_53' title='bbox 1088 1434 1193 1512; x_wconf 88' lang='lat' dir='ltr'><strong>idem</strong></span> <span class='ocrx_word' id='word_1_54' title='bbox 1209 1436 1375 1513; x_wconf 91' lang='lat' dir='ltr'><strong>Herveus</strong></span> <span class='ocrx_word' id='word_1_55' title='bbox 1393 1437 1618 1542; x_wconf 78' lang='lat' dir='ltr'><strong>promiserat</strong></span> <span class='ocrx_word' id='word_1_56' title='bbox 1634 1468 1673 1515; x_wconf 92' lang='lat' dir='ltr'><strong>se</strong></span> <span class='ocrx_word' id='word_1_57' title='bbox 1691 1441 1758 1514; x_wconf 90' lang='lat' dir='ltr'><strong>im-</strong></span> 
     </span>
     <span class='ocr_line' id='line_1_7' title="bbox 322 1564 1757 1665; baseline 0.01 -30"><span class='ocrx_word' id='word_1_58' title='bbox 322 1577 557 1665; x_wconf 87' lang='lat' dir='ltr'><strong>petraturum</strong></span> <span class='ocrx_word' id='word_1_59' title='bbox 574 1580 613 1640; x_wconf 89' lang='lat' dir='ltr'><strong>et</strong></span> <span class='ocrx_word' id='word_1_60' title='bbox 629 1564 869 1642; x_wconf 88' lang='lat' dir='ltr'><strong>redditurum</strong></span> <span class='ocrx_word' id='word_1_61' title='bbox 889 1564 1013 1642; x_wconf 91' lang='lat' dir='ltr'><strong>eidem</strong></span> <span class='ocrx_word' id='word_1_62' title='bbox 1033 1565 1131 1643; x_wconf 81' lang='lat' dir='ltr'><strong>infra</strong></span> <span class='ocrx_word' id='word_1_63' title='bbox 1149 1584 1288 1644; x_wconf 87' lang='lat' dir='ltr'><strong>certam</strong></span> <span class='ocrx_word' id='word_1_64' title='bbox 1310 1566 1430 1658; x_wconf 86' lang='lat' dir='ltr'><strong>diem,</strong></span> <span class='ocrx_word' id='word_1_65' title='bbox 1447 1598 1534 1646; x_wconf 90' lang='lat' dir='ltr'><strong>cum</strong></span> <span class='ocrx_word' id='word_1_66' title='bbox 1553 1571 1641 1662; x_wconf 91' lang='lat' dir='ltr'><strong>hoc,</strong></span> <span class='ocrx_word' id='word_1_67' title='bbox 1655 1572 1757 1650; x_wconf 85' lang='lat' dir='ltr'><strong>sicut</strong></span> 
     </span>
     <span class='ocr_line' id='line_1_8' title="bbox 322 1693 1757 1809; baseline 0.01 -41"><span class='ocrx_word' id='word_1_68' title='bbox 322 1693 560 1797; x_wconf 78' lang='lat' dir='ltr'><strong>promiserat,</strong></span> <span class='ocrx_word' id='word_1_69' title='bbox 585 1722 661 1773; x_wconf 92' lang='lat' dir='ltr'><strong>non</strong></span> <span class='ocrx_word' id='word_1_70' title='bbox 681 1696 961 1804; x_wconf 88' lang='lat' dir='ltr'><strong>complevisset;</strong></span> <span class='ocrx_word' id='word_1_71' title='bbox 984 1714 1057 1775; x_wconf 88' lang='lat' dir='ltr'><strong>ete</strong></span> <span class='ocrx_word' id='word_1_72' title='bbox 1075 1698 1343 1778; x_wconf 87' lang='lat' dir='ltr'><strong>contradictus</strong></span> <span class='ocrx_word' id='word_1_73' title='bbox 1360 1700 1528 1778; x_wconf 87' lang='lat' dir='ltr'><strong>Horveus</strong></span> <span class='ocrx_word' id='word_1_74' title='bbox 1547 1702 1757 1809; x_wconf 87' lang='lat' dir='ltr'><strong>requireret</strong></span> 
     </span>
     <span class='ocr_line' id='line_1_9' title="bbox 321 1822 1757 1937; baseline 0.01 -40"><span class='ocrx_word' id='word_1_75' title='bbox 321 1822 695 1903; x_wconf 82' lang='lat' dir='ltr'><strong>dictum-Taxardum</strong></span> <span class='ocrx_word' id='word_1_76' title='bbox 718 1828 894 1934; x_wconf 91' lang='lat' dir='ltr'><strong>compelli</strong></span> <span class='ocrx_word' id='word_1_77' title='bbox 915 1828 962 1904; x_wconf 90' lang='lat' dir='ltr'><strong>ad</strong></span> <span class='ocrx_word' id='word_1_78' title='bbox 981 1829 1224 1906; x_wconf 89' lang='lat' dir='ltr'><strong>reddendum</strong></span> <span class='ocrx_word' id='word_1_79' title='bbox 1244 1830 1369 1906; x_wconf 86' lang='lat' dir='ltr'><strong>eidem</strong></span> <span class='ocrx_word' id='word_1_80' title='bbox 1395 1848 1560 1937; x_wconf 86' lang='lat' dir='ltr'><strong>quatuor</strong></span> <span class='ocrx_word' id='word_1_81' title='bbox 1585 1832 1699 1912; x_wconf 91' lang='lat' dir='ltr'><strong>libras</strong></span> <span class='ocrx_word' id='word_1_82' title='bbox 1718 1854 1757 1912; x_wconf 91' lang='lat' dir='ltr'><strong>et</strong></span> 
     </span>
     <span class='ocr_line' id='line_1_10' title="bbox 322 1957 1754 2071; baseline 0.008 -41"><span class='ocrx_word' id='word_1_83' title='bbox 322 1958 592 2060; x_wconf 83' lang='lat' dir='ltr'><strong>septemdecim</strong></span> <span class='ocrx_word' id='word_1_84' title='bbox 607 1957 749 2036; x_wconf 91' lang='lat' dir='ltr'><strong>solidos</strong></span> <span class='ocrx_word' id='word_1_85' title='bbox 763 1960 1004 2052; x_wconf 84' lang='lat' dir='ltr'><strong>Parisienses,</strong></span> <span class='ocrx_word' id='word_1_86' title='bbox 1022 1962 1062 2037; x_wconf 92' lang='lat' dir='ltr'><strong>in</strong></span> <span class='ocrx_word' id='word_1_87' title='bbox 1078 1962 1219 2068; x_wconf 88' lang='lat' dir='ltr'><strong>quibus</strong></span> <span class='ocrx_word' id='word_1_88' title='bbox 1232 1962 1304 2039; x_wconf 91' lang='lat' dir='ltr'><strong>sibi</strong></span> <span class='ocrx_word' id='word_1_89' title='bbox 1316 1962 1516 2041; x_wconf 89' lang='lat' dir='ltr'><strong>tenebatur</strong></span> <span class='ocrx_word' id='word_1_90' title='bbox 1527 1994 1596 2071; x_wconf 94' lang='lat' dir='ltr'><strong>per</strong></span> <span class='ocrx_word' id='word_1_91' title='bbox 1610 1964 1754 2043; x_wconf 90' lang='lat' dir='ltr'><strong>bonum</strong></span> 
     </span>
     <span class='ocr_line' id='line_1_11' title="bbox 321 2089 1755 2204; baseline 0.008 -40"><span class='ocrx_word' id='word_1_92' title='bbox 321 2106 540 2198; x_wconf 89' lang='lat' dir='ltr'><strong>compotum</strong></span> <span class='ocrx_word' id='word_1_93' title='bbox 555 2089 694 2167; x_wconf 85' lang='lat' dir='ltr'><strong>lactum</strong></span> <span class='ocrx_word' id='word_1_94' title='bbox 714 2093 814 2169; x_wconf 90' lang='lat' dir='ltr'><strong>inter</strong></span> <span class='ocrx_word' id='word_1_95' title='bbox 834 2120 916 2182; x_wconf 87' lang='lat' dir='ltr'><strong>eos,</strong></span> <span class='ocrx_word' id='word_1_96' title='bbox 936 2109 979 2169; x_wconf 92' lang='lat' dir='ltr'><strong>ut</strong></span> <span class='ocrx_word' id='word_1_97' title='bbox 997 2092 1162 2186; x_wconf 89' lang='lat' dir='ltr'><strong>dicebat,</strong></span> <span class='ocrx_word' id='word_1_98' title='bbox 1182 2094 1275 2171; x_wconf 89' lang='lat' dir='ltr'><strong>item</strong></span> <span class='ocrx_word' id='word_1_99' title='bbox 1291 2122 1469 2199; x_wconf 83' lang='lat' dir='ltr'><strong>expensas</strong></span> <span class='ocrx_word' id='word_1_100' title='bbox 1484 2123 1576 2202; x_wconf 90' lang='lat' dir='ltr'><strong>quas</strong></span> <span class='ocrx_word' id='word_1_101' title='bbox 1589 2128 1658 2204; x_wconf 94' lang='lat' dir='ltr'><strong>pro</strong></span> <span class='ocrx_word' id='word_1_102' title='bbox 1674 2098 1755 2204; x_wconf 91' lang='lat' dir='ltr'><strong>ipso</strong></span> 
     </span>
     <span class='ocr_line' id='line_1_12' title="bbox 320 2220 1756 2332; baseline 0.006 -37"><span class='ocrx_word' id='word_1_103' title='bbox 320 2220 459 2297; x_wconf 85' lang='lat' dir='ltr'><strong>lecerat</strong></span> <span class='ocrx_word' id='word_1_104' title='bbox 477 2223 605 2299; x_wconf 90' lang='lat' dir='ltr'><strong>eundo</strong></span> <span class='ocrx_word' id='word_1_105' title='bbox 628 2224 729 2329; x_wconf 88' lang='lat' dir='ltr'><strong>apud</strong></span> <span class='ocrx_word' id='word_1_106' title='bbox 747 2223 993 2301; x_wconf 87' lang='lat' dir='ltr'><strong>Meledunum</strong></span> <span class='ocrx_word' id='word_1_107' title='bbox 1013 2253 1083 2331; x_wconf 93' lang='lat' dir='ltr'><strong>pro</strong></span> <span class='ocrx_word' id='word_1_108' title='bbox 1102 2226 1181 2303; x_wconf 90' lang='lat' dir='ltr'><strong>suis</strong></span> <span class='ocrx_word' id='word_1_109' title='bbox 1201 2224 1336 2302; x_wconf 88' lang='lat' dir='ltr'><strong>litteris</strong></span> <span class='ocrx_word' id='word_1_110' title='bbox 1350 2226 1594 2332; x_wconf 84' lang='lat' dir='ltr'><strong>impetrandis</strong></span> <span class='ocrx_word' id='word_1_111' title='bbox 1611 2261 1618 2304; x_wconf 91' lang='lat'><strong>:</strong></span> <span class='ocrx_word' id='word_1_112' title='bbox 1637 2229 1756 2306; x_wconf 86' lang='lat' dir='ltr'><strong>Andi-</strong></span> 
     </span>
     <span class='ocr_line' id='line_1_13' title="bbox 320 2334 1755 2463; baseline 0.006 -36"><span class='ocrx_word' id='word_1_113' title='bbox 320 2353 368 2429; x_wconf 89' lang='lat' dir='ltr'><strong>tis</strong></span> <span class='ocrx_word' id='word_1_114' title='bbox 389 2382 463 2459; x_wconf 86' lang='lat' dir='ltr'><strong>que</strong></span> <span class='ocrx_word' id='word_1_115' title='bbox 483 2371 643 2460; x_wconf 89' lang='lat' dir='ltr'><strong>utraque</strong></span> <span class='ocrx_word' id='word_1_116' title='bbox 662 2382 747 2461; x_wconf 92' lang='lat' dir='ltr'><strong>pars</strong></span> <span class='ocrx_word' id='word_1_117' title='bbox 766 2355 963 2461; x_wconf 86' lang='lat' dir='ltr'><strong>proposuit</strong></span> <span class='ocrx_word' id='word_1_118' title='bbox 986 2334 1033 2432; x_wconf 89' lang='lat' dir='ltr'><strong>ad</strong></span> <span class='ocrx_word' id='word_1_119' title='bbox 1053 2355 1111 2433; x_wconf 92' lang='lat' dir='ltr'><strong>sui</strong></span> <span class='ocrx_word' id='word_1_120' title='bbox 1131 2354 1389 2432; x_wconf 83' lang='lat' dir='ltr'><strong>defensionem</strong></span> <span class='ocrx_word' id='word_1_121' title='bbox 1415 2373 1544 2432; x_wconf 91' lang='lat' dir='ltr'><strong>contra</strong></span> <span class='ocrx_word' id='word_1_122' title='bbox 1563 2377 1755 2463; x_wconf 89' lang='lat' dir='ltr'><strong>requestas</strong></span> 
     </span>
     <span class='ocr_line' id='line_1_14' title="bbox 321 2484 1752 2594; baseline 0.005 -34"><span class='ocrx_word' id='word_1_123' title='bbox 321 2484 525 2591; x_wconf 89' lang='lat' dir='ltr'><strong>predictas,</strong></span> <span class='ocrx_word' id='word_1_124' title='bbox 549 2503 587 2563; x_wconf 88' lang='lat' dir='ltr'><strong>et</strong></span> <span class='ocrx_word' id='word_1_125' title='bbox 604 2486 680 2564; x_wconf 89' lang='lat' dir='ltr'><strong>visa</strong></span> <span class='ocrx_word' id='word_1_126' title='bbox 700 2484 971 2563; x_wconf 84' lang='lat' dir='ltr'><strong>informacione</strong></span> <span class='ocrx_word' id='word_1_127' title='bbox 987 2516 1102 2593; x_wconf 89' lang='lat' dir='ltr'><strong>super</strong></span> <span class='ocrx_word' id='word_1_128' title='bbox 1121 2486 1194 2565; x_wconf 92' lang='lat' dir='ltr'><strong>hoc</strong></span> <span class='ocrx_word' id='word_1_129' title='bbox 1214 2486 1327 2578; x_wconf 87' lang='lat' dir='ltr'><strong>facta,</strong></span> <span class='ocrx_word' id='word_1_130' title='bbox 1349 2486 1448 2563; x_wconf 89' lang='lat' dir='ltr'><strong>dicte</strong></span> <span class='ocrx_word' id='word_1_131' title='bbox 1466 2505 1597 2594; x_wconf 84' lang='lat' dir='ltr'><strong>gentes</strong></span> <span class='ocrx_word' id='word_1_132' title='bbox 1609 2508 1752 2579; x_wconf 83' lang='lat' dir='ltr'><strong>nostre,</strong></span> 
     </span>
     <span class='ocr_line' id='line_1_15' title="bbox 321 2600 1825 2728; baseline 0.004 -36"><span class='ocrx_word' id='word_1_133' title='bbox 321 2635 494 2693; x_wconf 90' lang='lat' dir='ltr'><strong>tenentes</strong></span> <span class='ocrx_word' id='word_1_134' title='bbox 516 2636 723 2726; x_wconf 90' lang='lat' dir='ltr'><strong>requestas,</strong></span> <span class='ocrx_word' id='word_1_135' title='bbox 747 2616 922 2695; x_wconf 84' lang='lat' dir='ltr'><strong>dixerunt</strong></span> <span class='ocrx_word' id='word_1_136' title='bbox 944 2618 1048 2724; x_wconf 93' lang='lat' dir='ltr'><strong>quod</strong></span> <span class='ocrx_word' id='word_1_137' title='bbox 1070 2617 1160 2695; x_wconf 92' lang='lat' dir='ltr'><strong>dicti</strong></span> <span class='ocrx_word' id='word_1_138' title='bbox 1180 2620 1347 2697; x_wconf 91' lang='lat' dir='ltr'><strong>Herveus</strong></span> <span class='ocrx_word' id='word_1_139' title='bbox 1367 2636 1405 2695; x_wconf 87' lang='lat' dir='ltr'><strong>et</strong></span> <span class='ocrx_word' id='word_1_140' title='bbox 1427 2619 1619 2698; x_wconf 82' lang='lat' dir='ltr'><strong>Taxardus</strong></span> <span class='ocrx_word' id='word_1_141' title='bbox 1643 2623 1753 2728; x_wconf 90' lang='lat' dir='ltr'><strong>quitti</strong></span> <span class='ocrx_word' id='word_1_142' title='bbox 1823 2600 1825 2604; x_wconf 41' lang='lat'><strong>,</strong></span> 
     </span>
     <span class='ocr_line' id='line_1_16' title="bbox 322 2749 1752 2855; baseline 0.002 -31"><span class='ocrx_word' id='word_1_143' title='bbox 322 2750 397 2825; x_wconf 90' lang='lat' dir='ltr'><strong>sint</strong></span> <span class='ocrx_word' id='word_1_144' title='bbox 416 2750 507 2825; x_wconf 93' lang='lat' dir='ltr'><strong>hinc</strong></span> <span class='ocrx_word' id='word_1_145' title='bbox 526 2750 632 2840; x_wconf 90' lang='lat' dir='ltr'><strong>inde,</strong></span> <span class='ocrx_word' id='word_1_146' title='bbox 657 2768 696 2828; x_wconf 88' lang='lat' dir='ltr'><strong>et</strong></span> <span class='ocrx_word' id='word_1_147' title='bbox 715 2777 849 2827; x_wconf 91' lang='lat' dir='ltr'><strong>eorum</strong></span> <span class='ocrx_word' id='word_1_148' title='bbox 872 2750 1037 2855; x_wconf 89' lang='lat' dir='ltr'><strong>quilibet</strong></span> <span class='ocrx_word' id='word_1_149' title='bbox 1061 2750 1156 2827; x_wconf 88' lang='lat' dir='ltr'><strong>alter</strong></span> <span class='ocrx_word' id='word_1_150' title='bbox 1177 2752 1224 2829; x_wconf 93' lang='lat' dir='ltr'><strong>de</strong></span> <span class='ocrx_word' id='word_1_151' title='bbox 1249 2749 1367 2829; x_wconf 88' lang='lat' dir='ltr'><strong>altero</strong></span> <span class='ocrx_word' id='word_1_152' title='bbox 1387 2749 1552 2828; x_wconf 90' lang='lat' dir='ltr'><strong>totaliter</strong></span> <span class='ocrx_word' id='word_1_153' title='bbox 1573 2754 1752 2830; x_wconf 84' lang='lat' dir='ltr'><strong>contenti.</strong></span> 
     </span>
     <span class='ocr_line' id='line_1_17' title="bbox 377 2880 1752 2988; baseline 0.001 -28"><span class='ocrx_word' id='word_1_154' title='bbox 377 2882 533 2960; x_wconf 87' lang='lat' dir='ltr'><strong>Veneris</strong></span> <span class='ocrx_word' id='word_1_155' title='bbox 550 2898 636 2988; x_wconf 88' lang='lat' dir='ltr'><strong>post</strong></span> <span class='ocrx_word' id='word_1_156' title='bbox 654 2881 886 2960; x_wconf 88' lang='lat' dir='ltr'><strong>Nativitatem</strong></span> <span class='ocrx_word' id='word_1_157' title='bbox 905 2880 1015 2959; x_wconf 88' lang='lat' dir='ltr'><strong>beate</strong></span> <span class='ocrx_word' id='word_1_158' title='bbox 1031 2882 1166 2971; x_wconf 81' lang='lat' dir='ltr'><strong>Maris,</strong></span> <span class='ocrx_word' id='word_1_159' title='bbox 1183 2910 1283 2959; x_wconf 85' lang='lat' dir='ltr'><strong>anno</strong></span> <span class='ocrx_word' id='word_1_160' title='bbox 1299 2882 1565 2960; x_wconf 89' lang='lat' dir='ltr'><strong>trecentesimo</strong></span> <span class='ocrx_word' id='word_1_161' title='bbox 1587 2883 1752 2973; x_wconf 87' lang='lat' dir='ltr'><strong>decimo,</strong></span> 
     </span>
     <span class='ocr_line' id='line_1_18' title="bbox 320 3013 775 3121; baseline 0 -32"><span class='ocrx_word' id='word_1_162' title='bbox 320 3013 514 3091; x_wconf 88' lang='lat' dir='ltr'><strong>interduo</strong></span> <span class='ocrx_word' id='word_1_163' title='bbox 532 3014 775 3121; x_wconf 87' lang='lat' dir='ltr'><strong>parlamenta.</strong></span> 
     </span>
    </p>
   </div>
   <div class='ocr_carea' id='block_1_3' title="bbox 189 3256 1845 5227">
    <p class='ocr_par' dir='ltr' id='par_1_3' title="bbox 322 3256 1761 4834">
     <span class='ocr_line' id='line_1_19' title="bbox 379 3256 1755 3385; baseline 0 -31"><span class='ocrx_word' id='word_1_164' title='bbox 379 3279 438 3354; x_wconf 92' lang='lat' dir='ltr'><strong>lll.</strong></span> <span class='ocrx_word' id='word_1_165' title='bbox 468 3277 568 3354; x_wconf 87' lang='lat' dir='ltr'><strong>Cum</strong></span> <span class='ocrx_word' id='word_1_166' title='bbox 593 3279 633 3353; x_wconf 91' lang='lat' dir='ltr'><strong>in</strong></span> <span class='ocrx_word' id='word_1_167' title='bbox 661 3306 781 3355; x_wconf 85' lang='lat' dir='ltr'><strong>causa·</strong></span> <span class='ocrx_word' id='word_1_168' title='bbox 799 3307 925 3356; x_wconf 89' lang='lat' dir='ltr'><strong>coram</strong></span> <span class='ocrx_word' id='word_1_169' title='bbox 953 3278 1092 3355; x_wconf 89' lang='lat' dir='ltr'><strong>ballivo</strong></span> <span class='ocrx_word' id='word_1_170' title='bbox 1127 3256 1407 3356; x_wconf 76' lang='lat' dir='ltr'><strong>silvanectensi¹</strong></span> <span class='ocrx_word' id='word_1_171' title='bbox 1426 3280 1631 3385; x_wconf 83' lang='lat' dir='ltr'><strong>pendente,</strong></span> <span class='ocrx_word' id='word_1_172' title='bbox 1657 3281 1755 3356; x_wconf 88' lang='lat' dir='ltr'><strong>iuter</strong></span> 
     </span>
     <span class='ocr_line' id='line_1_20' title="bbox 323 3409 1754 3517; baseline 0.001 -33"><span class='ocrx_word' id='word_1_173' title='bbox 323 3409 564 3515; x_wconf 86' lang='lat' dir='ltr'><strong>Radulphum</strong></span> <span class='ocrx_word' id='word_1_174' title='bbox 584 3409 632 3487; x_wconf 91' lang='lat' dir='ltr'><strong>de</strong></span> <span class='ocrx_word' id='word_1_175' title='bbox 651 3411 783 3499; x_wconf 90' lang='lat' dir='ltr'><strong>Pratis,</strong></span> <span class='ocrx_word' id='word_1_176' title='bbox 805 3410 853 3486; x_wconf 89' lang='lat' dir='ltr'><strong>de</strong></span> <span class='ocrx_word' id='word_1_177' title='bbox 874 3412 1173 3504; x_wconf 73' lang='lat' dir='ltr'><strong>Sancto-Quem,</strong></span> <span class='ocrx_word' id='word_1_178' title='bbox 1196 3438 1239 3486; x_wconf 81' lang='lat' dir='ltr'><strong>ex</strong></span> <span class='ocrx_word' id='word_1_179' title='bbox 1257 3438 1332 3487; x_wconf 91' lang='lat' dir='ltr'><strong>una</strong></span> <span class='ocrx_word' id='word_1_180' title='bbox 1351 3427 1471 3517; x_wconf 90' lang='lat' dir='ltr'><strong>parte,</strong></span> <span class='ocrx_word' id='word_1_181' title='bbox 1495 3428 1531 3487; x_wconf 91' lang='lat' dir='ltr'><strong>et</strong></span> <span class='ocrx_word' id='word_1_182' title='bbox 1550 3411 1754 3488; x_wconf 86' lang='lat' dir='ltr'><strong>Henricum</strong></span> 
     </span>
     <span class='ocr_line' id='line_1_21' title="bbox 323 3540 1756 3649; baseline 0.003 -34"><span class='ocrx_word' id='word_1_183' title='bbox 323 3541 371 3615; x_wconf 94' lang='lat' dir='ltr'><strong>de</strong></span> <span class='ocrx_word' id='word_1_184' title='bbox 393 3540 570 3632; x_wconf 83' lang='lat' dir='ltr'><strong>Cambio,</strong></span> <span class='ocrx_word' id='word_1_185' title='bbox 597 3543 715 3619; x_wconf 90' lang='lat' dir='ltr'><strong>civem</strong></span> <span class='ocrx_word' id='word_1_186' title='bbox 741 3541 1077 3633; x_wconf 71' lang='lat' dir='ltr'><strong>silvanectensem,</strong></span> <span class='ocrx_word' id='word_1_187' title='bbox 1105 3570 1150 3618; x_wconf 79' lang='lat' dir='ltr'><strong>ex</strong></span> <span class='ocrx_word' id='word_1_188' title='bbox 1174 3541 1305 3629; x_wconf 87' lang='lat' dir='ltr'><strong>altera,</strong></span> <span class='ocrx_word' id='word_1_189' title='bbox 1326 3542 1475 3618; x_wconf 88' lang='lat' dir='ltr'><strong>racione</strong></span> <span class='ocrx_word' id='word_1_190' title='bbox 1503 3544 1756 3649; x_wconf 84' lang='lat' dir='ltr'><strong>quorumdam</strong></span> 
     </span>
     <span class='ocr_line' id='line_1_22' title="bbox 323 3673 1757 3782; baseline 0.001 -35"><span class='ocrx_word' id='word_1_191' title='bbox 323 3692 598 3764; x_wconf 87' lang='lat' dir='ltr'><strong>contractuum,</strong></span> <span class='ocrx_word' id='word_1_192' title='bbox 621 3704 691 3781; x_wconf 92' lang='lat' dir='ltr'><strong>pro</strong></span> <span class='ocrx_word' id='word_1_193' title='bbox 711 3674 853 3782; x_wconf 89' lang='lat' dir='ltr'><strong>quibus</strong></span> <span class='ocrx_word' id='word_1_194' title='bbox 872 3674 999 3750; x_wconf 89' lang='lat' dir='ltr'><strong>dictus</strong></span> <span class='ocrx_word' id='word_1_195' title='bbox 1013 3674 1200 3749; x_wconf 86' lang='lat' dir='ltr'><strong>Heuricus</strong></span> <span class='ocrx_word' id='word_1_196' title='bbox 1217 3673 1325 3779; x_wconf 88' lang='lat' dir='ltr'><strong>plura</strong></span> <span class='ocrx_word' id='word_1_197' title='bbox 1339 3674 1440 3751; x_wconf 87' lang='lat' dir='ltr'><strong>bona</strong></span> <span class='ocrx_word' id='word_1_198' title='bbox 1457 3673 1653 3753; x_wconf 80' lang='lat' dir='ltr'><strong>inmobilia</strong></span> <span class='ocrx_word' id='word_1_199' title='bbox 1667 3674 1757 3751; x_wconf 90' lang='lat' dir='ltr'><strong>dicti</strong></span> 
     </span>
     <span class='ocr_line' id='line_1_23' title="bbox 322 3804 1760 3911; baseline 0.003 -33"><span class='ocrx_word' id='word_1_200' title='bbox 322 3804 509 3911; x_wconf 89' lang='lat' dir='ltr'><strong>Radulphi</strong></span> <span class='ocrx_word' id='word_1_201' title='bbox 522 3806 732 3895; x_wconf 83' lang='lat' dir='ltr'><strong>detinebat3</strong></span> <span class='ocrx_word' id='word_1_202' title='bbox 746 3805 850 3882; x_wconf 90' lang='lat' dir='ltr'><strong>idem</strong></span> <span class='ocrx_word' id='word_1_203' title='bbox 862 3804 1023 3883; x_wconf 85' lang='lat' dir='ltr'><strong>ballivus</strong></span> <span class='ocrx_word' id='word_1_204' title='bbox 1035 3804 1074 3880; x_wconf 93' lang='lat' dir='ltr'><strong>in</strong></span> <span class='ocrx_word' id='word_1_205' title='bbox 1090 3804 1216 3881; x_wconf 89' lang='lat' dir='ltr'><strong>assisia</strong></span> <span class='ocrx_word' id='word_1_206' title='bbox 1228 3832 1296 3880; x_wconf 91' lang='lat' dir='ltr'><strong>sua</strong></span> <span class='ocrx_word' id='word_1_207' title='bbox 1304 3804 1517 3911; x_wconf 87' lang='lat' dir='ltr'><strong>judicatum</strong></span> <span class='ocrx_word' id='word_1_208' title='bbox 1531 3833 1641 3882; x_wconf 90' lang='lat' dir='ltr'><strong>suum</strong></span> <span class='ocrx_word' id='word_1_209' title='bbox 1653 3805 1760 3883; x_wconf 91' lang='lat' dir='ltr'><strong>tulis-</strong></span> 
     </span>
     <span class='ocr_line' id='line_1_24' title="bbox 323 3935 1759 4044; baseline 0.001 -33"><span class='ocrx_word' id='word_1_210' title='bbox 323 3954 380 4013; x_wconf 88' lang='lat' dir='ltr'><strong>set</strong></span> <span class='ocrx_word' id='word_1_211' title='bbox 394 3965 464 4042; x_wconf 90' lang='lat' dir='ltr'><strong>pro</strong></span> <span class='ocrx_word' id='word_1_212' title='bbox 486 3936 588 4014; x_wconf 91' lang='lat' dir='ltr'><strong>dicto</strong></span> <span class='ocrx_word' id='word_1_213' title='bbox 604 3938 805 4044; x_wconf 84' lang='lat' dir='ltr'><strong>Radulpho</strong></span> <span class='ocrx_word' id='word_1_214' title='bbox 825 3954 956 4015; x_wconf 89' lang='lat' dir='ltr'><strong>contra</strong></span> <span class='ocrx_word' id='word_1_215' title='bbox 975 3936 1182 4012; x_wconf 89' lang='lat' dir='ltr'><strong>Heuricum</strong></span> <span class='ocrx_word' id='word_1_216' title='bbox 1200 3935 1437 4042; x_wconf 69' lang='lat' dir='ltr'><strong>predictum,</strong></span> <span class='ocrx_word' id='word_1_217' title='bbox 1457 3952 1495 4014; x_wconf 88' lang='lat' dir='ltr'><strong>et</strong></span> <span class='ocrx_word' id='word_1_218' title='bbox 1510 3936 1611 4013; x_wconf 91' lang='lat' dir='ltr'><strong>idem</strong></span> <span class='ocrx_word' id='word_1_219' title='bbox 1626 3939 1759 4014; x_wconf 89' lang='lat' dir='ltr'><strong>Henri-</strong></span> 
     </span>
     <span class='ocr_line' id='line_1_25' title="bbox 323 4062 1758 4177; baseline 0.001 -33"><span class='ocrx_word' id='word_1_220' title='bbox 323 4097 404 4159; x_wconf 91' lang='lat' dir='ltr'><strong>cus,</strong></span> <span class='ocrx_word' id='word_1_221' title='bbox 418 4098 438 4143; x_wconf 89' lang='lat' dir='ltr'><strong>a</strong></span> <span class='ocrx_word' id='word_1_222' title='bbox 446 4066 617 4174; x_wconf 86' lang='lat' dir='ltr'><strong>judicato</strong></span> <span class='ocrx_word' id='word_1_223' title='bbox 629 4068 798 4173; x_wconf 91' lang='lat' dir='ltr'><strong>predicto</strong></span> <span class='ocrx_word' id='word_1_224' title='bbox 815 4069 944 4145; x_wconf 87' lang='lat' dir='ltr'><strong>dicens</strong></span> <span class='ocrx_word' id='word_1_225' title='bbox 959 4094 998 4144; x_wconf 90' lang='lat' dir='ltr'><strong>se</strong></span> <span class='ocrx_word' id='word_1_226' title='bbox 1013 4067 1182 4177; x_wconf 75' lang='lat' dir='ltr'><strong>legitime</strong></span> <span class='ocrx_word' id='word_1_227' title='bbox 1195 4062 1417 4174; x_wconf 84' lang='lat' dir='ltr'><strong>appellasse,</strong></span> <span class='ocrx_word' id='word_1_228' title='bbox 1427 4069 1758 4175; x_wconf 80' lang='lat' dir='ltr'><strong>adjornarnentum</strong></span> 
     </span>
     <span class='ocr_line' id='line_1_26' title="bbox 324 4199 1759 4307; baseline 0.002 -33"><span class='ocrx_word' id='word_1_229' title='bbox 324 4201 559 4306; x_wconf 90' lang='lat' dir='ltr'><strong>impetrasset</strong></span> <span class='ocrx_word' id='word_1_230' title='bbox 576 4202 615 4276; x_wconf 90' lang='lat' dir='ltr'><strong>in</strong></span> <span class='ocrx_word' id='word_1_231' title='bbox 636 4229 745 4278; x_wconf 91' lang='lat' dir='ltr'><strong>causa</strong></span> <span class='ocrx_word' id='word_1_232' title='bbox 771 4199 1037 4305; x_wconf 89' lang='lat' dir='ltr'><strong>appellacionis</strong></span> <span class='ocrx_word' id='word_1_233' title='bbox 1057 4199 1227 4305; x_wconf 88' lang='lat' dir='ltr'><strong>predicte</strong></span> <span class='ocrx_word' id='word_1_234' title='bbox 1244 4232 1253 4289; x_wconf 78' lang='grc' dir='ltr'><strong>ς</strong></span> <span class='ocrx_word' id='word_1_235' title='bbox 1273 4200 1415 4276; x_wconf 87' lang='lat' dir='ltr'><strong>deinde</strong></span> <span class='ocrx_word' id='word_1_236' title='bbox 1439 4202 1539 4277; x_wconf 89' lang='lat' dir='ltr'><strong>dicto</strong></span> <span class='ocrx_word' id='word_1_237' title='bbox 1560 4201 1759 4307; x_wconf 90' lang='lat' dir='ltr'><strong>Radulpho</strong></span> 
     </span>
     <span class='ocr_line' id='line_1_27' title="bbox 325 4330 1758 4441; baseline -0.001 -33"><span class='ocrx_word' id='word_1_238' title='bbox 325 4334 436 4411; x_wconf 91' lang='lat' dir='ltr'><strong>nobis</strong></span> <span class='ocrx_word' id='word_1_239' title='bbox 456 4332 702 4441; x_wconf 81' lang='lat' dir='ltr'><strong>signifficante</strong></span> <span class='ocrx_word' id='word_1_240' title='bbox 726 4332 833 4440; x_wconf 88' lang='lat' dir='ltr'><strong>quod</strong></span> <span class='ocrx_word' id='word_1_241' title='bbox 852 4332 955 4409; x_wconf 91' lang='lat' dir='ltr'><strong>idem</strong></span> <span class='ocrx_word' id='word_1_242' title='bbox 976 4331 1177 4419; x_wconf 88' lang='lat' dir='ltr'><strong>Heuricus,</strong></span> <span class='ocrx_word' id='word_1_243' title='bbox 1200 4330 1301 4407; x_wconf 90' lang='lat' dir='ltr'><strong>dicto</strong></span> <span class='ocrx_word' id='word_1_244' title='bbox 1323 4331 1463 4411; x_wconf 91' lang='lat' dir='ltr'><strong>ballivo</strong></span> <span class='ocrx_word' id='word_1_245' title='bbox 1482 4333 1658 4420; x_wconf 82' lang='lat' dir='ltr'><strong>sedente,</strong></span> <span class='ocrx_word' id='word_1_246' title='bbox 1682 4361 1758 4409; x_wconf 89' lang='lat' dir='ltr'><strong>non</strong></span> 
     </span>
     <span class='ocr_line' id='line_1_28' title="bbox 324 4462 1760 4572; baseline -0.001 -31"><span class='ocrx_word' id='word_1_247' title='bbox 324 4466 587 4572; x_wconf 89' lang='lat' dir='ltr'><strong>appellaverat,</strong></span> <span class='ocrx_word' id='word_1_248' title='bbox 609 4464 716 4552; x_wconf 88' lang='lat' dir='ltr'><strong>licet,</strong></span> <span class='ocrx_word' id='word_1_249' title='bbox 738 4464 803 4540; x_wconf 92' lang='lat' dir='ltr'><strong>diu</strong></span> <span class='ocrx_word' id='word_1_250' title='bbox 828 4480 911 4570; x_wconf 91' lang='lat' dir='ltr'><strong>post</strong></span> <span class='ocrx_word' id='word_1_251' title='bbox 929 4462 1048 4539; x_wconf 89' lang='lat' dir='ltr'><strong>latum</strong></span> <span class='ocrx_word' id='word_1_252' title='bbox 1069 4463 1213 4540; x_wconf 89' lang='lat' dir='ltr'><strong>dictum</strong></span> <span class='ocrx_word' id='word_1_253' title='bbox 1231 4462 1462 4569; x_wconf 89' lang='lat' dir='ltr'><strong>judicatum,</strong></span> <span class='ocrx_word' id='word_1_254' title='bbox 1483 4463 1523 4538; x_wconf 90' lang='lat' dir='ltr'><strong>in</strong></span> <span class='ocrx_word' id='word_1_255' title='bbox 1545 4463 1670 4541; x_wconf 91' lang='lat' dir='ltr'><strong>assisia</strong></span> <span class='ocrx_word' id='word_1_256' title='bbox 1694 4492 1760 4539; x_wconf 88' lang='lat' dir='ltr'><strong>sua</strong></span> 
     </span>
     <span class='ocr_line' id='line_1_29' title="bbox 324 4594 1759 4701; baseline -0.002 -29"><span class='ocrx_word' id='word_1_257' title='bbox 324 4596 497 4690; x_wconf 82' lang='lat' dir='ltr'><strong>sedisset,</strong></span> <span class='ocrx_word' id='word_1_258' title='bbox 516 4614 554 4674; x_wconf 91' lang='lat' dir='ltr'><strong>et</strong></span> <span class='ocrx_word' id='word_1_259' title='bbox 571 4613 673 4675; x_wconf 86' lang='lat' dir='ltr'><strong>esset</strong></span> <span class='ocrx_word' id='word_1_260' title='bbox 691 4595 836 4673; x_wconf 91' lang='lat' dir='ltr'><strong>ibidem</strong></span> <span class='ocrx_word' id='word_1_261' title='bbox 860 4622 1014 4700; x_wconf 89' lang='lat' dir='ltr'><strong>presens</strong></span> <span class='ocrx_word' id='word_1_262' title='bbox 1035 4594 1159 4671; x_wconf 85' lang='lat' dir='ltr'><strong>dictus</strong></span> <span class='ocrx_word' id='word_1_263' title='bbox 1179 4594 1381 4686; x_wconf 83' lang='lat' dir='ltr'><strong>Heuricus3</strong></span> <span class='ocrx_word' id='word_1_264' title='bbox 1403 4595 1538 4685; x_wconf 91' lang='lat' dir='ltr'><strong>immo,</strong></span> <span class='ocrx_word' id='word_1_265' title='bbox 1560 4611 1759 4701; x_wconf 89' lang='lat' dir='ltr'><strong>postquam</strong></span> 
     </span>
     <span class='ocr_line' id='line_1_30' title="bbox 324 4726 1761 4834; baseline 0 -33"><span class='ocrx_word' id='word_1_266' title='bbox 324 4728 403 4831; x_wconf 91' lang='lat' dir='ltr'><strong>ipse</strong></span> <span class='ocrx_word' id='word_1_267' title='bbox 416 4727 576 4806; x_wconf 89' lang='lat' dir='ltr'><strong>ballivus</strong></span> <span class='ocrx_word' id='word_1_268' title='bbox 589 4758 610 4805; x_wconf 93' lang='lat' dir='ltr'><strong>a</strong></span> <span class='ocrx_word' id='word_1_269' title='bbox 622 4728 706 4807; x_wconf 88' lang='lat' dir='ltr'><strong>loco</strong></span> <span class='ocrx_word' id='word_1_270' title='bbox 723 4727 933 4806; x_wconf 88' lang='lat' dir='ltr'><strong>assisiamm</strong></span> <span class='ocrx_word' id='word_1_271' title='bbox 954 4754 1109 4803; x_wconf 84' lang='lat' dir='ltr'><strong>suarum</strong></span> <span class='ocrx_word' id='word_1_272' title='bbox 1125 4743 1343 4815; x_wconf 71' lang='lat' dir='ltr'><strong>rememorat,</strong></span> <span class='ocrx_word' id='word_1_273' title='bbox 1359 4744 1397 4803; x_wconf 90' lang='lat' dir='ltr'><strong>et</strong></span> <span class='ocrx_word' id='word_1_274' title='bbox 1414 4726 1531 4803; x_wconf 88' lang='lat' dir='ltr'><strong>eciam</strong></span> <span class='ocrx_word' id='word_1_275' title='bbox 1552 4743 1638 4833; x_wconf 88' lang='lat' dir='ltr'><strong>post</strong></span> <span class='ocrx_word' id='word_1_276' title='bbox 1652 4752 1761 4834; x_wconf 87' lang='lat' dir='ltr'><strong>pran-</strong></span> 
     </span>
    </p>

    <p class='ocr_par' dir='ltr' id='par_1_4' title="bbox 189 4856 1845 5227">
     <span class='ocr_line' id='line_1_31' title="bbox 189 4856 1756 4966; baseline -0.001 -32"><span class='ocrx_word' id='word_1_277' title='bbox 189 4946 194 4954; x_wconf 40' lang='grc'><em>,</em></span> <span class='ocrx_word' id='word_1_278' title='bbox 325 4858 449 4947; x_wconf 89' lang='lat' dir='ltr'><strong>dium,</strong></span> <span class='ocrx_word' id='word_1_279' title='bbox 465 4860 618 4966; x_wconf 87' lang='lat' dir='ltr'><strong>quaudo</strong></span> <span class='ocrx_word' id='word_1_280' title='bbox 633 4860 747 4937; x_wconf 88' lang='lat' dir='ltr'><strong>rediit</strong></span> <span class='ocrx_word' id='word_1_281' title='bbox 759 4859 862 4936; x_wconf 91' lang='lat' dir='ltr'><strong>idem</strong></span> <span class='ocrx_word' id='word_1_282' title='bbox 875 4857 1035 4935; x_wconf 89' lang='lat' dir='ltr'><strong>ballivus</strong></span> <span class='ocrx_word' id='word_1_283' title='bbox 1050 4856 1099 4934; x_wconf 93' lang='lat' dir='ltr'><strong>ad</strong></span> <span class='ocrx_word' id='word_1_284' title='bbox 1116 4856 1242 4934; x_wconf 90' lang='lat' dir='ltr'><strong>locum</strong></span> <span class='ocrx_word' id='word_1_285' title='bbox 1259 4857 1511 4963; x_wconf 83' lang='lat' dir='ltr'><strong>predictarum</strong></span> <span class='ocrx_word' id='word_1_286' title='bbox 1526 4857 1756 4946; x_wconf 89' lang='lat' dir='ltr'><strong>assisiarum,</strong></span> 
     </span>
     <span class='ocr_line' id='line_1_32' title="bbox 326 4974 1845 5097; baseline -0.002 -31"><span class='ocrx_word' id='word_1_287' title='bbox 326 5019 367 5066; x_wconf 90' lang='lat' dir='ltr'><strong>ac</strong></span> <span class='ocrx_word' id='word_1_288' title='bbox 395 4990 626 5097; x_wconf 89' lang='lat' dir='ltr'><strong>supplicante</strong></span> <span class='ocrx_word' id='word_1_289' title='bbox 647 4990 757 5069; x_wconf 88' lang='lat' dir='ltr'><strong>uobis</strong></span> <span class='ocrx_word' id='word_1_290' title='bbox 775 5007 834 5078; x_wconf 90' lang='lat' dir='ltr'><strong>ut,</strong></span> <span class='ocrx_word' id='word_1_291' title='bbox 861 4989 1030 5095; x_wconf 89' lang='lat' dir='ltr'><strong>predicte</strong></span> <span class='ocrx_word' id='word_1_292' title='bbox 1054 4986 1185 5065; x_wconf 77' lang='lat' dir='ltr'><strong>frivole</strong></span> <span class='ocrx_word' id='word_1_293' title='bbox 1211 4986 1450 5096; x_wconf 88' lang='lat' dir='ltr'><strong>apellacionis</strong></span> <span class='ocrx_word' id='word_1_294' title='bbox 1474 5008 1659 5095; x_wconf 82' lang='lat' dir='ltr'><strong>pretextu,</strong></span> <span class='ocrx_word' id='word_1_295' title='bbox 1682 5017 1759 5065; x_wconf 92' lang='lat' dir='ltr'><strong>non</strong></span> <span class='ocrx_word' id='word_1_296' title='bbox 1842 4974 1845 4981; x_wconf 41' lang='grc'><strong>“</strong></span> 
     </span>
     <span class='ocr_line' id='line_1_33' title="bbox 327 5119 1759 5227; baseline -0.003 -30"><span class='ocrx_word' id='word_1_297' title='bbox 327 5121 577 5227; x_wconf 86' lang='lat' dir='ltr'><strong>impediretur</strong></span> <span class='ocrx_word' id='word_1_298' title='bbox 587 5122 645 5199; x_wconf 91' lang='lat' dir='ltr'><strong>sui</strong></span> <span class='ocrx_word' id='word_1_299' title='bbox 654 5123 828 5199; x_wconf 85' lang='lat' dir='ltr'><strong>execucio</strong></span> <span class='ocrx_word' id='word_1_300' title='bbox 831 5119 988 5227; x_wconf 86' lang='lat' dir='ltr'><strong>judicati</strong></span> <span class='ocrx_word' id='word_1_301' title='bbox 999 5154 1008 5210; x_wconf 70' lang='grc' dir='ltr'><strong>ς</strong></span> <span class='ocrx_word' id='word_1_302' title='bbox 1021 5120 1175 5197; x_wconf 92' lang='lat' dir='ltr'><strong>tandem</strong></span> <span class='ocrx_word' id='word_1_303' title='bbox 1190 5149 1275 5209; x_wconf 90' lang='lat' dir='ltr'><strong>nos,</strong></span> <span class='ocrx_word' id='word_1_304' title='bbox 1294 5120 1464 5226; x_wconf 89' lang='lat' dir='ltr'><strong>ejusdem</strong></span> <span class='ocrx_word' id='word_1_305' title='bbox 1475 5120 1759 5227; x_wconf 82' lang='lat' dir='ltr'><strong>Radulphipau-</strong></span> 
     </span>
    </p>
   </div>
   <div class='ocr_carea' id='block_1_4' title="bbox 0 0 2236 6209">
    <p class='ocr_par' dir='ltr' id='par_1_5' title="bbox 0 0 2236 6209">
     <span class='ocr_line' id='line_1_34' title="bbox 0 0 2236 6209; baseline 0 0"><span class='ocrx_word' id='word_1_306' title='bbox 0 0 2236 6209; x_wconf 95' lang='lat' dir='ltr'><strong> </strong></span> 
     </span>
    </p>
   </div>
  </div>
 </body>
</html>
