4450 6209
394 625 400 636 ’
508 664 579 740 roa
1086 667 1179 742 rus
1208 663 1350 739 onrrr.
1460 683 1465 692 ¹

277 815 408 870 aarum
419 813 464 877 W·
504 808 628 886 dictus
641 805 802 885 ballivus
820 835 935 914 super
952 807 1133 913 predictis
1154 806 1439 916 impedimentis
1453 823 1492 884 et
1508 804 1736 896 novitatibus
1749 806 1800 886 de
1817 807 1930 916 plano

337 907 401 950 rsa.
504 967 544 1016 se
559 939 795 1031 informaret,
816 955 870 1028 et,
891 939 923 1016 si
940 938 989 1016 de
1004 939 1185 1045 predictis
1204 937 1433 1018 novitatibus
1449 955 1488 1016 et
1506 937 1788 1046 impedimentis
1807 940 1928 1022 eidem

503 1085 705 1160 constaret,
728 1069 910 1147 debatum
930 1070 1151 1178 hujusmodi
1172 1070 1221 1148 ad
1237 1097 1394 1148 manum
1411 1083 1596 1160 nostram,
1618 1067 1699 1147 sine
1719 1069 1929 1176 prejudicio

502 1201 672 1308 parcium
693 1200 733 1278 in
752 1202 982 1309 proprietate
1001 1231 1070 1280 seu
1089 1201 1242 1291 saisina,
1260 1217 1410 1308 caperet
1427 1218 1463 1279 et
1481 1216 1640 1279 teneret.
1657 1198 1736 1294 Qui
1751 1199 1927 1293 ballivus,

501 1333 596 1410 facta
621 1333 718 1410 dicta
745 1331 1033 1425 informacione,
1059 1333 1299 1442 presentibus
1319 1331 1632 1441 procuratoribus
1656 1331 1828 1438 parcium
1851 1362 1930 1442 pre·

502 1464 705 1554 dictarum,
731 1465 1011 1544 sentencialiter
1038 1465 1300 1574 pronunciavit
1328 1463 1506 1542 articulos
1532 1461 1793 1544 contencicsos
1817 1494 1930 1573 super

503 1597 640 1675 debato
655 1597 880 1706 hujusmodi
899 1597 948 1676 ad
965 1626 1124 1675 manum
1142 1625 1248 1675 suam
1267 1596 1406 1674 debere
1423 1595 1513 1704 poni
1530 1612 1570 1674 et
1582 1593 1723 1684 teneri,
1739 1611 1779 1674 et
1790 1596 1840 1674 ad
1856 1626 1932 1674 ma·

502 1757 596 1807 num
609 1757 718 1808 suam
736 1729 916 1807 debatum
934 1728 1174 1837 hujusmodi,
1193 1755 1389 1835 persuum
1402 1727 1633 1836 judicatum,
1649 1727 1778 1836 posuit
1788 1757 1929 1836 quous-

502 1890 578 1968 que
594 1860 643 1938 de
658 1860 851 1969 premissis
867 1878 967 1938 esset
979 1859 1132 1967 plenius
1147 1859 1342 1967 cognitum
1358 1859 1456 1936 inter
1469 1875 1612 1966 partes;
1627 1887 1737 1967 aquo
1744 1859 1926 1968 judicato,

501 2010 683 2100 tanquam
706 2020 727 2068 a
746 1991 840 2070 falso
861 2008 899 2069 et
918 2019 1052 2098 pravo,
1073 2007 1294 2098 procurator
1314 1990 1414 2069 dicte
1435 1990 1591 2069 domine
1610 1990 1659 2071 ad
1678 2007 1846 2070 nomam
1867 2021 1929 2070 cu·

501 2125 598 2202 riam
613 2123 815 2232 appellavit
835 2123 959 2204 :Visis
978 2123 1094 2233 igitur
1109 2151 1225 2231 super
1245 2123 1319 2202 hoc
1340 2123 1578 2231 processibus
1603 2139 1643 2200 et
1658 2121 1828 2230 judicato
1847 2151 1929 2231 pre·

502 2254 629 2344 dictis,
641 2255 752 2333 cartis
765 2272 804 2333 et
815 2255 1078 2334 instrumentis
1089 2283 1133 2332 ex
1147 2272 1307 2362 utraque
1322 2271 1426 2362 parte
1436 2253 1649 2363 productis,
1665 2269 1704 2334 et
1716 2253 1929 2334 nacionibus

501 2387 671 2494 parcium
689 2386 842 2494 plenius
863 2385 1084 2480 intellectis,
1105 2413 1175 2494 per
1190 2387 1294 2464 curie
1318 2401 1445 2463 nostre
1461 2385 1672 2493 judicium,
1694 2386 1840 2464 dictum
1859 2387 1929 2466 fuit

499 2519 599 2598 bene
608 2518 824 2627 judicatum
839 2535 879 2596 et
890 2519 989 2597 male
1003 2517 1235 2625 appellatum
1250 2515 1386 2608 irrisae,
1404 2534 1443 2595 et
1458 2517 1565 2626 quod
1576 2517 1678 2598 dicta
1687 2516 1843 2599 domina
1858 2520 1928 2603 hcc

500 2649 731 2729 emendabit.
904 2746 908 2754 ι

556 2783 598 2858 ln
616 2780 714 2860 festo
735 2780 1047 2860 Sancti-Andrec.

555 2915 660 3020 Roya
679 2913 892 3019 reportavit.

557 3046 710 3124 'laxavit
735 3044 838 3122 curia
865 3044 975 3122 istam
998 3043 1201 3122 emendam
1224 3043 1272 3121 ad
1295 3041 1566 3155 quinquaginta
1594 3045 1708 3128 libras
1727 3074 1926 3154 parvorum

503 3177 696 3255 bonorum
712 3174 993 3255 Parisiensium.
1205 3189 1212 3200 '

555 3442 600 3520 Χ.
630 3441 729 3520 Cum
749 3439 916 3549 religiosi
938 3440 1007 3518 viri
1027 3439 1143 3520 abbas
1163 3457 1201 3520 et
1221 3457 1425 3520 conventus
1447 3440 1494 3518 de
1512 3441 1650 3532 llamo,
1671 3441 1713 3522 in
1729 3443 1926 3522 Viroman-

499 3573 577 3663 dis,
598 3573 639 3649 in
658 3589 786 3652 nostra
801 3572 953 3681 speciali
972 3574 1088 3684 garda
1108 3573 1328 3666 existentes,
1350 3574 1453 3650 curie
1473 3589 1600 3652 nostre
1619 3575 1816 3684 conquesti
1836 3574 1925 3656 luis

497 3721 582 3783 sent
596 3705 701 3811 quod
715 3704 756 3781 in
775 3703 941 3810 quodam
962 3730 1095 3783 eorum
1109 3704 1247 3782 vivario
1263 3721 1304 3782 et
1316 3722 1425 3811 prato
1441 3702 1567 3783 eidem
1582 3705 1780 3815 contiguo,
1797 3723 1927 3814 gentes

497 3833 688 3923 Oudardi,
714 3834 861 3913 domini
882 3838 930 3915 dc
950 3837 1089 3925 llamo,
1110 3836 1263 3930 militis,
1285 3837 1366 3945 ejus
1386 3835 1539 3914 nomine
1559 3854 1599 3915 et
1617 3838 1699 3944 ipso
1719 3855 1844 3918 ratum
1863 3839 1927 3918 ba-

497 3965 632 4054 bente,
656 3966 787 4073 plures
807 3967 963 4076 injurias
983 3985 1021 4046 et
1044 3967 1248 4046 violencias
1274 3968 1419 4046 eisdem
1441 3968 1625 4075 relig‘osis
1645 3969 1868 4058 intulerant,
1890 3987 1927 4050 et

498 4126 611 4206 supra
630 4099 731 4206 ipsos
750 4099 790 4176 in
810 4099 902 4178 locis
921 4099 1101 4207 predictis
1121 4100 1303 4207 quasdam
1321 4100 1455 4208 prisias
1475 4100 1644 4181 fecerant
1660 4100 1800 4209 injuste
1820 4119 1860 4180 et
1879 4101 1925 4180 dc

497 4259 618 4310 novo:
639 4231 815 4338 lnquesta
828 4229 924 4308 facta
943 4259 1057 4339 super
1074 4233 1163 4323 hoc,
1184 4231 1321 4310 vocatis
1337 4231 1528 4339 partibus,
1551 4251 1589 4312 et
1605 4249 1734 4312 nostre
1753 4234 1856 4312 curie
1875 4263 1925 4312 re·

496 4379 659 4470 portata,
672 4363 749 4440 visa
766 4380 804 4440 et
820 4363 1022 4471 diligenter
1037 4364 1261 4456 examinata,
1280 4391 1348 4469 per
1362 4364 1465 4442 curie
1484 4381 1609 4442 nostre
1619 4365 1827 4474 judicium,
1848 4365 1923 4444 dic-

496 4511 579 4574 turn
598 4495 670 4573 fuit
683 4479 789 4604 quod
809 4495 933 4575 dictus
949 4494 1129 4574 dominus
1148 4494 1230 4573 loca
1243 4495 1413 4603 predicta
1429 4496 1599 4576 resaisiet
1614 4497 1663 4574 de
1681 4497 1808 4603 prisiis
1822 4515 1923 4578 ante-

498 4627 626 4717 dictis,
648 4644 687 4704 et
712 4628 821 4705 dictis
848 4626 1034 4736 religiosis
1058 4627 1248 4736 sexaginta
1278 4626 1412 4719 libras,
1440 4655 1509 4734 pro
1535 4628 1723 4737 dampnis,
1751 4645 1791 4708 et
1816 4629 1923 4710 nobis

495 4775 653 4835 centum
676 4757 790 4836 libras
807 4787 1009 4865 parvorum
1028 4757 1223 4837 bonorum
1235 4759 1533 4847 Turonensium,
1554 4788 1623 4866 pm
1644 4761 1820 4852 emenda,
1841 4790 1921 4869 per·

496 4888 632 4978 solvet,
655 4907 693 4966 et
712 4890 953 4967 mandabitur
972 4889 1111 4968 ballivo
1134 4888 1425 4970 viromandensi
1444 4890 1550 4998 quod
1569 4892 1692 4972 dictos
1710 4893 1918 5002 religiosos,

494 5019 529 5096 si
548 5020 747 5128 pecierint,
767 5050 788 5098 a
808 5021 910 5100 dicto
931 5021 1105 5112 domino,
1127 5039 1171 5100 ut
1184 5023 1335 5130 justum
1350 5021 1482 5113 fuerit,
1505 5024 1708 5102 assecurari
1727 5024 1847 5104 facim.
