4450 6209
757 721 1113 831 nuousrsssr
1138 722 1341 815 Procts.
1692 738 1764 813 tna

341 882 427 989 ejus
447 878 825 976 liberiseudiciones
842 910 925 964 seu
947 880 1200 963 ¹alieneciones
1228 880 1478 988 qunumdam
1512 880 1765 965 hereditatum
1805 892 1990 957 Purrnrrlv,

340 1011 456 1117 ipsius
474 1010 680 1091 Benedicte
694 1029 732 1091 et
746 1012 835 1091 dicti
857 1011 1068 1102 Benedicti,
1086 1014 1180 1091 dnm
1197 1014 1351 1105 viveret,
1368 1011 1569 1121 dequibus
1589 1012 1682 1094 facts
1697 1009 1767 1089 tuit
1867 983 1929 1025 Μ’

341 1142 712 1249 ostensin„pretextn
742 1145 957 1251 debitorum
981 1146 1148 1251 ipsorum
1164 1144 1386 1253 conjugum,
1408 1172 1477 1250 per
1496 1146 1700 1252 Symonem
1719 1144 1767 1221 de

340 1273 571 1364 Courtbaus,
592 1291 685 1353 tunc
694 1278 933 1382 prepositum
952 1276 1275 1366 Aumliancnsem,
1297 1276 1707 1362 indictoslnhnnnem
1732 1294 1770 1353 et
1890 1314 1897 1329 ·

238 1512 241 1517 Ι
341 1404 547 1492 Thomarn,
563 1406 782 1511 pendulum
802 1425 840 1490 et
856 1407 1027 1485 fraudem
1046 1406 1287 1495 eorumdem,
1300 1406 1554 1494 ntdicebant,
1570 1407 1697 1485 minus
1712 1436 1771 1484 ra·

342 1536 584 1615 cionahiliter‘
595 1554 632 1615 et
651 1556 780 1617 contra
794 1541 912 1646 patrie
929 1539 1244 1635 consuetudinem
1254 1537 1514 1633 lactasluisse,
1531 1537 1705 1644 pluribus
1718 1568 1770 1617 ra·

342 1668 514 1747 cionibus
542 1668 723 1775 petebant
752 1672 916 1749 revocari
952 1690 990 1748 et
1021 1671 1195 1759 mulleri,
1226 1688 1265 1748 et
1294 1670 1411 1748 dictas
1440 1670 1669 1749 hereditates
1698 1670 1769 1749 sibi

342 1798 597 1915 delibemri.et
610 1800 740 1889 reddi,
760 1800 870 1879 dictis
888 1803 1061 1885 Johenne
1082 1819 1121 1879 et
1134 1801 1282 1879 Thema
1297 1800 1336 1878 in
1357 1800 1586 1881 contrarium
1606 1829 1771 1879 asseren-

341 1929 443 2008 tibus
460 1929 576 2034 dictas
591 1931 833 2009 vendiciones
840 1933 922 2009 nite
936 1949 975 2009 ct
987 1934 1090 2040 juste
1104 1960 1148 2011 ac
1162 1960 1259 2009 cum·
1262 1931 1403 2038 judicis
1419 1932 1639 2028 anctoritate
1655 1951 1692 2010 et
1706 1934 1771 2010 de-

342 2079 445 2153 creto
463 2060 576 2147 secus
592 2060 725 2152 suisse;
747 2064 1022 2172 auditisigitnr
1043 2064 1213 2171 pertibus
1234 2080 1274 2139 et
1290 2062 1468 2170 inquisita
1487 2062 1640 2143 veritate
1659 2092 1771 2170 super

342 2192 552 2300 premissis,
565 2222 634 2299 per
649 2193 737 2273 dicti
751 2194 878 2273 hullivi
887 2194 1094 2303 judicium,
1108 2194 1401 2301 pronunciatum
1414 2193 1489 2273 fnit
1499 2194 1639 2275 dictam
1654 2197 1772 2273 Bene

343 2324 480 2403 dictam
505 2342 550 2401 et
563 2326 644 2433 ejus
663 2325 803 2405 liberos
818 2328 1084 2407 intencionem·
1096 2356 1205 2407 suem
1224 2354 1337 2434 snper
1352 2328 1426 2411 hoc
1439 2324 1670 2405 sufficienter
1684 2355 1770 2433 pro-

344 2454 504 2547 hauisee,
523 2473 562 2533 et
575 2456 759 2563 quicquid
775 2458 825 2535 de
842 2458 1124 2563 hereditatibus
1135 2457 1314 2565 predictis
1323 2474 1433 2537 tenet
1448 2458 1573 2535 dictus
1586 2458 1770 2544 Thomas,

343 2604 419 2665 um
445 2578 594 2664 racione
620 2588 719 2665 dicte
746 2590 954 2696 empcionis
979 2618 1093 2698 quem
1124 2589 1275 2667 racione
1300 2588 1546 2667 successionis
1569 2588 1687 2695 ipsius
1707 2589 1773 2667 de-

343 2716 462 2795 functi
481 2718 678 2809 Johannis,
694 2720 819 2825 eidem
839 2721 1043 2799 Benedicte
1064 2738 1101 2797 et
1115 2719 1246 2798 liberis
1264 2720 1343 2797 suis
1359 2720 1505 2799 dehere·
1515 2719 1718 2802 deliberari
1735 2737 1772 2798 et

344 2848 467 2939 reddi,
482 2849 625 2927 dictum
639 2850 826 2929 Thomam
838 2852 982 2945 adhoc,
997 2880 1066 2958 per
1075 2852 1221 2929 dimnm
1226 2850 1427 2958 judicium,
1440 2850 1769 2957 condempnando,

343 2997 458 3087 prout
474 2982 516 3056 in
536 2982 638 3059 dicto
652 2982 821 3091 judicato
840 2983 989 3091 plenius
1009 2983 1277 3096 continetursa
1296 3010 1373 3089 qno
1383 2982 1571 3090 judicato,
1593 2998 1771 3088 tanquam

343 3109 437 3189 salso
457 3128 495 3189 et
511 3132 640 3219 pmcn,
657 3112 780 3193 dictus
795 3113 961 3193 Thomas
979 3114 1029 3192 ad
1047 3131 1214 3191 nostram
1234 3113 1376 3191 curiam
1393 3112 1608 3221 appellavit:
1626 3112 1773 3193 Auditis

345 3242 460 3349 igitur
475 3242 584 3324 dictis
598 3245 769 3351 partibus
783 3246 828 3322 in.
837 3274 947 3323 causa
962 3245 1228 3352 appellacionis
1242 3245 1427 3351 predicte,
1444 3261 1483 3321 et
1496 3245 1576 3322 viso
1596 3271 1771 3351 processu

344 3374 530 3482 predicto,
554 3393 591 3453 et
608 3374 779 3483 parcium
799 3376 1014 3455 rationibus
1028 3374 1412 3484 pleniusintellectis,
1434 3402 1505 3481 per
1522 3374 1625 3453 curie
1645 3392 1772 3453 nostre

341 3505 530 3613 judicium
552 3507 697 3585 dictum
710 3506 785 3585 luit
801 3506 1015 3615 predictum
1035 3506 1218 3586 ballivum
1236 3506 1336 3585 bene
1350 3505 1556 3612 judicasse,
1571 3523 1610 3585 et
1628 3506 1772 3585 dictum

346 3638 531 3716 Thomam
553 3639 651 3717 male
671 3639 892 3747 appellasse,
914 3657 952 3720 et
970 3639 1076 3746 qnod
1095 3640 1174 3747 ipse
1194 3640 1267 3717 hoc
1287 3624 1515 3715 emindahit.
1575 3666 1580 3677 ·

402 3771 600 3848 Dominica
619 3790 703 3878 post
724 3771 986 3851 Candelosem.

403 3902 505 4007 Roya
523 3903 737 4007 reportavit.

404 4162 572 4241 XXXVI..
593 4164 691 4241 Cum
715 4162 761 4241 lis
785 4182 888 4244 mota
912 4184 1009 4243 esset
1032 4168 1132 4245 inter
1155 4167 1338 4274 majorem
1364 4183 1403 4243 et
1419 4168 1565 4274 juratos
1588 4166 1775 4244 Silvanec-

247 4367 254 4381 ,
348 4312 494 4387 tenses,
514 4322 559 4372 ex
585 4312 688 4401 parte
708 4321 799 4385 rrne,
823 4312 862 4373 ct
880 4295 1054 4373 abbatem
1081 4315 1119 4374 et
1138 4298 1437 4376 conventnmdc
1456 4297 1635 4386 Victoria,
1657 4326 1701 4373 ex
1720 4296 1776 4372 al·

349 4444 577 4532 tara,.snper
588 4454 636 4507 ee
651 4424 827 4504 videlicet
841 4426 946 4533 quod
961 4426 1051 4504 dicti
1067 4428 1189 4534 major
1203 4444 1243 4504 et
1254 4428 1376 4535 jurati.
1386 4426 1566 4504 dicebant
1584 4456 1623 4505 se
1640 4442 1678 4504 et
1691 4454 1777 4531 pre·
1852 4506 1857 4516 ,

343 4560 563 4638 decessores
597 4587 688 4637 suos
719 4558 832 4638 fuisse
856 4576 903 4637 ct
933 4588 1013 4637 esse
1037 4558 1101 4636 in·
1117 4560 1254 4670 saisina
1277 4558 1496 4668 justiciandi
1524 4574 1562 4636 et
1585 4558 1776 4666 justiciam

352 4691 547 4769 exercendi
572 4691 611 4769 in
636 4690 728 4769 loco
745 4691 810 4797 qui
833 4690 1034 4801 vulgariter
1061 4688 1200 4769 dicitnr
1223 4690 1279 4769 les
1305 4692 1481 4790 Brneres,
1506 4687 1777 4767 nichilominus

273 4900 276 4905 Δ
353 4821 441 4897 dicti
460 4822 627 4931 religiosi
654 4850 721 4902 seu
749 4820 829 4912 alii,
856 4823 1012 4903 nomine
1040 4822 1226 4929 ipsorum,
1249 4821 1426 4900 indebite
1440 4838 1479 4902 et
1504 4820 1554 4899 de
1574 4847 1671 4899 novo
1689 4849 1778 4928 pre·

353 4951 474 5030 dictos
493 4952 674 5060 majorem
689 4970 728 5031 et
741 4953 887 5061 juratos
904 4954 947 5031 in
961 4952 1095 5029 saisina
1110 4952 1281 5059 predicta
1299 4951 1541 5031 turbaverant
1554 4968 1597 5029 et
1616 4952 1779 5059 impedi·-

353 5098 499 5172 verunt,
514 5100 556 5161 nt
572 5085 765 5173 dicebm,
782 5086 978 5191 capucium
994 5083 1189 5192 cujusdem
1203 5082 1390 5176 mulieris,
1411 5112 1487 5193 qne
1503 5084 1648 5162 ibidem
1666 5083 1780 5160 brue—
