4450 6209
772 694 1037 805 annutans
1062 717 1127 791 ΕΤ
1152 700 1356 793 Pnocns.
1701 721 1775 793 aaa

355 862 396 939 in
411 884 489 965 quo
507 870 589 938 arat
605 871 776 962 tempore
795 855 1048 963 opposiciouis
1066 858 1299 963 supradictea
1321 890 1342 937 a
1361 860 1468 967 oarjus
1482 859 1668 968 judicato,
1687 876 1779 937 tam-
1817 868 1947 925 Panum
1960 868 2003 933 lv,

354 1016 469 1095 mam
485 986 614 1067 alalso
631 1003 671 1065 et
682 1012 814 1091 pravo„
828 985 920 1064 dicti
932 986 1126 1073 Rolandus
1142 1006 1179 1067 et
1192 989 1273 1097 ejus
1286 1018 1380 1069 uxor
1395 990 1622 1073 adnostram
1635 990 1778 1071 curiam
1879 961 1942 1004 Μ’

354 1118 593 1226 appellarunt
608 1148 619 1193 ε
633 1116 733 1197 Visis
746 1115 863 1223 igitur
877 1117 1116 1221 processibus
1133 1120 1345 1213 antedictis,
1364 1150 1432 1228 per
1451 1104 1553 1201 curie
1570 1137 1700 1201 nostre
1715 1121 1777 1229 ju-

354 1249 523 1336 diciumy
534 1246 760 1331 dietumluit
773 1245 988 1351 predictum
1001 1246 1184 1329 ballivum
1198 1250 1295 1331 bene
1307 1250 1515 1358 judicasse,
1532 1268 1570 1331 et
1588 1250 1779 1357 predictos

354 1380 535 1488 conjuges
552 1376 902 1484 mdo-appellasse,-
915 1394 957 1455 et
974 1379 1080 1485 quod
1097 1380 1168 1486 ipsi
1188 1382 1261 1460 hoc
1281 1382 1549 1463 emendabunt.

403 1508 610 1593 Dominis
623 1525 715 1614 post
730 1508 960 1592 Catbsdram
979 1510 1095 1593 nacti
1114 1511 1228 1589 Petri.

412 1638 750 1745 Crecinepcrtavit.

410 1902 518 1980 XLV.
546 1900 646 1982 Cum
664 1893 720 1980 lis'
733 1848 839 1982 mota
860 1899 995 1983 fuisset
1016 1930 1144 1983 coram
1163 1902 1356 2009 preposito
1375 1902 1477 1981 furni
1488 1904 1658 2011 episcopi
1677 1905 1780 1981 Pari-

355 2032 507 2121 sieusis,
526 2060 643 2137 super
657 2058 705 2109 co
724 2032 831 2138 quod
847 2030 1021 2113 Nicolans
1039 2032 1076 2110 le
1092 2033 1265 2126 Tuillicr‚
1282 2062 1353 2113 suo
1373 2050 1412 2111 et
1424 2034 1567 2114 sutorio
1586 2061 1654 2111 seu
1675 2062 1779 2112 cura-

355 2163 456 2243 toria
469 2161 623 2242 numine
638 2160 785 2243 Belane
797 2179 837 2242 ct
851 2162 1061 2253 Esmalote,
1073 2163 1237 2246 filiarum
1257 2163 1425 2243 defuncti
1435 2162 1594 2243 Guiardi
1604 2165 1776 2257 ‚Bertaut

356 2294 657 2374 contraPetaum
676 2292 726 2370 de
741 2292 1031 2383 Sanctassrnce,
1051 2292 1214 2374 militem
1233 2310 1423 2383 nostrum,
1440 2294 1592 2401 petebat
1611 2322 1779 2399 pronun-

356 2423 445 2503 ciari
464 2452 522 2514 se,
532 2450 615 2529 -qno
633 2451 747 2530 snpra
762 2422 938 2516 nomine,
949 2424 1016 2531 jus
1029 2422 1170 2502 babere
1185 2424 1420 2529 percipiendi
1434 2423 1622 2531 sexaginta
1636 2422 1779 2501 solidos

356 2582 491 2635 census
508 2553 621 2636 anniti
640 2553 814 2635 redditus
832 2582 948 2661 super
967 2553 1130 2660 quadam
1142 2555 1277 2643 domo,
1294 2555 1363 2633 sita
1377 2554 1553 2644 parisius,
1571 2553 1700 2632 inviso
1712 2554 1778 2661 qui

356 2685 497 2763 dicitur
513 2684 619 2764 vicus
635 2683 1086 2772 comitisrlttrsbatensis,
1106 2684 1282 2791 contigua
1301 2684 1432 2763 domui
1451 2684 1619 2791 magistri
1639 2684 1779 2763 lohan-

356 2815 417 2893 nis
430 2815 481 2893 de
494 2814 716 2907 stelenum,
729 2842 844 2920 quam
861 2814 985 2893 dictus
999 2813 1110 2893 miles
1125 2813 1292 2921 possidet
1306 2814 1345 2889 in
1359 2812 1543 2920 presenti,
1558 2811 1777 2920 dictumque

356 2945 517 3029 militem
528 2946 657 3025 minus
662 2947 766 3053 juste
774 2944 1043 3025 contradixisse
1052 2974 1102 3023 ne
1112 2945 1392 3025 dictuscurator
1400 2943 1568 3052 pignora,
1579 2943 1654 3022 sive
1665 2961 1777 3021 nanta

356 3104 488 3183 capere
506 3091 636 3181 posset
653 3075 694 3155 in
708 3074 808 3153 dicta
818 3074 954 3165 domo,
969 3102 1037 3181 pm
1056 3074 1208 3155 delectu
1227 3073 1432 3155 solucionis
1446 3102 1580 3155 census
1597 3074 1774 3180 predicti;

357 3206 507 3314 cognito
527 3207 576 3283 de
596 3206 695 3283 dicta
715 3233 838 3294 causa,
860 3205 983 3293 dictus
1003 3206 1214 3311 prepositus
1233 3205 1493 3311 pronunciavit
1512 3204 1656 3285 dictum
1671 3206 1778 3282 Nico-

357 3335 476 3423 laum,
494 3333 715 3411 nominibus
734 3334 874 3439 quibus
892 3362 1021 3440 supra,
1039 3334 1179 3411 habere
1194 3336 1259 3442 jus
1275 3328 1507 3441 percipiendi
1526 3334 1671 3413 dictum
1691 3363 1777 3411 cen-

357 3494 442 3542 sum
467 3465 507 3541 in
531 3466 647 3544 domo
671 3463 856 3570 predicta,
885 3462 1107 3572 dictumque
1134 3463 1292 3541 militem
1319 3464 1488 3543 indebite
1512 3464 1779 3543 contradixisse

357 3595 577 3701 capcionem
598 3594 800 3702 pignorum
823 3612 977 3700 propter
1000 3594 1192 3676 defectum
1216 3594 1426 3675 solucionis.
1447 3620 1580 3673 census
1598 3593 1776 3700 predicti;
1864 3642 1866 3647 -

357 3752 471 3830 quam
489 3724 646 3831 qaridern
667 3725 896 3801 sentenciam
915 3724 1030 3831 peciit
1049 3724 1171 3802 dictus
1190 3725 1300 3802 miles
1324 3753 1392 3831 per
1410 3723 1591 3801 ballivum
1612 3724 1777 3830 episcopi

356 3854 576 3936 Parisieasis
592 3854 806 3944 emendam
821 3855 887 3961 qui
904 3854 1080 3943 ballivus,
1096 3854 1176 3935 viso
1192 3855 1294 3934 dicto
1309 3883 1504 3961 processu,
1521 3853 1779 3960 pronunciavit

359 3984 498 4064 dictam
517 3985 746 4065 sentenciam
766 3985 1035 4066 emendacione
1057 3984 1276 4068 nullatenus
1295 3985 1482 4094 indigere;
1506 4013 1526 4063 a
1551 3985 1659 4092 cujus
1673 3984 1778 4091 judi·

359 4132 458 4203 cato,
478 4132 673 4221 tamquam
689 4115 784 4193 falso
797 4133 843 4196 ‚et
862 4144 992 4222 pravo,
1018 4116 1142 4195 dictm
1161 4117 1271 4195 miles
1291 4118 1339 4195 ad
1365 4132 1532 4197 nostram
1552 4115 1694 4194 curiam
1715 4144 1779 4219 ap-

244 4267 250 4281 ’
359 4244 635 4352 pellavinvis'a
646 4245 762 4353 igitur
772 4245 1011 4352 processibus
1021 4246 1235 4335 antedictis,
1249 4275 1317 4354 per
1329 4247 1430 4325 curie
1439 4260 1569 4325 nostre
1575 4244 1775 4351 judicium,

360 4374 504 4456 dictum
523 4375 595 4455 suit
613 4376 826 4482 predictum
850 4376 1028 4455 ballium
1049 4375 1149 4455 bene
1163 4376 1368 4483 judicasse,
1390 4393 1428 4455 et
1448 4374 1594 4455 dictum
1617 4372 1777 4451 militem

359 4507 457 4588 nacla
468 4506 691 4614 appellasse,
704 4506 853 4613 luitque
863 4507 1008 4588 dictum
1016 4505 1229 4614 judicatum
1243 4505 1369 4586 ballivi
1380 4502 1540 4611 predicti
1555 4530 1623 4608 per
1636 4502 1776 4581 curiam

360 4638 636 4718 confirmatum.
653 4637 766 4717 Curia
784 4637 900 4718 tacuit
918 4638 965 4717 de
986 4614 1158 4717 sinenda.

415 4769 614 4850 Dominica
631 4768 810 4875 predicta.

417 4897 525 4978 Creci
545 4898 756 5004 reportavit.
