4450 6209
479 695 553 770 692
1058 695 1150 770 tus
1179 693 1319 769 OLIM.

251 847 382 902 Parum
394 845 438 910 tv,
477 835 585 943 quod
597 833 798 914 defimctus
810 833 1042 916 Guillelmus
1055 837 1259 916 Normanni
1271 833 1413 944 junior,
1432 850 1471 913 et
1484 832 1687 923 Genovefa
1703 833 1897 940 quondam

313 937 377 983 1³11.

477 993 572 1044 uxor
592 967 682 1044 dicti
711 967 876 1074 magistri
897 966 1094 1047 Guillelmi
1116 968 1272 1058 Juliani,
1303 967 1453 1045 luerunt
1470 965 1602 1044 fratres
1629 982 1668 1042 et
1690 993 1836 1043 sorores
1853 985 1892 1044 et

476 1096 586 1176 liberi
612 1097 809 1176 Guillelmi
835 1099 1039 1176 Normanui
1065 1099 1241 1190 senioris,
1267 1098 1451 1206 procreati
1471 1127 1517 1176 ex
1541 1095 1754 1185 Hodeardi,
1777 1097 1891 1203 prima

477 1229 689 1306 uxoredicti
704 1227 915 1319 Guillelmi,
933 1248 972 1307 et
987 1260 1031 1309 ex
1042 1229 1361 1320 defunctallelidi,
1374 1245 1493 1306 matre
1507 1228 1607 1306 dicte
1622 1226 1824 1319 Genovele,
1839 1257 1894 1305 se·

477 1361 598 1438 cunda
613 1387 727 1438 uxore
740 1359 831 1438 dicti
841 1360 1037 1440 Guillelmi
1050 1361 1224 1454 senioris,
1238 1389 1325 1439 cum
1340 1389 1415 1468 qua
1425 1359 1564 1448 Aelidi,
1582 1377 1699 1436 matre
1716 1359 1813 1436 dicte
1827 1358 1894 1438 Ge

477 1489 607 1569 novale
626 1507 664 1568 et
681 1519 837 1569 noverca
856 1491 944 1569 dicti
961 1493 1158 1572 Guillelmi
1171 1493 1353 1601 junioris,
1369 1491 1492 1571 dictus
1509 1490 1738 1571 Guillelmus
1757 1491 1889 1580 senior,

475 1622 756 1700 matrimonium
787 1625 984 1714 contraxit,
1011 1642 1097 1731 post
1119 1641 1281 1702 mortem
1308 1623 1408 1701 dicte
1428 1622 1660 1713 Hodeardis;
1688 1620 1892 1699 dictavero

476 1753 698 1842 Laurencia,
715 1781 809 1830 uxor
829 1752 917 1830 dicti
937 1755 1036 1831 Petri
1058 1754 1105 1832 de
1121 1754 1330 1864 Pontisam,
1351 1751 1475 1831 brerat
1492 1752 1572 1830 filia
1591 1752 1683 1829 dicti
1700 1749 1892 1830 Guillelmi

470 1884 650 1991 junioris,
669 1900 707 1960 et
725 1883 838 1961 heres
857 1884 1044 1991 ejusdem;
1061 1884 1295 1991 quiquidem
1311 1883 1541 1962 Guillelmus
1555 1883 1698 1989 junior,
1719 1901 1757 1959 et
1772 1882 1893 1962 Geno-

475 2013 555 2091 vefa
575 2013 724 2092 fuerant
748 2015 908 2091 heredes
934 2015 1023 2092 dicti
1049 2013 1245 2095 Guillelmi
1270 2013 1445 2105 senioris,
1468 2042 1544 2092 una
1567 2042 1655 2090 cum
1674 2015 1786 2091 Petro
1808 2013 1894 2092 Nor-

475 2145 615 2234 manni‚
637 2143 718 2223 lilio
739 2144 829 2222 dicti
849 2143 1047 2223 Guillelmi
1072 2144 1248 2234 senioris,
1269 2162 1463 2252 procreato
1483 2172 1527 2222 ex
1553 2143 1653 2221 dicta
1668 2143 1811 2236 Aelidi3
1830 2145 1892 2251 qui

390 2319 395 2330 ·
475 2274 705 2354 Guillelmus
725 2293 763 2354 et
781 2274 940 2365 Aetion,
963 2293 1155 2354 constante
1171 2276 1411 2356 matrimonio
1432 2275 1531 2353 inter
1542 2275 1654 2382 ipsos,
1670 2274 1782 2381 plura
1799 2275 1894 2357 bona

474 2406 630 2486 mobilia
642 2425 680 2484 et
691 2406 903 2485 immobilia
919 2435 1039 2515 usque
1052 2407 1101 2484 ad
1113 2435 1287 2517 magnam
1295 2407 1545 2514 quantitatem
1558 2406 1846 2514 acquisiverant,
1860 2425 1896 2486 et

473 2537 602 2644 plures
627 2538 855 2616 hereditates
875 2539 963 2616 sitas
987 2537 1027 2616 in
1046 2537 1133 2616 villa
1154 2538 1202 2617 de
1225 2537 1533 2627 Romana-Villa,
1555 2537 1604 2615 de
1627 2538 1835 2645 Baguoleto
1859 2555 1895 2616 et

473 2669 672 2746 territoriis
689 2670 874 2776 ipsarum,
894 2687 932 2748 et
947 2669 1159 2778 specialiter
1174 2698 1290 2748 unam
1307 2670 1482 2759 domum,
1501 2668 1600 2747 sicut
1612 2698 1653 2748 se
1668 2687 1892 2777 comportat,

474 2801 583 2877 sitam
601 2801 780 2892 Parisius,
802 2829 916 2907 supra
934 2800 1312 2908 Magnum-Pontem,
1338 2801 1576 2908 contiguam,
1599 2829 1643 2878 ex
1671 2830 1749 2880 una
1778 2819 1892 2909 pane,

476 2929 608 3007 domui
625 2933 805 3010 lobannis
824 2930 973 3022 Martel‚
990 2949 1045 3022 ct,
1060 2960 1101 3009 ex
1118 2932 1251 3022 altera,
1269 2931 1402 3010 domui
1418 2931 1586 3009 defuncti
1600 2933 1641 3008 P.
1656 2932 1794 3022 Gilart,
1810 2960 1894 3010 one·

475 3077 592 3137 ratam
611 3061 652 3137 in
668 3061 797 3170 viginti
817 3079 853 3140 et
876 3062 999 3140 tribus
1018 3060 1126 3140 libris
1144 3091 1278 3140 census
1296 3090 1364 3140 seu
1383 3062 1556 3140 redditus
1573 3089 1642 3169 per
1660 3091 1823 3152 annuam
1848 3062 1893 3140 de

475 3219 550 3298 qua
580 3191 697 3284 domo
726 3208 765 3270 et
792 3193 1035 3301 pertinenciis
1061 3193 1143 3301 ejus
1172 3193 1276 3270 idem
1306 3192 1535 3298 Guillelmus
1561 3193 1699 3282 senior,
1724 3210 1894 3272 mortuus

474 3318 596 3406 luerat
615 3324 762 3402 saisitus
780 3324 878 3402 sicut
897 3325 944 3401 de
964 3351 1004 3402 re
1029 3353 1097 3402 sua
1113 3325 1265 3432 propria
1284 3341 1323 3402 ct
1341 3324 1390 3400 de
1404 3352 1473 3401 suo
1493 3324 1648 3431 proprio
1668 3342 1891 3431 conquestu,

475 3469 515 3530 et
526 3452 575 3531 de
586 3454 815 3534 dietisbonis
826 3455 1042 3548 mobilibus,
1056 3455 1140 3564 conj
1147 3455 1301 3545 unctim,
1313 3481 1384 3561 pro
1391 3453 1564 3542 indiviso,
1574 3483 1650 3532 una
1660 3483 1749 3532 cum
1759 3454 1891 3544 Aelidi,

475 3588 638 3664 secunda
655 3617 770 3665 uxore
787 3616 865 3679 sua,
880 3604 994 3694 prout
1004 3588 1044 3665 in
1060 3586 1250 3694 peticione
1265 3585 1455 3664 dictorum
1470 3602 1641 3664 actorum
1655 3585 1793 3664 clarius
1805 3615 1892 3665 con·

474 3718 634 3808 tinctum
651 3747 768 3825 quare
783 3719 934 3824 petebat
947 3719 1069 3796 dictus
1081 3719 1226 3808 Petms,
1237 3716 1392 3795 nomine
1402 3745 1478 3825 quo
1488 3745 1613 3823 supra,
1627 3716 1845 3824 porcionem
1857 3734 1892 3793 et

475 3865 590 3924 ratam
614 3848 803 3927 bonorum
821 3865 859 3926 et
875 3850 1011 3927 domus
1030 3849 1199 3956 predicte
1221 3849 1347 3957 ipsum
1366 3849 1667 3956 contingentem,
1683 3863 1724 3926 et
1740 3847 1814 3926 tale
1832 3848 1892 3954 jus

477 3993 516 4055 et
539 3977 713 4054 saisinam
738 4007 831 4086 quas
851 3977 1013 4057 habebat
1039 3979 1164 4056 dictus
1183 3978 1411 4058 Guillelmus
1429 3978 1557 4058 senior
1578 3979 1619 4055 in
1640 3978 1752 4056 bonis
1776 3977 1892 4054 mobi-

423 4209 426 4214 .
476 4108 577 4188 libus
597 4126 635 4187 et
652 4109 765 4188 domo
783 4111 981 4219 predictis,
1003 4128 1174 4219 tempore
1193 4138 1270 4220 quo
1295 4111 1470 4200 decessit,
1496 4111 1651 4189 nomine
1670 4138 1747 4218 quo
1768 4137 1889 4216 supra,

476 4241 548 4320 sibi
562 4241 784 4350 adjudicari,
799 4242 1038 4350 petebatque,
1054 4269 1125 4348 pro
1142 4241 1273 4320 liberis
1288 4242 1386 4321 dicte
1407 4241 1615 4333 Genovel'e,
1632 4241 1782 4319 racione
1798 4239 1890 4317 dicte

474 4371 632 4466 Aelidis,
654 4372 716 4451 cui
732 4370 856 4450 Aelidi
882 4372 980 4450 dicta
1002 4371 1202 4462 Genovesa,
1221 4389 1341 4452 mater
1354 4372 1613 4480 predictorum
1633 4372 1842 4451 liberorum
1857 4386 1891 4446 et

474 4502 553 4581 filia
568 4503 684 4610 ipsius
700 4502 912 4582 Geuovele¹
929 4503 1121 4591 successit,
1142 4520 1313 4610 quartam
1330 4521 1475 4612 partem
1493 4505 1592 4584 dicte
1605 4503 1742 4580 domus
1762 4517 1799 4578 et
1811 4529 1891 4607 par·

474 4649 552 4710 tem
569 4650 607 4711 et
624 4633 844 4738 porcionem
863 4633 981 4741 ipsam
1002 4633 1286 4743 contingentem
1306 4634 1475 4714 inbonis
1488 4633 1695 4714 mobilibus
1715 4631 1890 4739 predictis

475 4762 726 4859 eidem-Petro,
739 4766 900 4844 curatori
913 4765 984 4844 sibi
992 4765 1175 4873 predicto,
1188 4765 1374 4846 curatorio
1385 4767 1553 4860 nomine,
1565 4764 1890 4870 deliberari3parte

476 4895 628 4974 adversa
640 4895 768 5000 plures
787 4898 956 4976 raciones
970 4898 1009 4974 in
1030 4898 1259 4977 contrarium
1277 4916 1532 5005 proponente,
1550 4915 1588 4977 et
1605 4897 1768 4975 maxime
1789 4893 1890 5002 quod

517 5051 525 5084 ¹
549 5052 630 5114 Liser
643 5050 757 5114 Attidis.
