4450 6209
745 715 1014 824 annutans
1039 734 1103 807 nr
1130 711 1337 806 rnoons.
1682 739 1752 811 271

385 880 493 956 Lune
514 892 601 984 post
619 875 770 955 octabas
788 877 1012 983 Epiphanie.

386 1010 439 1090 M.
462 1011 603 1117 Symon
617 1009 667 1090 de
682 1008 892 1088 Rabuisson
906 1011 1119 1116 reportavit.

384 1139 446 1222 Ad
464 1141 539 1220 hoc
557 1156 647 1218 sunt
664 1139 833 1246 deputati
846 1139 1037 1220 auditores
1054 1142 1106 1220 Μ.
1123 1142 1161 1219 Ρ.
1179 1142 1228 1220 de
1245 1141 1382 1232 Monoi,
1401 1142 1628 1222 senescallus
1637 1145 1757 1222 Petra·

326 1272 548 1382 goricensis,
565 1288 604 1350 et
621 1273 672 1352 M.
694 1271 869 1352 Mathcus
891 1272 939 1349 de
959 1271 1297 1364 Gurtis-lnmellis,
1314 1273 1432 1382 judex
1453 1274 1664 1354 ordinarius
1685 1277 1757 1356 Ca-

329 1403 534 1494 turcensis,
560 1404 612 1480 ita
635 1403 741 1510 qood
754 1420 832 1482 tres
856 1403 913 1482 vel
932 1404 1011 1483 duo
1038 1432 1189 1494 eornm,
1205 1406 1322 1484 tercio
1344 1434 1420 1484 non
1446 1424 1662 1513 expectate,
1684 1426 1754 1488 etc.

330 1538 431 1614 Loco
447 1534 540 1614 dicti
554 1537 605 1614 Μ.
625 1536 667 1613 Ρ.
683 1533 732 1614 de
751 1535 877 1617 Monoi
897 1534 1122 1644 subrogatus
1139 1555 1194 1614 est
1207 1538 1258 1616 M.
1277 1538 1316 1615 P.
1334 1538 1382 1615 de
1397 1539 1531 1646 Dycia,
1544 1539 1662 1647 judex
1677 1569 1756 1618 ma-

324 1666 727 1776 jorPetragoricensis.

386 1799 551 1880 Remissa
580 1797 653 1876 fuit
676 1798 848 1905 inquesta
879 1797 1114 1878 auditoribus
1143 1827 1212 1906 per
1236 1815 1518 1906 procuratorem
1548 1803 1757 1912 Petregori-

332 1959 492 2011 censam.

385 2195 493 2272 [ΧΠ.
524 2195 639 2282 Cum,
654 2223 699 2272 ex
711 2211 816 2301 parte
826 2192 1023 2272 Almarrici
1037 2195 1085 2272 de
1096 2193 1323 2284 Meullento,
1336 2193 1547 2285 domicelli,
1563 2196 1670 2304 cujus
1680 2225 1755 2304 gar-

331 2325 449 2412 diam,
470 2325 620 2404 racione
638 2324 797 2402 minoris
811 2325 894 2432 ejus
909 2324 1034 2416 etatis,
1049 2339 1243 2414 tenemus,
1261 2324 1370 2402 nobis
1386 2324 1650 2432 signiffieatum
1665 2326 1756 2404 fuis·

330 2475 388 2536 set
404 2456 511 2563 quod
525 2456 575 2534 ad
587 2455 715 2563 plures
728 2483 789 2534 res
810 2472 848 2532 et
865 2455 983 2548 bona,
1005 2483 1170 2561 quornm
1190 2454 1323 2534 saisina
1344 2456 1393 2533 ad
1414 2485 1502 2534 eum
1525 2457 1752 2562 pertinebat,

331 2615 375 2664 ex
393 2587 629 2665 successione
650 2584 819 2664 defuncti
833 2585 1015 2664 lobannis
1032 2585 1080 2662 de
1097 2586 1316 2678 Harecuria,
1335 2588 1527 2693 quondam
1549 2587 1696 2678 militis,
1717 2608 1755 2669 et

330 2746 404 2826 que
419 2718 468 2798 de
481 2718 579 2796 facto
593 2716 746 2794 tenebat
759 2733 938 2823 occupata
958 2716 1119 2795 dilectus
1134 2716 1364 2796 Guillelmus
1384 2718 1431 2796 de
1451 2720 1669 2812 Harecuria,
1692 2722 1756 2798 mi·

329 2847 385 2927 les
401 2865 542 2938 noster,
557 2846 648 2925 dicti
664 2847 832 2926 defuncti
849 2848 1029 2926 lobannis
1048 2850 1242 2955 quondam
1258 2865 1375 2956 pater,
1395 2878 1550 2926 manann
1569 2866 1751 2940 nostram,

331 2979 481 3060 racione
499 2979 614 3086 garde
633 2977 821 3086 predicte,
836 3006 1026 3087 apponere
1047 2978 1303 3068 debebamus,
1327 2978 1428 3058 dicto
1448 2979 1657 3059 Guillelmo
1677 2982 1758 3088 plu·
1855 3051 1861 3058 .

330 3139 391 3190 res
404 3110 574 3189 raciones
591 3109 810 3188 econtrario
825 3126 1079 3218 proponente3
1092 3110 1264 3200 tandem,
1283 3139 1327 3187 ex
1342 3109 1466 3189 officio
1481 3127 1628 3201 nostro,
1643 3141 1757 3219 super

330 3241 522 3350 premissis
531 3242 617 3322 sciri
632 3242 807 3330 fecimus,
822 3242 960 3321 voeatis
971 3240 1156 3348 partibus,
1173 3243 1366 3320 veritatem
1382 3273 1391 3317 t
1407 3243 1496 3322 Viso
1510 3260 1637 3320 autem
1652 3245 1756 3351 quod

332 3402 445 3482 anper
458 3376 532 3452 hoc
548 3373 622 3452 fuit
640 3373 835 3451 inventum
856 3399 924 3478 per
942 3371 1086 3451 curiam
1106 3389 1274 3450 nostram
1295 3387 1333 3448 et
1352 3371 1554 3478 diligenter
1569 3374 1753 3450 examina-

331 3524 434 3596 tum,
449 3535 518 3613 per
531 3504 636 3584 curie
649 3519 776 3582 nostre
788 3501 998 3611 judicium,
1018 3501 1162 3579 dictum
1181 3501 1254 3578 fuit
1272 3519 1310 3580 et
1325 3502 1616 3609 pronunciatum
1633 3504 1753 3611 quod,

332 3637 481 3718 racione
500 3636 599 3714 dicte
618 3633 732 3744 gande
752 3634 793 3710 in
812 3633 924 3711 bonis
942 3649 982 3710 et
999 3633 1116 3710 rebus
1135 3631 1394 3739 infrascriptis,
1414 3660 1568 3711 manum
1588 3651 1755 3712 nostram

333 3795 580 3874 apponemus,
601 3765 777 3844 videlicet
793 3765 834 3842 in
851 3763 938 3842 villa
956 3763 1004 3842 de
1022 3764 1271 3870 Novo-Burgo
1287 3739 1374 3842 cum
1394 3764 1475 3873 ejus
1489 3763 1754 3871 pertinenciis,

334 3915 488 4004 excepto
504 3911 703 4005 patronatu
724 3895 822 3974 dicte
842 3894 1017 3984 ecclesie,
1035 3911 1073 3972 et
1092 3895 1253 4000 exceptis
1270 3894 1474 3974 tresdecim
1492 3894 1599 3973 libris
1617 3915 1693 3973 tam
1717 3896 1757 3972 in

334 4029 512 4120 denariis,
534 4027 756 4138 caponibus,
777 4055 893 4135 quam
911 4026 1060 4135 gallinis
1080 4025 1237 4116 debitis,
1260 4044 1298 4104 et
1318 4027 1481 4135 exceptis
1501 4028 1667 4135 quinque
1689 4028 1758 4106 do-

333 4163 461 4240 mibus
477 4162 582 4265 apud
591 4161 924 4267 Novum-Burgum
943 4159 1108 4250 situatis,
1129 4158 1306 4236 videlicet
1321 4159 1437 4237 domo
1454 4187 1527 4266 que
1543 4159 1616 4237 fnit
1631 4161 1757 4238 uxoris

334 4292 474 4372 Galteri
491 4293 540 4370 de
553 4294 690 4378 Bosco,
709 4307 746 4368 et
763 4290 939 4369 domibus
951 4319 1027 4397 que
1039 4288 1194 4366 fuerunt
1208 4289 1402 4396 quondam
1416 4289 1571 4381 d'Odin,
1590 4309 1628 4368 et
1643 4289 1757 4368 domo

334 4451 409 4530 que
428 4422 501 4502 fuit
518 4422 711 4530 quondam
727 4421 909 4500 lobannis
924 4418 970 4496 de
988 4418 1139 4507 Caleto,
1154 4437 1192 4497 et
1211 4421 1419 4527 domoque
1435 4419 1507 4498 lint
1524 4418 1704 4498 lobannis
1722 4421 1757 4500 le

335 4553 442 4644 Goia,
464 4569 504 4634 et
523 4553 640 4633 domo
660 4581 736 4661 qne
754 4551 826 4630 fuit
845 4551 1022 4629 Richardi
1039 4551 1248 4640 Cucufarii,
1272 4568 1309 4632 et
1329 4552 1445 4630 domo
1465 4579 1540 4658 que
1559 4550 1630 4628 fuit
1644 4551 1758 4630 Male·

334 4685 522 4772 Branche,
544 4685 584 4761 in
604 4683 684 4762 vico
698 4683 765 4790 qui
786 4699 1024 4790 nuncupatur
1041 4681 1143 4758 vicus
1164 4681 1310 4759 domini
1327 4681 1374 4759 de
1395 4681 1661 4768 Mau-Levricr,
1684 4709 1758 4788 que

336 4831 525 4920 exceptata
545 4815 787 4894 continentur
806 4813 847 4890 in
870 4813 995 4892 littera
1013 4812 1104 4891 dicti
1126 4811 1342 4904 Guillelmi,
1369 4812 1492 4921 sigillo
1517 4811 1665 4890 ballivie
1686 4815 1758 4891 Ro-

337 4944 604 5053 thomagensis,
622 4974 664 5023 ac
675 4944 799 5051 sigillo
814 4943 905 5022 dicti
919 4942 1086 5021 defuncti
1098 4943 1279 5021 lobannis
1291 4943 1465 5052 sigillata,
1480 4944 1589 5036 item,
1606 4971 1759 5020 manum

337 5093 519 5167 nostram,
533 5076 681 5154 racione
698 5076 796 5154 dicte
813 5075 960 5183 gardis,
972 5101 1209 5179 apponemus
1224 5074 1262 5150 in
1277 5072 1403 5152 banno
1418 5073 1505 5152 ville
1518 5073 1758 5180 Novi-Burgi,

1798 873 1928 951 Priame
1939 895 1983 963 Ν,

1860 988 1924 1031 asor.
