4450 6209
509 703 585 778 608
1086 701 1178 773 tos
1211 699 1355 774 OLlM.

285 851 414 904 esuum
428 851 471 909 tv.
510 842 635 950 aliqua
654 858 835 932 uteretur,
857 839 1060 948 quemdam
1078 841 1273 918 homiuem
1295 865 1382 917 cum
1400 839 1562 946 quadam
1582 841 1757 930 muliere,
1777 862 1927 950 propter

347 943 409 984 mx.
510 973 738 1051 adulterium
754 1001 821 1078 per
837 998 901 1050 eos
920 970 1182 1061 commissum,
1197 987 1240 1046 ut
1254 970 1446 1058 dicebant,
1459 988 1707 1049 cucurrerunt
1718 1001 1788 1079 per
1803 973 1922 1051 villam

510 1104 754 1191 antedictam,
776 1100 966 1209 quoddam
984 1101 1184 1208 postellum
1200 1129 1268 1179 seu
1286 1101 1465 1207 pilerium
1478 1100 1622 1180 ibidem
1636 1103 1802 1208 positum
1820 1133 1919 1210 rupe

510 1251 616 1324 runt,
639 1233 819 1341 claperios
837 1233 926 1310 dicti
946 1231 1145 1338 prepositi,
1166 1230 1261 1309 inira
1276 1231 1584 1340 jurisdiccionem
1604 1233 1704 1311 dicte
1722 1233 1825 1323 ville,
1846 1235 1923 1312 des-

509 1382 723 1454 truxerunt,
743 1363 1023 1472 quamdamque
1043 1362 1177 1440 scalam
1199 1363 1239 1439 in
1258 1363 1356 1440 dicta
1370 1362 1456 1440 villa
1470 1362 1700 1453 levaverunt,
1716 1363 1921 1444 bominem-

509 1525 582 1605 que
592 1525 711 1576 umun
723 1511 930 1603 posuerunt
941 1495 978 1570 in
992 1494 1142 1585 eadem,
1155 1492 1357 1573 clamantes
1367 1494 1471 1602 quod
1481 1523 1615 1572 omnes
1621 1471 1795 1572 venirent
1801 1495 1921 1574 videre

503 1628 691 1737 justiciam
716 1625 943 1706 vicecomitis
963 1624 1157 1711 antedicti,
1187 1625 1275 1702 licet
1296 1625 1439 1704 eisdem
1461 1625 1648 1703 diceretur
1665 1626 1773 1732 quod
1794 1655 1922 1706 manus

508 1777 634 1838 nostra
654 1775 733 1835 erat
752 1757 896 1836 ibidem
912 1772 950 1836 et
964 1755 1139 1832 vexillum
1159 1772 1330 1834 nostrum
1352 1756 1495 1834 eisdem
1509 1755 1557 1832 ad
1573 1756 1733 1864 digitum
1746 1775 1922 1836 monstra·

508 1908 613 1969 retur
633 1906 670 1966 et
688 1887 793 1994 quod
809 1886 972 1964 serviens
992 1903 1119 1964 noster
1137 1886 1328 1990 predictos
1345 1886 1399 1962 sic
1410 1885 1674 1992 delinquentes
1687 1887 1831 1966 ibidem
1848 1918 1922 1966 ver-

508 2022 673 2100 botenus
684 2016 1109 2123 arrestavit,preeipiens
1122 2015 1264 2094 eisdem
1281 2017 1400 2123 quod,
1418 2043 1506 2094 cum
1518 2017 1632 2094 armis
1645 2017 1922 2124 queportabant

507 2154 547 2230 in
567 2151 666 2228 dicta
686 2149 768 2226 villa
784 2149 832 2226 de
852 2147 1023 2236 Alnerio,
1045 2175 1084 2224 se
1099 2147 1222 2224 statim
1240 2146 1444 2224 redderent
1457 2163 1675 2235 arrestatos,
1691 2149 1795 2254 quod
1806 2147 1921 2226 lacere

507 2297 824 2388 contempserunt,
839 2307 907 2385 per
919 2278 1157 2356 curienostre
1165 2277 1368 2385 judicium,
1380 2277 1503 2356 dictus
1511 2278 1720 2356 vicecomes
1729 2279 1922 2386 condemp

507 2432 616 2492 natus
632 2413 704 2490 luit
722 2413 767 2490 ad
784 2411 1024 2490 reddendum
1045 2409 1155 2486 dictis
1168 2409 1389 2486 hominibus
1403 2409 1566 2515 dampna
1584 2408 1751 2516 predicta
1762 2439 1838 2518 que
1857 2412 1919 2520 ipsi

506 2547 767 2624 sustinuerunt
789 2541 827 2620 in
846 2541 1024 2648 predictis
1047 2541 1166 2619 rebus
1182 2556 1221 2618 et
1241 2539 1372 2631 bonis,
1402 2569 1446 2618 ac
1467 2569 1601 2619 eorum
1625 2541 1849 2620 animalibus
1873 2544 1922 2620 sic

506 2677 622 2785 captis
643 2673 690 2752 de
712 2672 853 2780 quibus
873 2671 944 2779 ipsi
966 2672 1013 2750 de
1033 2669 1145 2777 plano
1163 2686 1345 2778 poterunt
1362 2669 1485 2748 lacere
1503 2687 1644 2748 certam
1660 2670 1796 2762 fidem,
1818 2691 1857 2750 et
1877 2675 1921 2750 ad

505 2805 771 2914 reponendum
791 2803 959 2909 predicta
984 2817 1202 2909 attemptata
1227 2801 1266 2877 iu
1294 2819 1434 2878 statum
1456 2801 1676 2909 pristinum,
1705 2829 1852 2881 necnon
1876 2805 1920 2880 ad

506 2935 729 3016 solvendum
749 2933 871 3022 nobis,
889 2961 957 3038 pro
970 2931 1146 3021 emenda,
1158 2931 1323 3009 valorem
1336 2931 1530 3009 lructuum
1545 2950 1582 3010 et
1595 2932 1814 3010 reddituum
1827 2952 1920 3012 terre

506 3067 624 3176 ipsius
638 3064 867 3143 vicecomitis
888 3063 935 3140 de
953 3091 1031 3142 uno
1048 3091 1164 3152 anno,
1185 3062 1409 3141 solvendum
1428 3063 1477 3140 ad
1496 3063 1594 3141 duos
1617 3091 1751 3154 annos,
1772 3063 1919 3144 fuerunt

506 3198 623 3276 eciam
646 3197 709 3274 alii
736 3195 832 3274 inlra
857 3194 1040 3272 nominati
1068 3194 1333 3301 condempnati
1358 3195 1398 3271 in
1426 3196 1529 3273 bunc
1552 3195 1730 3286 modum,
1751 3196 1920 3274 videlicet

505 3328 666 3436 quilibet
684 3328 855 3435 ipsorum
875 3324 1018 3404 habens
1036 3325 1222 3432 sexaginta
1241 3323 1356 3402 libras
1375 3326 1616 3402 Turonenses
1635 3324 1674 3402 in
1694 3326 1916 3417 redditibus,

504 3464 544 3539 in
559 3459 745 3568 sexaginta
762 3456 870 3534 libris
886 3455 1191 3544 Turonensibus,
1202 3472 1239 3532 et
1254 3454 1416 3561 quilibet
1428 3455 1476 3534 de
1490 3456 1651 3534 residuis
1665 3457 1809 3534 babens
1824 3485 1918 3534 sexa·

503 3593 605 3700 ginta
620 3590 733 3668 libras
751 3589 994 3666 Turonenses
1008 3585 1190 3678 inbonis,
1209 3586 1249 3662 in
1263 3587 1395 3662 decem
1408 3586 1516 3664 libris
1535 3586 1633 3664 dicte
1647 3605 1801 3665 monete
1815 3587 1917 3665 nobis

503 3720 692 3799 solvendis
710 3747 779 3826 pro
796 3717 954 3794 emenda
971 3744 1189 3794 excessuum
1205 3716 1480 3822 predictorum3
1495 3717 1649 3795 nomina
1662 3746 1751 3796 vero
1770 3719 1916 3824 compli-

503 3880 589 3928 cum
606 3852 677 3927 bec
694 3865 782 3928 sunt
799 3879 807 3923 :
824 3847 1053 3928 Guillelmus
1067 3847 1235 3936 Bannitz,
1259 3847 1404 3927 balivus
1419 3848 1509 3926 dicti
1523 3848 1766 3942 vicecomitis,
1784 3895 1839 3910 -·
1857 3850 1916 3925 Pe

503 3997 584 4056 trus
603 3977 749 4085 Ayrals,
766 3976 1050 4057 -Willelmus
1062 3975 1110 4054 de
1123 3977 1284 4086 Saugiis,
1296 3978 1526 4056 -Andreas
1535 3997 1574 4056 et
1585 3978 1799 4085 Stephanus
1817 3981 1915 4058 Mau-

502 4138 604 4199 rans,
626 4155 682 4168 -
704 4108 824 4186 dictus
844 4108 1028 4215 Symeon,
1046 4155 1102 4168 —
1116 4107 1288 4186 Lobauos
1316 4109 1448 4198 Mazel,
1467 4155 1523 4168 -
1547 4109 1668 4187 dictus
1680 4111 1850 4200 Daumis,
1865 4159 1914 4168 —

502 4240 733 4320 Guillelmus
746 4239 878 4328 Balen,
888 4239 1074 4318 -dictus
1088 4239 1302 4327 Marandos,
1315 4238 1664 4318 -Bertholomeus
1673 4242 1721 4318 de
1731 4241 1913 4331 Vidrinas,

501 4417 558 4430 -
576 4371 787 4452 Bernardus
807 4369 1014 4458 Chevalier,
1030 4415 1085 4428 --
1103 4370 1293 4447 lohannes
1312 4370 1421 4461 Gras,
1443 4416 1498 4428 —
1514 4371 1717 4450 Durandus
1734 4372 1844 4460 Gras,
1863 4417 1914 4431 -

501 4503 669 4582 Andreas
685 4521 724 4582 et
738 4502 1056 4589 MatheusBruni,
1071 4500 1261 4579 -dictus
1277 4500 1549 4594 Lambraudos,
1559 4502 1713 4581 filiaster
1724 4505 1911 4594 tammari,

501 4637 709 4712 -Petrus
736 4631 926 4722 Meizonil,
947 4677 1005 4690 -
1023 4632 1235 4710 Bernardus
1256 4632 1439 4724 Charnac,
1460 4634 1501 4709 P.
1525 4635 1844 4721 Boni-Hominis,
1863 4680 1914 4694 -

500 4765 668 4841 Andreas
680 4763 864 4852 Charnac,
880 4809 931 4820 -
949 4760 1168 4840 Willelmus
1187 4761 1338 4855 Chalet,
1355 4809 1412 4822 --
1423 4763 1532 4871 Hugo
1551 4762 1704 4855 Asterii,
1721 4811 1776 4838 -τ
1791 4767 1914 4842 Petrus

501 4911 539 4972 et
557 4896 664 5002 Hugo
683 4894 831 4984 Eoielli,
850 4941 904 4952 -
919 4893 1123 4971 Durandus
1143 4910 1181 4970 et
1199 4896 1330 4971 Petrus
1350 4894 1525 4972 Croaetea
1544 4912 1583 4971 et
1598 4896 1771 4974 Nicolaus
1789 4922 1913 4974 eorum

499 5026 623 5122 frater,
636 5028 745 5102 -tt
757 5025 946 5115 Estornel,
959 5071 1014 5086 —-
1025 5025 1413 5118 GerardusMaiaonil,
1424 5026 1907 5137 -JacineNegogendolas
