4450 6209
744 739 1016 851 sacoaras
1042 757 1106 832 cr
1133 738 1341 834 ruccas.
1680 759 1754 832 aar

386 899 437 979 Μ.
454 899 500 980 G.
515 900 567 1028 de
587 901 682 979 Usco
698 902 908 1010 reportavit.

387 1163 528 1239 XXXII.
559 1161 656 1241 Cum
671 1179 893 1269 procurator
908 1179 1036 1240 noster
1050 1163 1089 1240 in
1102 1162 1252 1240 ballivia
1268 1162 1462 1251 Arvernia,
1479 1189 1602 1239 coram
1616 1160 1755 1240 ballivo

332 1293 582 1380 Arvemie,ad
593 1295 929 1372 denunciacionem
938 1295 1118 1401 prepositi
1130 1293 1756 1399 ecclesieBrivatensis,pr0posuis-

1794 905 1924 960 Puttrrre
1938 883 1980 965 tv.

1855 997 1919 1040 1³11.

297 1491 300 1498 .
333 1440 404 1515 set,
427 1443 554 1502 contra
576 1426 833 1504 vicecomitem
855 1427 1104 1515 Podonniaci,
1132 1426 1237 1532 quod
1261 1424 1384 1502 dictus
1406 1425 1542 1513 Metus,
1566 1424 1756 1503 lohannes
1883 1531 1887 1542 Ι

332 1555 462 1634 Reldia
478 1557 553 1634 sive
567 1557 794 1646 lohannola,
813 1587 854 1634 ac
866 1557 989 1635 dictus
1005 1557 1163 1665 Guigos,
1184 1555 1383 1634 familiares
1401 1555 1489 1632 dicti
1505 1555 1752 1646 vicecomitis,

332 1687 535 1795 pluresque
546 1687 609 1764 alii
623 1688 705 1794 ejus
719 1687 919 1768 familiares
935 1706 973 1766 et
985 1688 1188 1795 complices
1204 1687 1299 1764 infra
1310 1686 1506 1778 nominati,
1519 1704 1697 1764 venerant
1708 1687 1755 1764 de

332 1833 455 1908 nocte,
470 1847 555 1896 cum
572 1819 685 1898 armis
698 1819 911 1925 prohibitis,
924 1820 973 1897 ad
981 1818 1105 1896 villam
1120 1819 1166 1896 de
1178 1819 1343 1906 Alnerio,
1360 1818 1399 1894 in
1412 1847 1485 1924 qua
1500 1816 1603 1894 idem
1620 1845 1756 1924 prepo-

332 1947 425 2026 situs
444 1977 596 2025 omnem
614 1950 804 2058 justiciam
822 1950 953 2027 asserit
973 1978 1012 2027 se
1037 1950 1177 2027 habere
1197 1965 1294 2026 etse
1315 1976 1395 2027 esse
1415 1949 1453 2023 in
1472 1947 1606 2025 saisina
1626 1949 1673 2024 de
1695 1977 1755 2025 ea-

334 2077 434 2166 dem,
446 2079 612 2195 etquod,
629 2109 715 2157 cum
727 2080 836 2158 dictis
848 2081 976 2167 armis,
993 2079 1177 2158 violenter
1189 2081 1312 2158 hostia
1321 2079 1488 2186 plurium
1499 2079 1754 2156 habitancium

333 2209 372 2284 in
389 2207 487 2287 dicta
502 2209 589 2287 villa
604 2209 801 2317 fregerant,
817 2211 1001 2316 pluraque
1017 2212 1116 2288 bona
1132 2211 1171 2287 in
1189 2211 1297 2287 dictis
1309 2210 1486 2288 domibus
1501 2228 1677 2314 ceperant
1688 2202 1755 2286 'se-

334 2367 494 2444 cumque
510 2357 759 2446 portaverant,
775 2342 897 2418 invitis
908 2340 1130 2418 hominibus
1143 2340 1354 2428 antedictis,
1367 2341 1570 2448 pluresque
1586 2368 1757 2418 excessus

335 2468 479 2546 ibidem
500 2472 778 2561 commiserant,
795 2500 911 2549 manu
926 2488 1052 2549 nostra
1072 2471 1216 2550 ibidem
1239 2472 1438 2559 existente3
1455 2499 1524 2578 pro
1539 2472 1678 2578 quibus
1696 2505 1758 2581 pe-

333 2598 438 2676 tebat
469 2601 591 2678 dictus
618 2619 836 2706 procurator
854 2619 983 2679 noster
1005 2601 1150 2678 dictum
1167 2601 1423 2680 vicecomitem
1444 2618 1481 2677 et
1501 2600 1581 2705 ejus
1601 2605 1757 2709 compli-

335 2757 395 2807 ces
409 2730 520 2809 nobis
535 2733 574 2809 in
588 2731 787 2808 emendam
800 2748 1075 2839 competentem
1092 2731 1377 2838 condempnari,
1391 2733 1582 2839 passisque
1596 2735 1757 2842 dampna
1858 2740 1861 2751 '

334 2863 617 2940 restitucionem
635 2859 717 2939 lieri
734 2863 782 2939 de
803 2863 958 2951 eisdem,
978 2879 1016 2940 et
1031 2891 1073 2939 aa
1089 2890 1163 2970 que
1183 2862 1223 2938 in
1238 2862 1490 2968 prejudicium
1506 2863 1605 2940 dicte
1622 2892 1757 2945 manus

335 3009 462 3070 nostre
478 2993 570 3070 lacta
591 3012 696 3071 erant
715 2994 763 3068 ad
781 3011 919 3071 statum
939 2993 1139 3099 pristinum
1156 2994 1307 3099 reponi,
1330 2993 1453 3071 dictus
1473 2994 1634 3073 ballivus
1653 3025 1757 3074 man-

336 3124 435 3200 davit
445 3125 491 3202 dc
501 3124 679 3230 predictis
689 3124 897 3212 veritatem,
911 3125 1049 3202 vocatis
1060 3126 1275 3214 evocandis,
1288 3125 1445 3230 inquiri:
1459 3126 1756 3236 lnquestaigitur

336 3254 429 3330 facta
449 3282 563 3360 super
581 3256 671 3347 hiis,
693 3273 732 3332 et
752 3273 878 3334 nostre
903 3257 1004 3333 curie
1027 3273 1230 3362 reportata,
1251 3257 1327 3334 visa
1348 3274 1386 3332 et
1401 3255 1602 3363 diligenter
1620 3262 1756 3336 exami-

336 3401 439 3473 nata,
461 3386 549 3490 quia
569 3387 763 3463 inventum
783 3403 852 3475 est,
873 3413 941 3493 per
958 3387 1133 3475 eandem,
1151 3386 1380 3462 sufficienter
1394 3387 1593 3491 probatum
1613 3389 1755 3468 dictum

334 3516 591 3594 vicecomitem
610 3517 656 3593 de
673 3519 771 3594 dicta
786 3545 976 3595 armorum
992 3518 1209 3624 portacione
1229 3516 1402 3594 advoasse
1422 3517 1518 3592 inlra
1544 3520 1757 3601 nominatos

334 3675 376 3722 ac
387 3673 454 3754 per
463 3649 617 3724 testium
634 3649 672 3724 in
689 3675 732 3725 ea
746 3648 1018 3754 productorum
1027 3647 1305 3756 deposiciones,
1322 3648 1507 3754 quosdam
1521 3648 1568 3724 de
1580 3650 1757 3756 predictis

334 3778 538 3886 pluresque
559 3779 668 3868 alios,
690 3807 810 3886 usquc
830 3779 877 3856 ad
896 3807 1098 3857 numerum
1115 3795 1369 3856 trecentarum
1389 3805 1651 3885 personarum,
1671 3810 1757 3859 cum

337 3910 463 3998 armis,
480 3927 564 3986 ante
580 3939 765 3999 auroram,
785 3909 928 3988 venisse
944 3911 992 3988 ad
1004 3909 1129 3988 villam
1142 3911 1348 4018 predictam
1361 3909 1560 4016 hostiaque
1575 3936 1759 4018 quorum-

339 4039 425 4116 dam
449 4039 704 4116 habitancium
731 4042 769 4115 in
802 4040 899 4117 dicta
926 4040 1012 4117 villa
1036 4042 1221 4119 violenter
1246 4040 1415 4149 fregisse,
1445 4040 1630 4147 pluraque
1658 4041 1756 4121 bona

338 4169 481 4247 ibidem
501 4170 657 4275 cepisse,
681 4185 718 4246 et
737 4169 899 4276 quedam
916 4169 963 4247 de
985 4171 1093 4249 dictis
1105 4171 1216 4249 bonis
1233 4173 1524 4278 consumpsisse,
1543 4189 1580 4248 et
1595 4174 1757 4277 quedam

339 4329 423 4378 cum
445 4297 672 4406 quibusdam
696 4299 916 4378 hominibus
942 4300 1040 4377 dicte
1060 4300 1165 4389 ville,
1189 4326 1398 4407 eorumque
1423 4300 1597 4376 animalia
1617 4302 1664 4379 ad
1683 4333 1759 4381 cas·

337 4449 438 4511 trum
460 4433 507 4508 de
528 4433 630 4509 Mota
653 4429 741 4506 dicti
767 4431 993 4509 vicecomitis
1019 4459 1149 4508 secum
1179 4431 1343 4519 duxisse,
1370 4429 1495 4506 invitis
1514 4445 1560 4506 et'
1576 4434 1760 4511 contradi·

339 4562 510 4640 centibus
530 4560 749 4639 hominibus
777 4561 974 4640 antedictis
999 4579 1036 4639 et
1064 4563 1170 4669 quod
1190 4561 1261 4638 alia
1278 4562 1358 4638 vice
1378 4560 1494 4667 aliqui
1515 4560 1563 4636 de
1583 4562 1759 4666 predictis

338 4692 542 4800 pluresque
563 4693 625 4770 alii
646 4721 765 4800 usque
787 4694 831 4769 ad
851 4721 1054 4771 numerum
1073 4695 1431 4801 quadringentarum
1449 4718 1694 4798 personarum
1710 4697 1759 4774 ad

339 4822 475 4899 dictam
493 4823 618 4900 villam
637 4851 724 4900 cum
744 4821 856 4899 armis
876 4823 1084 4914 venientes,
1105 4851 1221 4901 manu
1237 4841 1275 4902 et
1296 4822 1430 4900 vexillo
1448 4821 1586 4899 nostris
1602 4823 1642 4899 in
1650 4817 1760 4932 justi-

340 4951 395 5026 cia
411 4952 509 5028 dicte
522 4952 608 5030 ville
623 4952 764 5060 positis,
783 4970 820 5028 et
836 4953 889 5030 eis
905 4952 1006 5030 dicto
1021 4953 1230 5032 vicecomiti
1246 4953 1442 5043 intimatis,
1460 4981 1502 5031 ac
1527 4953 1759 5034 inhibicione

343 5081 484 5172 eidem,
501 5110 569 5188 per
584 5084 806 5161 servientem
822 5099 1010 5174 nostrum,
1028 5082 1138 5175 lacta,
1154 5111 1202 5162 ne
1219 5084 1257 5162 in
1277 5083 1377 5161 dicta
1388 5081 1476 5162 villa
1491 5084 1758 5193 jurisdiccione

596 5226 599 5233 ’
1580 5233 1631 5305 84.
1650 5259 1657 5273 ’
