4450 6209
511 716 584 791 tor
793 694 796 709 '
1090 712 1182 787 nus
1206 709 1348 786 oum.

284 870 413 924 rernm
426 869 469 933 Ν,
506 878 565 939 ter
585 886 655 937 nos
670 876 708 937 et
727 858 899 937 abbatem
915 872 953 933 et
967 854 1173 962 capitulum
1187 854 1343 934 ecclesie
1362 870 1586 943 memorate,
1601 882 1689 931 cum
1710 882 1787 933 non
1807 854 1873 945 sit,
1891 873 1932 933 ut

509 992 699 1081 dicebant,
714 1004 839 1067 certus
854 988 960 1067 focus
978 986 1027 1065 ad
1041 986 1257 1066 faciendum
1272 986 1453 1092 premissa
1469 972 1688 1091 deputatum
1703 1015 1871 1094 cumque
1884 1016 1934 1066 as

509 1140 650 1202 sereret
668 1136 889 1230 procurator
907 1118 1100 1229 predictus
1116 1116 1221 1225 qu'od
1238 1118 1422 1197 medietas
1441 1116 1541 1195 dicte
1560 1117 1697 1195 domus
1712 1117 1857 1196 eisdem
1872 1118 1935 1196 ab·

509 1253 587 1332 bati
605 1272 642 1331 et
663 1252 844 1360 capitulo,
862 1252 951 1359 jure
966 1278 1056 1339 suo,
1076 1248 1251 1327 debebat
1259 1247 1474 1338 confiscari,
1491 1276 1560 1327 nos
1579 1277 1694 1356 super
1709 1278 1820 1327 causa
1836 1249 1932 1327 dicte

509 1382 785 1463 confiscationis
805 1383 886 1491 ejus
904 1399 1077 1489 tempore
1100 1398 1137 1459 et
1156 1380 1279 1459 valore
1300 1380 1400 1459 dicte
1420 1380 1573 1471 domus,
1592 1380 1751 1487 aliisque
1774 1381 1935 1460 circons-

508 1516 640 1594 tanciis
658 1515 839 1623 premissa
853 1512 1111 1622 tangentibus,
1128 1511 1438 1591 informacionem
1454 1508 1538 1589 fieri
1558 1511 1834 1604 mandavimus,
1854 1538 1934 1590 nos

508 1665 569 1725 tro
581 1647 629 1725 ad
643 1645 824 1752 premissa
838 1662 1079 1752 procuratore
1092 1661 1222 1723 vocato
1238 1640 1349 1725 :Visa
1361 1643 1476 1751 igitur
1490 1671 1605 1750 super
1617 1643 1809 1750 premissis
1823 1642 1933 1720 infor·

344 960 408 1005 1809.

508 1779 680 1858 macione
701 1778 748 1856 de
769 1776 949 1854 mandato
968 1792 1116 1863 nostro,
1137 1790 1182 1852 ut
1197 1774 1441 1883 premittitur,
1463 1772 1573 1866 facta,
1594 1802 1663 1880 per
1681 1774 1785 1853 curie
1805 1791 1931 1851 nostre

381 1972 386 1979 .
504 1907 711 2016 judicium,
729 1906 872 1985 dictum
886 1906 958 1985 fuit
972 1906 1077 2015 quod
1091 1905 1312 1985 informacio
1325 1905 1495 2014 predicta
1506 1934 1585 1985 non
1593 1905 1837 2014 judicabitur,
1848 1933 1934 1983 cnm

509 2039 605 2119 facta
622 2067 700 2117 non
720 2038 835 2116 fuerit
850 2037 897 2115 ad
917 2037 1035 2117 finem
1049 2038 1264 2146 judicandi,
1282 2037 1366 2129 sed,
1381 2037 1411 2117 si
1431 2056 1652 2145 procurator
1666 2038 1855 2115 dictorum
1870 2036 1933 2115 ab

508 2169 606 2249 batis
621 2189 665 2249 ct
678 2170 830 2279 capituli
847 2170 936 2248 velit
948 2170 1021 2249 hoc
1039 2169 1235 2278 prosequi,
1253 2198 1324 2248 nos
1343 2198 1457 2276 super
1475 2169 1683 2276 premissis,
1697 2168 1835 2247 vocatis
1853 2196 1932 2275 pro

510 2322 682 2381 curatore
703 2319 831 2381 nostro
853 2320 891 2380 et
907 2302 990 2380 aliis
1010 2300 1225 2389 evocandis,
1240 2300 1353 2408 plene
1368 2300 1548 2379 faciemus
1566 2300 1706 2408 inquiri
1721 2299 1929 2391 veritam,

510 2452 547 2512 et
564 2435 775 2542 inquestam
795 2430 1013 2541 hujusmodi
1029 2431 1192 2539 judicari
1213 2448 1252 2511 et
1269 2431 1401 2511 debito
1417 2430 1494 2509 fine
1514 2430 1651 2509 decidi.

565 2566 692 2645 Martis
711 2583 797 2672 post
817 2563 965 2642 octabas
984 2562 1209 2672 Epiphanio.

564 2698 614 2775 M.
632 2698 677 2776 G.
700 2698 749 2773 de
764 2697 860 2773 Usco
875 2692 1089 2801 reportavit.

564 2962 672 3040 xvtt.
703 2960 788 3037 Lite
804 2977 906 3037 mota
925 2988 1057 3039 coram·
1066 2960 1257 3066 preposito
1269 2960 1466 3039 Parisiensi
1480 2961 1580 3039 inter
1593 2961 1804 3041 iohannem
1816 2962 1853 3041 le
1864 2965 1933 3041 Fe

507 3118 577 3169 ron
594 3110 631 3169 et
641 3090 923 3199 Eremburgim,
941 3093 1023 3201 ejus
1037 3120 1211 3185 uxorem,
1225 3122 1268 3171 ex
1283 3122 1357 3170 una
1372 3110 1497 3199 parte,
1514 3111 1554 3171 et
1566 3094 1804 3202 Dyonisiam,
1821 3094 1930 3171 relic·

508 3240 583 3299 tam
599 3222 689 3299 dicti
706 3222 881 3315 Huchon,
901 3222 1092 3311 etaltera,
1113 3252 1229 3330 super
1243 3251 1289 3301 eo
1302 3224 1408 3330 quod
1421 3252 1507 3330 pars
1520 3242 1678 3332 utraque
1694 3224 1845 3331 petebat
1857 3225 1929 3303 sibi

507 3354 713 3463 adjudicari
728 3355 1002 3460 possessionem
1016 3355 1213 3461 cujusdam
1233 3356 1372 3433 domus
1384 3355 1456 3433 site
1470 3355 1577 3463 juxta
1596 3355 1756 3463 forgiam
1775 3357 1930 3435 civitatis

507 3483 737 3577 Parisiensis,
754 3484 802 3562 de
823 3486 1076 3593 qua-ostensio
1096 3485 1168 3563 fuit
1184 3486 1293 3578 facta,
1309 3488 1417 3596 cujus
1432 3488 1569 3565 domus
1588 3488 1772 3595 possessio
1792 3488 1841 3565 ad
1854 3488 1930 3565 dic·

505 3634 582 3695 tam
599 3617 864 3722 Eremburgim
881 3644 948 3724 per
967 3634 1130 3695 mortem
1150 3616 1306 3707 Robini,
1330 3617 1400 3694 titii
1425 3617 1594 3697 defuncti
1616 3619 1775 3698 Honorii
1790 3620 1927 3698 Mares-

505 3747 607 3837 calli,
629 3766 666 3824 et
682 3748 870 3838 iohanne,
893 3748 973 3855 ejus
995 3750 1138 3838 uxoris,
1155 3748 1377 3838 devenerat,
1395 3766 1588 3857 tamquam
1609 3750 1828 3858 proximiori
1849 3752 1927 3859 ejus

504 3877 636 3954 heredi
657 3877 704 3955 ab
724 3876 913 3968 intestato,
935 3896 979 3956 ut
998 3879 1174 3957 dicebant
1193 3881 1371 3989 conjuges
1389 3882 1611 3987 supradicti,
1633 3882 1731 3959 dicta
1751 3882 1926 3989 Dyonisia

370 3986 374 3993 ¹
505 4008 731 4085 contrarium
754 4027 956 4100 asserente,
982 4029 1019 4088 et
1039 4009 1187 4089 dicente
1208 4038 1248 4089 se
1269 4040 1350 4091 esse
1368 4012 1407 4089 in
1430 4012 1566 4091 saisina
1585 4013 1725 4091 domus
1742 4014 1922 4119 predicte,

503 4158 680 4247 tanquam
702 4142 969 4250 proximiorem
990 4143 1173 4220 heredem
1194 4142 1284 4220 dicti
1304 4142 1471 4221 defuncti
1492 4143 1646 4234 Robini,
1668 4161 1707 4223 et
1721 4146 1826 4251 quod
1846 4172 1926 4251 pos

503 4273 707 4350 sessionem
728 4272 895 4379 ejusdem
918 4273 1056 4351 domus
1070 4274 1371 4381 apprehenderat
1389 4290 1590 4382 antequam
1610 4275 1711 4352 dicta
1726 4276 1925 4355 Erembur-

502 4404 576 4511 gis3
599 4404 780 4510 inquisito
810 4405 857 4481 de
879 4405 1085 4512 premissis,
1108 4404 1231 4483 dictus
1256 4407 1485 4513 prepositus,
1506 4436 1705 4514 persuum
1718 4407 1920 4516 judicium,

501 4535 727 4643 adjudicavit
743 4535 918 4613 saisinam
934 4536 1033 4613 dicte
1053 4536 1190 4614 domus
1203 4536 1381 4645 Dyonisie
1395 4538 1581 4645 predicte,
1598 4536 1806 4645 adjungens
1820 4538 1922 4645 quod

500 4664 816 4771 impedimentum
833 4666 903 4745 sibi
920 4667 1131 4774 appositum
1148 4696 1262 4774 super
1279 4668 1353 4746 hoc
1364 4697 1433 4776 per
1448 4670 1569 4748 dictos
1583 4670 1761 4778 conjuges
1774 4698 1920 4747 amove-

451 4865 456 4877 .
499 4812 615 4886 retur,
637 4794 733 4874 salva
752 4798 950 4903 questione
970 4798 1210 4905 proprietatis
1230 4799 1454 4910 Eremburgi
1475 4799 1664 4905 predicte3
1685 4829 1706 4878 a
1725 4830 1802 4907 quo
1819 4800 1920 4908 judi·

499 4942 597 5035 cato,
614 4944 806 5033 tamquam
827 4926 920 5007 falso
942 4947 979 5007 et
996 4957 1127 5035 pravo,
1150 4930 1240 5010 dicti
1256 4930 1434 5039 conjuges
1451 4932 1500 5009 ad
1516 4933 1661 5011 curiam
1678 4950 1845 5011 nostram
1859 4960 1919 5038 ap-

402 5042 407 5057 ’
498 5052 707 5166 pellarunt:
723 5058 896 5137 Partibus
911 5060 1027 5169 igitur
1046 5088 1172 5141 coram
1192 5062 1320 5151 nobis,
1341 5064 1379 5141 in
1397 5092 1506 5144 cansa
1525 5064 1625 5141 dicte
1639 5064 1916 5171 appelfacionis,
