4450 6209
500 694 574 771 458
1079 694 1169 767 tes
1199 694 1341 768 OLllll.

270 864 401 919 rurum
413 861 457 921 tv.
497 837 670 926 tannicis,
688 836 863 915 videlicet
883 837 923 911 in
942 837 1160 944 episcopatu
1179 837 1386 926 Briooensi,
1407 836 1669 915 commissariis
1690 836 1878 943 deputatis
1900 867 1919 914 a

332 956 396 999 ω’·
497 967 623 1057 nobis,
637 966 1110 1048 excusandoGuillelmum
1124 966 1171 1045 de
1184 968 1279 1045 Pinu
1292 986 1330 1045 et
1339 966 1562 1047 Michaelem
1571 968 1703 1057 Fome,
1716 968 1920 1047 servientes

496 1115 662 1191 nostros,
677 1098 724 1179 de
736 1126 902 1206 quorum
915 1100 1126 1179 excessibus
1139 1098 1333 1207 inquirere
1350 1098 1541 1177 debebant
1553 1098 1643 1175 dicti
1655 1100 1916 1188 commissarii,

495 1258 586 1309 usus
605 1229 726 1308 luerat
740 1231 905 1336 quodam
922 1232 1174 1309 instrumento
1193 1230 1297 1322 lalso,
1317 1246 1355 1308 et
1371 1231 1477 1339 cujus
1494 1230 1734 1309 instnnnenti
1751 1258 1918 1307 rasurum

495 1361 789 1439 deadvouverant
802 1390 870 1467 per
884 1363 1081 1468 proprium
1090 1363 1350 1471 juramentum
1366 1361 1548 1450 serviens,
1564 1360 1673 1468 cnjus
1692 1378 1772 1439 erat
1786 1360 1919 1468 sigille-

495 1509 577 1569 tum
596 1492 732 1599 sigillo,
750 1508 788 1569 et
802 1494 969 1571 notarius
983 1494 1049 1600 qui
1062 1494 1258 1599 scripserat
1273 1492 1372 1571 illud
1386 1492 1511 1582 idem
1533 1491 1635 1568 dicto
1650 1490 1771 1567 milite
1789 1490 1919 1596 plures

492 1623 662 1702 raciones
676 1624 723 1701 ad
737 1624 795 1702 sui
811 1622 1069 1703 defensionem
1084 1626 1123 1701 in
1138 1625 1365 1703 contrarium
1380 1638 1614 1731 proponente
1628 1622 1733 1703 :Viso
1743 1650 1919 1729 processu

496 1755 682 1834 dictorum
698 1755 921 1834 clerioomm
936 1773 1151 1835 nostrorum
1163 1784 1278 1861 super
1289 1756 1363 1833 hoc
1376 1754 1490 1844 sacto,
1504 1770 1541 1831 et
1552 1753 1722 1860 inspecto
1735 1752 1838 1832 dicto
1850 1755 1921 1833 ine

494 1903 685 1964 trumento
695 1951 704 1979 ,
716 1886 886 1994 laetaque
900 1887 1107 1965 collacione
1121 1887 1169 1964 de
1184 1887 1320 1965 eodem
1334 1916 1421 1966 cum
1438 1886 1664 1994 protocollo,
1675 1913 1717 1983 ac
1732 1886 1920 1963 dictorum

495 2017 836 2097 commissariorum
861 2018 1048 2097 relacione
1074 2018 1221 2107 audita,
1242 2019 1391 2125 visuque
1416 2018 1657 2125 deposicione
1680 2017 1855 2105 testium,
1877 2044 1919 2095 er

493 2166 599 2255 parte
614 2148 703 2226 dicti
719 2148 852 2227 militis
865 2150 913 2227 ad
927 2151 984 2227 sui
999 2151 1256 2228 innocenciem
1272 2150 1468 2256 superhoc
1479 2146 1771 2256 productorum,
1781 2174 1850 2253 por
1862 2176 1920 2225 cu

495 2281 551 2357 rie
561 2296 688 2357 nostre
700 2279 892 2387 judicium
910 2282 1054 2359 dictum
1069 2280 1143 2361 luit
1155 2280 1260 2388 quod
1275 2281 1377 2359 idem
1394 2280 1519 2369 miles,
1531 2296 1686 2387 propter
1700 2278 1840 2355 lactum
1855 2278 1920 2354 hu·

489 2411 675 2517 jusmodi,
691 2412 802 2491 uobis
814 2412 993 2491 ducentas
1002 2412 1116 2491 libras
1127 2416 1368 2491 Turonenses
1380 2412 1583 2519 persolvet,
1601 2412 1640 2487 in
1652 2409 1802 2487 duobus
1814 2409 1920 2487 annis

494 2543 663 2647 proxime
676 2541 831 2631 futuris,
841 2542 1017 2622 videlicet
1030 2572 1129 2621 auno
1146 2544 1319 2652 quolibet
1334 2561 1485 2622 centum
1498 2543 1631 2633 libram
1648 2558 1687 2618 et
1701 2540 1919 2646 omniaque

494 2671 534 2747 in
555 2671 657 2749 dicto
675 2673 927 2751 instrumento
948 2692 1122 2753 contenta
1142 2692 1229 2755 sunt
1249 2701 1317 2781 per
1331 2674 1432 2751 idern
1445 2673 1631 2781 judicium
1646 2671 1802 2750 luerunt
1815 2672 1922 2776 peni-

495 2821 558 2881 tus
575 2803 751 2880 anullata.

552 2933 652 3010 lovis
671 2949 757 3039 post
771 2932 881 3011 Oculi
898 2936 985 3011 mei.

553 3062 598 3139 G.
620 3061 791 3140 Thibout
808 3065 1018 3170 reportavit.

553 3324 692 3403 LXVll.
725 3323 822 3402 Cum
838 3323 884 3401 lis
899 3343 999 3404 mota
1015 3324 1145 3403 ferisset
1163 3354 1287 3404 coram
1305 3326 1495 3433 preposito
1509 3327 1706 3405 Parisiensi
1726 3327 1827 3405 inter
1843 3326 1918 3403 An-

496 3457 658 3534 selmum
673 3455 722 3533 de
735 3454 964 3546 Achieriaco,
979 3459 1134 3535 nomine
1150 3458 1337 3547 lohanne,
1352 3459 1478 3537 uxoris
1493 3485 1577 3547 sue,
1593 3486 1638 3536 er
1649 3488 1725 3535 una
1738 3476 1862 3565 parte,
1882 3474 1919 3535 et

433 3604 438 3612 '
496 3587 717 3693 magistrum
730 3586 897 3663 Evenum
911 3587 959 3663 de
974 3586 1155 3674 Kerberz,
1170 3602 1363 3695 gerentem
1381 3616 1421 3665 se
1435 3617 1505 3694 pro
1520 3606 1691 3668 curatore
1709 3589 1797 3667 dato
1810 3588 1918 3667 bonis

496 3718 630 3797 Hervei
651 3716 699 3793 de
726 3716 1085 3803 Sancto-Renuncio,
1107 3736 1199 3795 tunc
1221 3718 1405 3809 absentis,
1426 3746 1470 3795 ex
1490 3719 1623 3809 altera,
1650 3746 1762 3827 super
1786 3720 1917 3797 saisina

497 3846 751 3953 quorumdam
770 3848 961 3925 bonorum
984 3848 1240 3927 immobilium
1259 3878 1334 3956 que
1361 3849 1517 3928 fuerunt
1542 3851 1720 3931 defuncte
1741 3851 1915 3938 Avelim,

498 3978 692 4083 quondam
710 3976 789 4055 filie
810 3976 910 4056 dicte
923 3978 1111 4071 Johanue,
1131 3998 1169 4058 et
1185 4006 1297 4087 super
1314 3981 1499 4061 fructibus
1519 4000 1557 4061 et
1570 3983 1730 4062 exitibus
1748 4010 1793 4059 ex
1810 3982 1918 4060 dictis

497 4108 608 4187 bonis
617 4136 686 4213 per
695 4108 838 4187 dictum
850 4110 1073 4189 Anselmum
1085 4115 1286 4219 perceptis;
1300 4131 1353 4204 et,
1370 4115 1409 4191 in
1422 4142 1530 4193 causa
1539 4114 1779 4222 hujusmodi,
1798 4113 1917 4192 dictus

344 4311 347 4312 γ
497 4240 711 4347 prepositus
731 4240 960 4346 procedens,
976 4242 1189 4350 judicatum
1213 4254 1326 4322 suum
1350 4244 1498 4323 tulisset
1520 4272 1590 4352 pro
1614 4245 1716 4322 dicto
1742 4243 1916 4352 magistro

496 4373 622 4450 Eveno
633 4372 994 4453 contradnselmum
1005 4376 1235 4481 predictum,
1254 4391 1320 4453 eta
1332 4375 1621 4482 dictojudicato,
1635 4392 1814 4481 tanquam
1827 4372 1916 4451 lalso
2049 4398 2053 4407 ’

498 4519 536 4581 et
550 4531 678 4608 pravo,
699 4504 823 4583 dictus
839 4504 1041 4585 Anselmus
1060 4506 1109 4585 ad
1124 4524 1288 4583 nostram
1308 4506 1450 4584 curiam
1472 4505 1709 4614 appellasset:
1727 4505 1913 4595 Tandem,

497 4630 537 4709 in
551 4662 661 4713 catus
678 4634 777 4713 dicte
793 4636 1058 4741 appellacionis
1072 4635 1212 4715 auditis
1230 4637 1399 4743 partibus
1417 4637 1612 4743 predictis,
1625 4654 1664 4714 et
1674 4637 1761 4715 visis
1775 4662 1915 4743 proces

497 4761 601 4842 situs
618 4767 831 4856 antedictis,
849 4794 917 4873 per
928 4769 1032 4847 curie
1045 4783 1173 4846 nostre
1185 4759 1388 4875 judicium,
1406 4768 1550 4847 dictum
1562 4767 1692 4847 suisset
1706 4766 1914 4874 predictum

495 4894 731 5000 prepositum
750 4898 848 4975 male
861 4897 1049 5005 judicasse
1070 4918 1108 4977 et
1128 4900 1272 4977 dietum
1291 4899 1512 4977 Anselmum
1523 4899 1623 4977 bene
1642 4897 1865 5006 appellasse,
1878 4914 1914 4973 et

496 5025 599 5132 quod
621 5024 951 5132 impedimentum,
968 5030 1116 5108 racione
1133 5030 1401 5136 premissorum
1420 5030 1546 5107 eidem
1565 5028 1757 5117 Anselmo,
1772 5026 1819 5105 ad
1840 5027 1912 5102 ins-
