4450 6209
750 712 1016 818 annueris
1042 729 1107 804 nr
1134 708 1340 802 pauens.
1680 733 1755 808 css

336 875 423 952 dein
444 869 711 962 custodiretnm
725 871 836 950 dietis
845 870 1031 980 religiosis
1046 870 1086 946 in
1106 870 1337 948 contrarium
1354 871 1568 950 dicentibus
1585 872 1757 954 micinam
1795 881 1925 936 renim
1937 882 1981 946 lv,

335 1004 434 1082 dicte
450 1002 603 1113 justicie
628 1002 677 1080 ad
695 1002 797 1110 ipsos
820 1002 1033 1110 pertinere:
1052 1001 1231 1108 luqucsta
1247 1002 1477 1108 superbos,
1504 1003 1553 1082 de
1579 1005 1757 1084 mandato
1858 973 1921 1014 Μ

335 1134 438 1213 curie
464 1151 605 1224 nostre,
633 1133 729 1212 facta
760 1151 799 1212 et
822 1133 1138 1241 adjudicandum
1165 1150 1373 1240 reportata,
1401 1133 1618 1243 auditisque
1645 1163 1759 1242 super

334 1266 407 1346 hoc
427 1265 536 1345 dictis
562 1265 747 1372 partibus,
770 1281 808 1344 et
826 1265 902 1344 visa
927 1264 1030 1343 dicta
1056 1265 1229 1372 inquesta
1253 1281 1291 1342 et
1314 1264 1517 1373 diligenter
1533 1266 1756 1354 examinata.

333 1421 402 1505 per
433 1397 535 1474 curie
558 1413 686 1476 nostre
704 1396 911 1504 judicium,
939 1397 1084 1475 dictum
1110 1395 1185 1474 luit
1207 1395 1313 1503 quod
1335 1396 1653 1503 impedimentum
1674 1425 1760 1504 pre·

335 1527 497 1618 dictum,
516 1526 618 1605 dicto
638 1524 750 1604 militi
771 1526 999 1634 appositum,
1022 1556 1066 1605 ex
1084 1545 1189 1634 parte
1209 1525 1398 1604 dictorum
1411 1525 1697 1635 religiosorum,
1718 1529 1759 1606 in

334 1657 469 1735 saisina
484 1656 637 1766 justicie
662 1656 761 1736 dicte
782 1656 918 1735 domne
946 1673 985 1734 ct
1009 1655 1214 1764 pourprisii
1238 1656 1425 1765 ejusdem,
1450 1656 1696 1748 amovebitur,
1723 1676 1762 1738 et

333 1787 439 1893 quod
458 1786 557 1864 dicta
575 1785 688 1894 prisia
708 1785 802 1864 facta
819 1815 889 1894 per
908 1787 1028 1865 dictos
1045 1785 1259 1894 religiosos,
1281 1786 1322 1862 in
1340 1785 1425 1865 loco
1445 1787 1629 1892 predicto,
1655 1806 1694 1868 at
1711 1790 1761 1868 ail

335 1944 490 1995 manum
510 1935 694 2009 nostram,
714 1934 758 1995 ut
778 1917 1004 2026 premissum
1025 1935 1097 2009 est,
1119 1917 1257 2023 posita,
1282 1917 1554 1997 deliberabitur
1570 1920 1683 2001 militi
1697 1949 1761 2001 su·

332 2048 520 2153 predicto,
544 2049 640 2127 salia
663 2075 777 2156 super
796 2049 871 2127 lioc
890 2048 1001 2128 dictis
1020 2047 1206 2157 religiosis
1226 2049 1426 2156 questione
1446 2051 1697 2157 proprietatis.

390 2179 519 2258 Martis
536 2196 623 2287 post
636 2179 811 2257 lubilate.

391 2309 499 2388 Creoi
520 2310 732 2418 reportavit.

391 2573 450 2652 IV.
473 2574 516 2650 In
527 2599 720 2680 causaque
735 2570 891 2678 pendet,
905 2571 944 2647 in
957 2568 1060 2648 curia
1074 2570 1326 2662 nostra‚inter
1340 2568 1534 2649 dominam
1548 2568 1760 2650 deBiauval
1785 2664 1787 2667 ¹

336 2718 375 2779 et
394 2703 477 2811 ejus
496 2699 601 2792 filias,
624 2730 669 2780 ei
688 2719 793 2810 parte
814 2729 906 2791 una,
924 2717 963 2778 et
987 2699 1189 2778 dominnm
1213 2700 1261 2778 de
1277 2700 1439 2789 Biauial‚
1456 2728 1500 2778 ex
1523 2699 1659 2789 altera,
1673 2720 1762 2780 sunt

334 2832 528 2912 auditores
547 2832 623 2910 dati
641 2833 808 2942 magistri
827 2830 1002 2912 Nicolaus
1029 2830 1077 2909 de
1097 2831 1273 2912 Creciaco
1287 2848 1328 2910 et
1346 2831 1560 2938 Stephanus
1574 2831 1624 2911 dc
1642 2833 1761 2912 llous

334 2991 435 3072 seya,
457 2964 524 3071 qui
552 2964 708 3042 audient
729 2979 845 3042 testes
864 2990 978 3070 super
998 2963 1333 3069 reprobacionibus
1353 2962 1506 3040 testium
1528 2963 1569 3040 in
1588 2966 1762 3070 inquesta
1904 3053 1907 3057 ,

333 3094 501 3201 predicta
515 3093 800 3201 productorum,
821 3123 890 3199 per
909 3093 1051 3172 curiam
1068 3092 1262 3185 admissos,
1275 3093 1520 3201 delectusque
1534 3111 1703 3201 repertos
1721 3095 1761 3171 in

335 3227 509 3331 inquesta
527 3225 694 3332 predicta
714 3251 784 3332 per
802 3224 1003 3329 Hngonem
1025 3222 1072 3299 de
1092 3223 1266 3313 Filiam,
1293 3240 1386 3302 tunc
1403 3223 1587 3304 ballivum
1608 3221 1760 3304 Ambio*

335 3345 492 3434 oensem
508 3372 546 3432 et
558 3356 639 3462 ejus
652 3353 834 3462 collegam
847 3351 952 3444 lacta,
963 3352 1198 3458 supplebunt
1210 3371 1248 3431 et
1262 3353 1316 3431 sic
1327 3354 1537 3460 inqucetam
1551 3353 1760 3459 predictam

335 3487 533 3591 perficient
549 3503 588 3565 et
604 3513 684 3564 eain
697 3482 922 3591 completam
942 3483 1138 3562 remittent
1156 3483 1207 3562 ad
1217 3484 1320 3563 diem
1335 3483 1485 3563 ballirie
1499 3482 1760 3574 Ambiaueuais

335 3616 454 3696 futuri
475 3617 647 3724 proximo
663 3614 904 3722 parlamenti,
924 3613 1026 3691 curie
1047 3630 1177 3692 nostre
1190 3612 1454 3722 judicandam,
1473 3613 1572 3694 sicut
1590 3615 1760 3696 verbote-

334 3775 407 3827 nus
430 3747 502 3826 fuit
522 3749 583 3826 eis·
599 3775 667 3856 par
686 3746 827 3824 curiam
848 3743 1076 3853 injunctum.
1096 3743 1185 3823 Duo
1206 3760 1298 3821 aunt
1320 3742 1512 3824 defecturi
1536 3771 1636 3824 unus
1654 3747 1760 3852 quod

333 3895 448 3956 testes
468 3880 621 3958 domine
645 3906 723 3957 non
745 3876 902 3956 fuerunt
920 3873 1119 3954 examinati
1142 3902 1258 3982 super
1278 3874 1457 3955 omnibus
1478 3874 1645 3954 articulis
1663 3875 1759 3966 suia3

334 4007 447 4101 alius,
464 4009 569 4116 quod
584 4009 698 4117 aliqui
712 4009 760 4085 dc
775 4007 934 4086 testibus
948 4007 1038 4084 dicti
1055 4005 1199 4086 domini
1218 4006 1413 4086 examinati
1429 4005 1586 4086 luerunt
1603 4007 1644 4085 in
1658 4035 1761 4088 com·

335 4141 461 4231 muni,
480 4157 518 4218 et
535 4167 614 4218 non
630 4137 880 4247 singulariter,
899 4164 1012 4244 super
1031 4135 1221 4243 aliquibus
1241 4136 1407 4217 articulis
1426 4137 1517 4218 dicti
1537 4137 1698 4230 domini,
1720 4156 1759 4216 et

336 4273 409 4351 hoc
427 4299 496 4379 per
514 4270 773 4379 insipicnciam
791 4267 1020 4346 auditorum.

391 4404 589 4484 Dominica
607 4404 647 4479 in
666 4400 763 4479 festo
786 4399 887 4479 beati
901 4397 1067 4506 Georgii.

392 4534 499 4614 Greci
520 4533 732 4642 reportavit.

392 4665 501 4745 Facta
515 4665 587 4746 fnit
606 4692 721 4772 super
734 4664 810 4742 hoc
822 4660 1038 4742 commissio
1055 4676 1092 4738 ct
1110 4659 1283 4768 inquesta
1301 4658 1469 4740 remissa

393 4928 436 5007 V.
469 4928 583 5019 Cum,
597 4928 637 5004 in
652 4955 760 5006 cansa
775 4942 898 5016 mota,
918 4949 1044 5002 coram
1058 4923 1251 5032 preposito
1264 4921 1472 5014 Parisiensi
1486 4921 1587 4998 inter
1603 4921 1758 4999 Petrum

333 5055 383 5134 de
397 5057 542 5149 Plaalli,
554 5059 732 5152 militem,
746 5087 789 5138 ex
798 5085 874 5138 una
886 5069 1007 5168 parte,
1021 5070 1061 5133 ot
1071 5053 1422 5145 Petrum-Barbarii,
1435 5082 1479 5134 ei
1490 5051 1622 5145 altera,
1636 5050 1759 5129 dietus

1579 5207 1632 5271 80.
