4450 6209
507 721 579 794 188
1078 715 1171 790 LES
1210 714 1352 790 OLlM.

279 877 410 931 unnim
423 873 467 937 lv.
560 861 603 937 ll.
636 861 760 967 Super
778 829 1008 966 quibusdam
1023 857 1189 966 injuriis,
1207 855 1462 946 contumeliis,
1478 854 1672 936 violenciis
1686 870 1725 932 et
1738 853 1928 944 rescussis,

503 1021 598 1101 quas
617 991 810 1100 preposito
829 989 1106 1081 Aurelianensi,
1127 989 1262 1097 placita
1286 1017 1353 1068 sua
1361 988 1508 1067 tenenti
1520 1049 1529 1080 ,
1542 1016 1585 1065 ac
1597 987 1771 1066 servienti
1785 986 1929 1066 domini

503 1122 628 1231 Regis,
641 1122 862 1200 mandatum
877 1120 968 1198 dicti
986 1121 1168 1229 prepositi
1189 1119 1401 1228 exequenti,
1421 1118 1648 1198 Laneelotns
1666 1119 1792 1210 Baras,
1808 1117 1929 1207 miles,

339 968 403 1011 1³00.

504 1253 675 1332 intulisse
695 1252 901 1343 dicebatur,
919 1281 961 1329 ac
981 1279 1160 1360 supereo
1178 1252 1283 1360 quod
1301 1249 1496 1329 dicebatur
1513 1251 1638 1358 ipsum
1659 1249 1806 1328 domini
1821 1251 1931 1358 Regis

504 1402 687 1464 arrestum
699 1375 868 1494 lre'gisse,
883 1383 1064 1462 dominus
1075 1386 1153 1462 Rex
1165 1383 1373 1471 mandavit,
1384 1382 1554 1490 partibus
1568 1379 1722 1470 vocatis,
1734 1379 1928 1458 veritatem

503 1518 657 1625 inquirit
673 1517 850 1627 lnquesta
864 1515 980 1624 igitur
999 1513 1093 1594 facta
1109 1543 1225 1623 super
1243 1515 1317 1594 boc
1330 1515 1407 1592 visa
1425 1533 1464 1592 et
1483 1512 1685 1621 diligenter
1704 1511 1927 1604 examinata,

505 1649 628 1727 dictim
644 1648 868 1726 lancelotus
885 1649 925 1725 in
938 1647 1101 1725 emenda
1116 1647 1222 1725 mille
1238 1647 1422 1724 librarum
1436 1671 1636 1754 parvorum
1651 1643 1845 1724 bonorum
1855 1646 1926 1722 Tu·

503 1781 746 1870 renensium,
761 1781 919 1860 domino
941 1782 1032 1888 Regi
1052 1779 1248 1872 solvenda,
1261 1808 1331 1887 per
1349 1778 1453 1858 curie
1470 1776 1685 1886 judicium,
1710 1775 1833 1854 extitit
1846 1803 1930 1854 con·

504 1913 742 2019 dempnatus.

559 2042 716 2122 Veneris
735 2041 774 2118 in
794 2040 891 2119 festo
908 2041 1009 2119 beuti
1028 2041 1179 2120 Martini
1201 2039 1395 2148 hyemalis.

559 2175 867 2281 lnquestamnnn
884 2172 1014 2251 habui.

557 2439 616 2515 lll.
647 2439 771 2546 Super
788 2437 1020 2546 quibusdam
1034 2436 1183 2546 injuriis
1203 2455 1242 2516 et
1260 2437 1454 2518 violenciis
1471 2437 1590 2544 prion'
1605 2435 1929 2517 villesanou-Er·

501 2571 594 2647 meti
613 2568 656 2648 et'
668 2569 750 2678 ejus
765 2570 960 2678 gentibus,
978 2597 1128 2649 necnon
1146 2571 1312 2648 lloberto
1329 2568 1573 2678 Bolengerio,
1588 2567 1765 2650 servienti
1784 2566 1928 2646 domini

501 2702 627 2810 Regis,
649 2701 698 2779 ad
718 2701 927 2780 custodiam
949 2701 1038 2778 dicti
1058 2701 1196 2809 prioris
1216 2719 1254 2780 et
1274 2703 1355 2809 ejus
1369 2701 1522 2810 justicie
1539 2728 1609 2808 per
1627 2699 1808 2778 ballivum
1822 2700 1930 2780 Viro-

502 2832 749 2909 mandensem
763 2832 960 2938 deputato,
977 2858 998 2907 a
1013 2816 1242 2938 quibusdam
1253 2830 1475 2910 hominibus
1491 2831 1589 2910 dicte
1605 2829 1711 2923 ville,
1726 2829 1767 2908 in
1779 2859 1929 2938 presen-

503 2963 558 3039 cia
573 2964 727 3070 majoris
747 2979 785 3039 et
796 2962 1016 3069 juratorum
1026 2961 1115 3040 ville
1136 2962 1308 3070 ejusdem
1330 2991 1408 3042 non
1426 2962 1787 3050 contradicendum,
1809 2990 1930 3069 nuper

502 3093 632 3181 illatis,
652 3093 727 3171 visa
744 3093 917 3201 inquesta
930 3120 1000 3201 per
1018 3093 1163 3172 dictum
1180 3093 1362 3173 ballivum
1377 3093 1488 3187 lacta,
1509 3111 1547 3174 et
1561 3094 1699 3172 auditis
1716 3093 1929 3172 nacionibus

500 3225 669 3331 parcium
685 3224 957 3331 predictarum,
972 3251 1042 3330 per
1053 3224 1244 3332 judicium
1258 3230 1378 3315 curie,
1395 3225 1486 3304 dicti
1502 3225 1633 3333 major,
1649 3223 1765 3334 jurati
1780 3243 1818 3302 et
1833 3253 1928 3304 com-

500 3357 631 3434 munia
649 3355 808 3435 domino
824 3357 917 3466 Regi
937 3358 977 3433 in
998 3357 1159 3435 emenda
1179 3357 1426 3436 ducentarum
1448 3355 1633 3436 librarum
1650 3383 1851 3465 partorum
1868 3356 1928 3436 bo

500 3516 638 3565 norum
654 3487 954 3578 Turonensium,
976 3505 1015 3566 et
1029 3487 1142 3566 dictis
1157 3488 1335 3597 injuriam
1350 3489 1466 3596 passis
1481 3488 1521 3566 in
1540 3504 1694 3568 centum
1712 3486 1820 3568 libris
1835 3487 1926 3596 ejus·

501 3616 589 3694 dem
608 3637 762 3696 monete
784 3618 1049 3724 condempnati
1069 3616 1235 3696 luerunt.

558 3749 658 3825 Jovis
676 3764 762 3855 post
782 3747 920 3825 festum
936 3749 1036 3826 beati
1054 3749 1203 3828 Martini
1225 3751 1418 3859 hyemalis.

556 3880 607 3955 M.
629 3878 753 3956 Droco
773 3880 983 3984 reportavit.

556 4144 617 4222 lv.
647 4141 746 4219 Cum
765 4143 865 4220 inter
878 4143 975 4220 cives
986 4144 1144 4235 Tarbie,
1161 4146 1199 4221 in
1218 4146 1389 4254 bigorra,
1405 4177 1445 4224 er
1461 4175 1536 4224 una
1549 4163 1668 4254 parte,
1686 4163 1725 4226 et
1742 4147 1922 4226 senescal-

499 4274 579 4351 lum
597 4292 769 4352 nostrum
784 4275 956 4381 bigorre,
972 4304 1042 4381 pro
1057 4275 1185 4368 nobis,
1205 4277 1393 4372 exaltem,
1411 4279 1663 4358 controversia
1679 4297 1781 4357 mota
1797 4277 1923 4358 fuisset

498 4434 675 4511 supereo
695 4405 801 4512 quod
820 4405 911 4482 dicti
931 4407 1028 4485 cives
1050 4409 1267 4487 asserebant
1284 4410 1389 4516 qarod
1407 4411 1454 4488 de
1479 4439 1576 4488 novo
1600 4411 1723 4489 dictus
1744 4410 1921 4488 senescal-

498 4536 558 4614 lus
576 4554 704 4615 noster
724 4538 925 4645 quamdam
942 4538 1146 4632 bundam,
1167 4559 1334 4620 vocatam
1354 4541 1569 4632 Rabastain,
1592 4561 1812 4620 construere
1832 4543 1922 4620 nite-

447 4747 453 4758 ,
496 4667 609 4744 batur
623 4660 663 4745 et
680 4669 922 4748 construebat
940 4670 982 4747 in
1001 4699 1158 4749 nemore
1176 4690 1304 4750 vocato
1325 4672 1361 4750 le
1381 4675 1504 4762 Loue,
1528 4675 1617 4752 alias
1637 4675 1738 4754 dicto
1759 4674 1920 4753 Cabana·

498 4796 675 4889 Fulhosa,
698 4815 826 4875 contra
850 4828 983 4879 eorum
1003 4802 1147 4910 usagia,
1174 4802 1276 4880 loros
1297 4821 1334 4881 et
1353 4804 1662 4895 consuetudines,
1685 4805 1724 4882 in
1745 4831 1921 4912 magnum

497 4927 751 5034 prejudicium
782 4946 820 5005 et
846 4918 1052 5038 dar'npuum
1084 4933 1329 5027 eorumdem
1356 4937 1457 5015 dicto
1484 4935 1687 5014 senescallo
1714 4937 1754 5015 in
1784 4953 1922 5015 contra·

497 5060 616 5148 rium,
637 5058 811 5166 pluribus
838 5062 958 5140 causis
982 5081 1021 5141 et
1037 5065 1271 5157 nacionibus,
1299 5067 1545 5174 pretendente
1566 5069 1671 5175 quod
1695 5069 1920 5150 constructio
