4450 6209
506 720 580 791 360
1089 716 1179 789 LES
1208 715 1348 789 OLlM.

283 870 412 923 aarum
426 867 468 929 tv,
562 861 653 937 Vlll.
689 860 786 939 Cum
806 859 853 936 ad
872 861 1015 937 curiam
1030 876 1196 936 nomam
1211 858 1462 934 biterrensem
1479 854 1708 964 pervenisset
1722 856 1824 964 quod
1840 860 1925 966 Ray-

345 963 406 1004 ¹³⁰⁹‘
506 992 674 1068 mundus
700 990 880 1081 Gasaudi‚
912 990 1103 1070 Guiardus
1131 991 1179 1066 de
1206 987 1341 1083 Almis‚
1368 988 1541 1065 eonsules
1563 990 1670 1067 castri
1700 988 1749 1066 de
1775 989 1921 1078 Boiano,

508 1152 594 1199 curn
619 1120 792 1227 pluribus
811 1120 892 1198 aliis
912 1120 1188 1199 habitatoribus
1215 1119 1303 1197 dicti
1330 1120 1436 1197 castri
1467 1119 1537 1198 sibi
1567 1119 1772 1209 associatis,
1801 1118 1923 1197 habito

506 1252 665 1329 consilio
685 1269 723 1328 et
741 1268 900 1329 tractatu
920 1280 1007 1328 cum
1029 1252 1251 1329 consiliariis
1271 1251 1361 1327 dicti
1380 1252 1506 1338 castri,
1527 1278 1621 1327 ausu
1639 1252 1857 1338 temerario,
1878 1250 1920 1326 ad

505 1382 707 1491 quamdam
726 1382 1003 1489 possessionem
1021 1410 1087 1459 seu
1107 1382 1294 1459 bonorem
1314 1381 1495 1459 Bernardi
1517 1381 1565 1459 de
1586 1380 1743 1471 Caslari,
1764 1381 1868 1457 sitam
1889 1381 1923 1457 in

505 1514 697 1592 territorio
722 1514 813 1591 dicti
837 1515 962 1606 castri,
992 1530 1246 1603 accesserunt,
1275 1530 1313 1589 et
1337 1512 1480 1590 ibidem
1511 1510 1756 1620 quamplures
1784 1512 1925 1591 arbores

506 1645 715 1723 fructiferas
741 1663 782 1723 et
805 1675 883 1724 uon
912 1645 1138 1737 fructiferas,
1168 1674 1260 1752 quas
1287 1644 1460 1723 dicebant
1490 1644 1710 1721 cheminum
1734 1644 1924 1751 publicum

508 1778 711 1886 impedire,
731 1796 809 1855 tam
830 1807 916 1855 eum
936 1777 1146 1855 cutellessis
1165 1805 1280 1884 quam
1301 1776 1383 1854 aliis
1400 1776 1575 1884 pluribus
1590 1794 1628 1853 et
1646 1776 1802 1853 diversis
1821 1804 1926 1852 arma·

508 1909 621 1999 turis,
636 1909 854 1987 scinderunt
869 1926 908 1985 et
922 1938 1050 1988 secum
1065 1926 1327 2017 portaverunt,
1343 1910 1382 1985 in
1398 1910 1539 2017 grande
1549 1909 1803 2017 prejudicium
1817 1909 1926 2016 etjac-

509 2060 634 2117 turam
650 2040 739 2118 dicti
754 2044 815 2131 B,
831 2042 912 2148 ipso
930 2041 1049 2119 inscio
1065 2058 1103 2117 et
1122 2041 1338 2150 ignorante,
1351 2068 1497 2118 necnon
1516 2041 1555 2117 in
1573 2058 1833 2147 contemptum
1848 2070 1925 2118 nos·

509 2189 566 2249 tre
582 2173 684 2281 regie
698 2173 909 2279 potestatis,
928 2200 1015 2249 cum
1031 2171 1133 2249 istud
1150 2171 1198 2247 ad
1213 2170 1383 2249 officium
1402 2189 1528 2249 nostre
1545 2171 1697 2280 justicie
1712 2171 1924 2278 pertineret3

510 2331 625 2409 super
643 2303 784 2411 quibus
803 2304 906 2381 curia
925 2320 1052 2381 nostra
1071 2303 1256 2411 predicta,
1278 2330 1345 2380 seu
1369 2304 1486 2411 judex
1507 2320 1633 2381 noster
1651 2303 1871 2380 Biterrensis
1890 2333 1927 2379 ex

511 2434 635 2513 officio
662 2462 733 2513 suo
757 2434 976 2543 inquisivit3
1001 2435 1068 2541 qui
1088 2434 1224 2543 judex,
1246 2428 1488 2541 procuratore
1516 2452 1645 2513 nostro
1669 2454 1843 2543 presente
1867 2462 1927 2543 pro

511 2564 639 2654 nobis,
655 2594 699 2643 ex
712 2596 789 2643 una
802 2582 919 2674 parte,
937 2583 975 2643 et
990 2566 1109 2643 eciam
1126 2564 1236 2643 dietis
1246 2564 1467 2643 consulibus
1475 2566 1731 2672 presentibus,
1748 2596 1790 2645 ex
1806 2566 1926 2656 altera,

510 2698 598 2776 visis
617 2716 656 2773 et
675 2698 877 2804 diligenter
900 2697 1079 2803 inspectis
1098 2697 1222 2775 tocius
1243 2696 1414 2804 inqueste
1435 2725 1549 2803 super
1567 2696 1641 2776 hoc
1661 2696 1756 2775 facte
1776 2700 1926 2785 meritis,

512 2829 634 2907 dictos
650 2828 837 2917 consules,
855 2846 911 2917 et,
929 2858 996 2936 per
1011 2856 1077 2907 eos
1092 2829 1375 2907 universitatem
1393 2827 1483 2905 dicti
1500 2827 1591 2920 loci,
1609 2829 1648 2905 in
1663 2830 1817 2938 triginta
1833 2829 1929 2907 libris

513 2960 801 3037 Turonensibus
820 2958 927 3038 fortis
949 2978 1120 3050 monete,
1141 2962 1268 3051 nobis,
1296 2961 1572 3069 praemanda,
1596 2980 1634 3039 et
1657 2962 1758 3040 dicto
1783 2964 1843 3051 Β..
1869 2992 1929 3069 pro

515 3091 690 3200 dampnis
714 3093 812 3184 suis,
837 3092 876 3168 in
900 3093 1056 3201 triginta
1080 3094 1212 3171 solidis
1231 3094 1517 3171 Turonensibus
1545 3094 1822 3171 sentencialiter
1851 3124 1931 3173 eon-

515 3223 746 3331 dempnavit;
766 3252 872 3332 aqua
886 3226 1077 3303 sentencia
1091 3225 1182 3302 dicti
1199 3225 1373 3302 consules
1390 3225 1438 3302 ad
1453 3226 1699 3303 senescallum
1717 3224 1931 3305 Carcassone

515 3355 750 3462 appellarunt
764 3390 775 3447 ς
792 3358 858 3462 qui
874 3357 1116 3448 senescallus,
1139 3358 1179 3435 in
1194 3386 1303 3434 causa
1321 3356 1418 3434 dicte
1440 3348 1706 3464 appellacionis
1719 3360 1929 3465 procedens,

428 3480 433 3487 ’
514 3488 774 3593 pronunciavit
796 3489 939 3565 dictum
961 3490 1132 3596 judicem
1158 3489 1426 3580 Biterrensem,
1453 3507 1637 3595 quantum
1661 3489 1709 3568 ad
1734 3490 1853 3570 dictos
1874 3492 1933 3569 tri-

516 3620 617 3726 ginta
632 3619 791 3709 sobdos,
808 3618 908 3696 bene
919 3620 1204 3725 pronunciasse,
1224 3638 1262 3696 et
1277 3619 1397 3698 dictos
1412 3620 1587 3699 consules
1605 3621 1702 3698 male
1720 3623 1930 3729 appellasse;

518 3768 554 3826 et
564 3810 573 3837 ,
585 3753 674 3855 quia
686 3750 758 3827 sibi
768 3752 890 3827 visum
899 3748 971 3828 fuit
983 3752 1088 3858 quod
1099 3751 1362 3859 dictusjudex‚
1378 3752 1416 3827 in
1430 3750 1567 3828 minori
1581 3780 1726 3829 summa
1736 3753 1861 3843 nobis,
1871 3782 1932 3862 pro

518 3882 696 3969 emenda,
714 3883 1052 3988 condempnaverat
1070 3882 1191 3963 dictos
1211 3882 1383 3960 consules
1402 3911 1515 3989 quam
1537 3882 1711 3976 deberet,
1728 3884 1768 3960 in
1791 3903 1934 3963 centum

519 4011 624 4089 libris
648 4015 934 4092 Turonensibus
953 4015 1089 4092 dandis
1109 4032 1147 4091 et
1167 4014 1357 4091 solvendis
1374 4014 1485 4091 nobis
1509 4014 1660 4093 eosdem
1681 4015 1937 4124 comdempna-

519 4144 585 4232 vit,
607 4144 839 4222 sentenciam
858 4146 1018 4252 predicti
1032 4144 1172 4254 judicis
1196 4146 1236 4222 in
1261 4146 1496 4253 septuaginta
1516 4146 1707 4223 dumtaxat
1727 4146 1834 4224 libris
1853 4177 1937 4256 aug-

519 4278 748 4368 mentando,
775 4306 889 4383 aqua
908 4278 1064 4385 quidem
1089 4276 1278 4354 sentencia
1308 4275 1399 4353 dicti
1420 4276 1594 4353 consules
1615 4274 1661 4355 ad
1687 4295 1853 4356 nostram
1877 4308 1937 4357 au-

520 4398 704 4485 dienciam
726 4408 987 4517 appellarunt:
1007 4412 1049 4485 ln
1071 4439 1146 4515 qua
1171 4436 1281 4484 causa
1298 4407 1581 4515 appellacionis,
1605 4408 1692 4487 visis
1716 4416 1785 4516 'per
1803 4410 1938 4487 curiam

520 4558 685 4617 nostram
710 4540 948 4646 processibus
967 4540 1208 4648 supradictis,
1230 4539 1357 4617 habita
1382 4538 1659 4617 deliberacione
1680 4541 1784 4646 quod
1810 4570 1880 4618 nec
1898 4540 1941 4618 ad

521 4670 640 4747 dictos
656 4666 829 4750 consules
843 4700 913 4750 nec
923 4673 972 4750 ad
987 4672 1208 4750 carrerarios
1224 4700 1292 4779 per
1307 4698 1372 4749 eos
1387 4671 1544 4761 electos,
1562 4672 1632 4750 nisi
1647 4672 1695 4749 de
1711 4671 1867 4750 licencia
1881 4702 1939 4751 su-

521 4800 695 4906 perion's,
717 4802 836 4882 immo
855 4805 979 4883 solum
1000 4804 1047 4882 ad
1067 4832 1136 4881 nos
1157 4832 1224 4881 seu
1245 4803 1292 4880 ad
1318 4820 1466 4882 nostros
1485 4800 1663 4881 officiales
1686 4806 1842 4882 nomine
1862 4832 1940 4881 nos·

519 4949 595 5022 tro,
617 4930 750 5009 incisio
770 4964 838 5012 seu
858 4936 1004 5014 amocio
1022 4963 1151 5013 rerum
1168 4935 1239 5010 iter
1252 4933 1447 5041 publicum
1469 4933 1765 5042 impediendum
1787 4934 1940 5013 dinosci-

518 5080 583 5139 tur
604 5065 809 5171 pertinere,
831 5094 906 5174 que
929 5067 1087 5145 licencia
1109 5066 1314 5173 superioris
1339 5092 1407 5172 per
1427 5066 1547 5145 dictos
1572 5066 1746 5146 consules
1766 5065 1936 5175 legittime
