4450 6209
748 737 1021 850 sacoaras
1045 756 1110 831 ar
1135 737 1343 833 uaccas.
1460 837 1463 844 ,
1585 763 1592 769 ·
1688 719 1818 834 rar

332 923 519 979 mosara.
533 896 670 978 Actum
683 898 785 1007 apud
799 898 1022 992 Pisaurum,
1035 901 1150 981 Lune-
1159 918 1246 978 ante
1264 897 1494 980 nativitatem
1507 899 1609 981 beati
1621 900 1761 982 Johau·
1796 913 1927 970 esaan
1940 911 1984 978 tv.

331 1030 577 1138 nisbaptiste.
1858 1003 1922 1049 'm

317 1219 319 1221 »
389 1163 597 1272 Negaretus
614 1161 731 1242 micbi
750 1161 855 1242 dixit.

389 1421 479 1504 llll.
509 1425 626 1515 Cum,
639 1453 712 1532 pro
722 1425 983 1538 attenuacicne
998 1425 1119 1504 debiti
1134 1426 1174 1502 in
1187 1453 1265 1532 qno
1277 1424 1389 1506 nobis
1401 1443 1629 1506 mercatores
1646 1426 1694 1506 de
1706 1455 1763 1507 so·

331 1557 465 1636 rictate
484 1556 778 1667 Magna-Tabula
799 1557 970 1638 defuncti
985 1556 1148 1636 Rolandi
1165 1557 1457 1666 Bon-Scigncur,
1476 1559 1695 1638 mercatoris
1715 1558 1762 1638 de

332 1689 431 1769 Sana
448 1704 643 1780 tenentur,
655 1689 734 1797 ipsi
749 1688 862 1770 nobis
879 1690 978 1768 inter
997 1707 1121 1768 cetera
1135 1689 1380 1768 tradidissent
1396 1689 1650 1798 obligacioncs
1668 1691 1764 1770 duo-

330 1847 416 1899 rum
431 1819 597 1899 millium
606 1837 646 1900 et
658 1821 1023 1932 quadringentarum
1039 1820 1223 1900 librarum
1243 1821 1545 1911 Turonensium,
1565 1821 1607 1899 iu
1623 1821 1763 1928 quibus

200 1951 208 1962 ’
331 1950 509 2030 dicabant
524 1951 699 2030 abbatem
717 1969 755 2030 et
771 1968 997 2032 conventum
1019 1952 1067 2030 de
1088 1952 1273 2061 Cerescyo
1293 1951 1366 2031 sibi
1380 1953 1522 2042 teneris
1539 1969 1614 2031 ete
1632 1969 1763 2031 contra

330 2081 420 2162 dicti
431 2083 598 2192 religiosi
614 2103 870 2191 proponerent
880 2111 922 2164 sc
934 2085 983 2162 ad
993 2082 1153 2191 plenum
1165 2081 1386 2162 satisfecisse
1398 2084 1671 2163 mercatoribus
1682 2111 1763 2193 pre

329 2213 441 2296 dictis
455 2217 504 2295 dc
519 2215 680 2325 pecunia
695 2217 928 2323 supradicta:
944 2216 1134 2310 Tandem,
1151 2216 1292 2296 auditis
1307 2216 1498 2314 dictam
1511 2233 1762 2296 mercatorum

329 2365 369 2428 et
382 2363 514 2427 nostm
530 2347 852 2455 procuratoribus,
870 2365 909 2427 ct
924 2347 1012 2426 visis
1026 2347 1164 2426 litteris
1180 2362 1218 2425 et
1234 2347 1475 2455 processibus
1493 2349 1662 2456 parcium
1677 2374 1762 2454 pre-

329 2478 535 2570 dictarum,
554 2507 624 2586 per
641 2480 746 2558 curie
765 2497 895 2560 nostre
908 2479 1116 2588 judicium,
1137 2478 1429 2586 pronunciatum
1449 2478 1525 2557 fuit
1542 2478 1664 2557 dictos
1680 2477 1763 2556 reli-

328 2609 454 2719 giosos
475 2611 653 2719 probasse
679 2641 720 2692 se
739 2611 891 2719 plenam
916 2609 1207 2689 satisfactionem
1230 2609 1361 2690 facisse
1385 2607 1657 2689 mercatoribus
1675 2637 1762 2716 prc-

330 2739 441 2820 dictis
455 2742 505 2820 de
518 2743 678 2851 pecarnia
695 2744 924 2850 supradicta,
941 2741 1139 2850 dictosque
1157 2740 1354 2852 religiosos
1372 2769 1452 2821 non
1467 2769 1548 2822 esse
1562 2767 1677 2847 super
1690 2741 1762 2820 hoc

331 2872 494 2982 amplius
509 2873 778 2954 molestandos.

385 3004 486 3085 loris
504 3023 594 3114 post
610 3004 842 3086 nativitatem
860 3004 962 3086 beati
979 3003 1354 3112 lobannis-Bapm'ste.

387 3269 478 3350 LIV.
508 3270 550 3346 ln
570 3297 679 3348 causa
697 3267 966 3377 appellacionis
985 3269 1085 3346 inter
1103 3265 1430 3374 archiepiscopum
1446 3263 1758 3362 Narbonnensom

332 3416 641 3509 ctpoeceptorem
658 3402 707 3479 de
718 3401 888 3480 Petrosio
905 3401 948 3478 in
957 3399 1151 3478 auditorio
1166 3395 1473 3490 senescaliarum,
1489 3394 1590 3473 visus
1604 3411 1665 3473 cst¹
1673 3421 1761 3501 pro—

332 3559 459 3610 cassus
471 3549 511 3611 et
522 3533 736 3642 expeditus,
749 3548 867 3640 prout
877 3531 1097 3612 continetur
1111 3531 1153 3609 in
1167 3527 1245 3608 fine
1259 3527 1377 3608 rotuli
1394 3527 1510 3638 bujus
1522 3525 1757 3635 parlamenti.

622 4035 1136 4152 monasticarum
1167 4032 1474 4123 raocsssos
1605 4070 1609 4082 -

369 4283 528 4336 tomcart
557 4283 591 4335 ΙΝ
620 4281 795 4348 scottum
824 4274 1058 4332 Pausatttttt'to
1088 4273 1300 4330 OG'leARUbl
1330 4269 1717 4334 ouillum-sanctonum,

845 4491 937 4538 ΔΙΜ
957 4491 1089 4536 ῠΟΙῙΙΙ
1110 4489 1251 4534 ΙῦΩΟΠ.

389 4720 416 4798 l.
446 4719 623 4826 lnqucsta
648 4715 744 4794 facta
765 4742 836 4822 pro
862 4708 1100 4792 vicedomino
1131 4706 1287 4786 ecclesie
1309 4703 1522 4796 Remcnsis,
1541 4731 1611 4814 pro
1636 4704 1763 4815 judeis

336 4853 420 4961 ejus
437 4848 665 4959 originariis,
683 4847 761 4925 visa
776 4844 864 4934 luit,
887 4861 926 4922 et
938 4870 1019 4921 nou
1032 4839 1106 4920 luit
1115 4838 1285 4950 judicata
1302 4855 1459 4989 prppter
1477 4835 1648 4917 delectus
1664 4835 1705 4914 in
1719 4865 1761 4915 ea

337 4999 514 5090 reperta.

393 5111 546 5194 Sabbati
563 5129 650 5221 post
667 5045 1074 5192 Sanctum-Martinam
1091 5104 1315 5216 hyemalem.

1582 5259 1631 5324 als.
