4450 6209
514 710 587 791 ttt
854 780 885 807 ,,
1090 712 1181 789 LES
1213 708 1353 789 OLIM.

284 868 472 929 sanserit.
511 857 702 946 tulissem,
721 856 889 963 partibus
903 855 1082 963 predictis
1095 856 1354 963 presentibus,
1373 882 1448 963 qne
1468 872 1591 961 partes
1606 850 1744 933 dictam
1763 880 1931 962 pronun·

348 960 411 1004 Μ’
512 989 716 1067 ciacionem
736 986 963 1064 arbitrorum
987 987 1265 1093 predictorum,
1287 1004 1330 1063 ut
1349 986 1556 1078 dicebatur,
1579 984 1879 1092 approbaverunt
1897 1004 1931 1065 et

512 1119 817 1227 emologaverunt
834 1146 1025 1225 expresse,
1045 1136 1160 1225 prout
1178 1117 1250 1196 hcc
1271 1120 1309 1196 in
1330 1118 1598 1207 instrumento,
1621 1144 1735 1225 super
1753 1117 1828 1195 hiis
1845 1146 1931 1195 con·

510 1250 624 1339 lecto,
640 1250 737 1327 inter
748 1266 829 1327 acta
843 1249 941 1327 dicte
955 1277 1066 1329 cause
1080 1250 1240 1337 inserto,
1255 1248 1404 1356 plenius
1419 1265 1508 1328 sunt
1521 1276 1707 1355 expressa3
1722 1276 1765 1325 ac
1778 1249 1930 1326 demum

510 1382 633 1460 dictus
644 1381 747 1459 Otho
760 1399 888 1459 nostre
903 1381 1007 1458 curie
1021 1381 1265 1487 supplicasset
1276 1396 1320 1457 ut
1333 1380 1559 1463 scriberetur
1572 1408 1593 1455 a
1606 1381 1717 1458 nohis
1730 1380 1930 1459 senescallo

508 1512 724 1590 Tholosano
740 1530 783 1589 ut
798 1512 941 1588 dictum
955 1510 1177 1618 hujusmodi
1194 1512 1247 1588 sic
1258 1508 1461 1616 prolatum,
1480 1528 1550 1587 eta
1566 1510 1675 1587 dictis
1687 1511 1860 1617 partibus
1873 1538 1933 1617 ap·

507 1642 730 1748 probatum,
747 1642 962 1719 execucioni
976 1640 1104 1719 debite
1119 1642 1379 1731 demandaret,
1394 1640 1465 1719 nisi
1482 1670 1590 1719 causa
1599 1639 1839 1719 racionabilis
1853 1641 1932 1719 sub

508 1773 658 1851 sisteret
669 1801 786 1879 quare
801 1773 875 1849 hoc
895 1771 1016 1848 lacere
1036 1800 1115 1849 non
1127 1770 1301 1863 deberet3
1318 1772 1384 1878 qui
1400 1771 1557 1878 quidem
1570 1770 1814 1863 senescallus,
1832 1798 1932 1849 voca·

508 1905 556 1983 tis
579 1919 618 1981 et
637 1904 940 2009 comparentibus
960 1928 1086 1979 coram
1110 1928 1150 1980 se
1171 1902 1280 1981 dictis
1304 1902 1493 2009 partibus,
1514 1902 1678 2013 decreuit
1697 1902 1843 1981 dictum
1869 1930 1953 2003 seu

511 2034 793 2113 ordinacionem
814 2034 1019 2141 predictam
1037 2035 1226 2113 dictorum
1247 2032 1473 2112 arbitrorum
1493 2052 1621 2112 contra
1640 2032 1830 2122 consules,
1853 2036 1933 2113 uni·

511 2166 722 2245 versitatem
739 2183 780 2242 et
796 2165 969 2245 homines
988 2166 1239 2272 supradictos,
1258 2166 1397 2244 dehere
1416 2166 1629 2244 execucioni
1651 2165 1840 2257 mandari,
1857 2196 1932 2274 pre·

510 2297 639 2375 sertim
658 2328 762 2385 cum,
783 2314 950 2405 exparte
970 2297 1159 2375 dictorum
1177 2298 1392 2387 consulum,
1409 2296 1659 2376 universitatis
1679 2314 1716 2375 et
1733 2296 1929 2375 hominum

511 2429 611 2507 dicte
624 2429 710 2507 ville
724 2430 926 2521 Salvitatis,
942 2428 1059 2507 nichil
1075 2429 1302 2507 racionabile
1316 2446 1592 2537 proponeretur
1607 2454 1732 2507 coram
1752 2454 1798 2506 eo
1820 2454 1931 2537 quare

510 2561 731 2668 hujusmodi
752 2562 925 2639 execucio
938 2552 1022 2637 lieri
1041 2589 1118 2639 non
1134 2561 1310 2649 deberet3
1325 2590 1345 2639 a
1360 2589 1433 2668 qua
1448 2561 1766 2668 pronunciacione
1785 2587 1853 2637 seu
1871 2559 1932 2637 de-

511 2710 613 2770 creto
632 2721 700 2798 per
718 2693 819 2798 ipsos
833 2689 1030 2781 ¹consules,
1048 2692 1329 2769 universitatem
1347 2711 1384 2769 et
1399 2693 1573 2770 homines
1588 2692 1687 2770 dicte
1707 2690 1795 2769 ville
1816 2692 1933 2769 extitit

511 2823 559 2899 ad
580 2840 744 2899 nostram
766 2822 907 2899 curiam
927 2821 1174 2928 appellatun13
1190 2840 1228 2900 ct
1247 2852 1393 2901 causam
1413 2820 1677 2930 appellacionis
1697 2822 1930 2929 hujusmodi,

513 2952 562 3029 de
581 2981 766 3030 consensu
784 2952 968 3030 dictarum
983 2932 1169 3059 parcium,
1184 2954 1500 3033 commisissemus
1516 2952 1744 3032 audiendam
1759 2954 1933 3060 magistro

513 3084 669 3189 Symoni
695 3084 823 3171 Suavi,
846 3084 986 3162 cantori
1010 3084 1215 3193 Agonensi,
1238 3085 1447 3163 secundum
1467 3086 1643 3163 articulos
1667 3086 1831 3193 ipsarum
1852 3112 1933 3193 par·

513 3215 614 3293 cium
634 3215 738 3292 curie
756 3232 883 3293 nostre
902 3245 924 3293 a
943 3218 1054 3295 dictis
1072 3216 1244 3324 partibus
1263 3217 1437 3305 traditos,
1459 3216 1730 3295 committendo
1751 3217 1869 3293 eciam
1889 3216 1934 3293 ei-

513 3345 601 3425 dem
616 3348 757 3425 cantori
773 3364 817 3424 ut
832 3373 946 3454 super
960 3348 1013 3426 eis
1032 3365 1072 3425 et
1088 3377 1130 3426 ea
1145 3348 1386 3460 tangentibus
1405 3348 1613 3456 inquireret
1632 3374 1717 3425 cum
1739 3348 1934 3455 diligencia

512 3477 723 3566 veritatem,
741 3498 778 3556 et
792 3480 1004 3587 inquestam
1018 3510 1131 3587 quam
1147 3470 1262 3588 super
1275 3480 1349 3557 hiis
1361 3479 1515 3573 laceret,
1531 3498 1569 3557 et
1582 3496 1704 3558 totum
1718 3477 1933 3586 hujusmodi

506 3611 712 3717 ,negocium
732 3610 961 3688 sufficienter
982 3611 1223 3717 inquisitum,
1239 3612 1291 3687 ita
1312 3611 1417 3718 quod
1436 3638 1513 3689 non
1529 3627 1685 3688 restaret
1703 3609 1775 3687 nisi
1796 3626 1935 3687 seuten-

514 3740 569 3815 cia
588 3738 759 3826 serenda,
776 3758 903 3815 nostre
923 3742 1044 3830 curie,
1063 3740 1135 3826 sub
1154 3770 1223 3819 suo
1244 3742 1378 3849 sigillo,
1395 3742 1604 3819 remitteret
1618 3741 1798 3818 inclusam
1813 3770 1821 3816 ε
1839 3740 1934 3818 Tan·

515 3870 618 3958 dem,
640 3871 727 3945 visis
744 3867 967 3976 hujusmodi
982 3868 1154 3975 inquesta
1169 3886 1207 3946 et
1219 3886 1300 3948 toto
1321 3901 1499 3977 processu
1515 3872 1603 3950 dicti
1621 3872 1788 3979 magistri
1810 3872 1936 3979 Symo-

514 4001 573 4077 nis
592 4028 706 4105 super
724 4000 797 4077 hiis
813 3998 934 4087 lactis,
950 4015 988 4075 et
1000 4000 1150 4079 attentis
1167 4003 1346 4081 omnibus
1366 4030 1440 4109 que
1462 4000 1557 4078 circa
1574 4002 1752 4108 premissa
1772 4018 1932 4081 nostram

515 4132 656 4210 curiam
678 4160 828 4209 movere
842 4148 1014 4238 poterant
1027 4149 1065 4208 ct
1080 4132 1286 4223 debebant,
1304 4162 1372 4238 per
1387 4129 1491 4211 curie
1512 4152 1637 4212 nostre
1655 4134 1843 4239 judicium
1861 4134 1934 4211 dic-

514 4280 596 4343 tum
609 4261 682 4339 luit
689 4262 879 4369 predictos
894 4262 1079 4354 consules,
1092 4264 1372 4342 universitatem
1388 4264 1611 4342 ethnmines
1624 4265 1721 4342 male
1737 4264 1934 4370 appellasse

515 4414 553 4472 et
573 4394 716 4472 dictum
736 4392 980 4473 senescallum
999 4395 1098 4472 benc
1113 4375 1320 4501 judicasse,
1343 4413 1381 4474 et
1400 4396 1542 4475 dictum
1568 4424 1634 4473 seu
1657 4396 1932 4473 ordinacionem

514 4525 771 4630 predictorum
780 4525 1133 4633 arbitmrum,juxta
1141 4542 1312 4603 tenorem
1325 4526 1563 4605 instrumenti
1573 4526 1732 4633 predicti
1747 4529 1936 4633 superhoc
2028 4627 2032 4635 Ι

516 4656 693 4748 conlecti,
713 4658 851 4735 debere
869 4656 1086 4735 etecucioni
1102 4656 1333 4734 demandari.
1349 4660 1460 4747 Item,
1475 4658 1617 4737 dictum
1633 4658 1705 4735 suit
1719 4659 1824 4767 quod
1842 4686 1936 4735 arre-

517 4788 630 4893 ragia,
649 4817 692 4863 ex
708 4790 886 4893 predictis
906 4806 1115 4897 perceptas
1132 4806 1303 4895 ternpore
1326 4789 1423 4867 dicte
1441 4788 1705 4896 appellacionis
1725 4790 1931 4897 interjecto,

518 4916 759 4994 restituentur
776 4919 946 5025 predicto
966 4920 1110 4999 Othoni
1130 4950 1150 4997 a
1169 4920 1400 5010 consulibus,
1415 4922 1651 4998 universitate
1669 4937 1706 4998 et
1721 4920 1935 4997 hominihus
2045 4974 2056 5003 ,

517 5044 603 5124 ville
625 5045 809 5126 salvitatis
823 5050 1002 5155 predicte.
