4450 6209
527 738 574 813 52
1109 742 1201 817 LES
1230 740 1373 817 Olel.

289 892 420 947 P¹¹¹¹·¹t¹’¹
441 888 486 954 tv,
583 884 708 967 XVIII.
739 884 838 963 Cum
853 910 897 960 ex
911 899 1017 989 perte
1032 880 1160 961 dilecti
1175 900 1214 961 et
1226 880 1352 961 fidelis
1366 886 1484 963 nostri
1497 882 1649 965 comitis
1663 884 1831 965 blembis
1844 888 1952 967 nobis

361 984 425 1029 m
529 1016 741 1123 expositum
768 1014 900 1095 luisset
922 1014 1029 1121 quod
1046 1014 1237 1093 Iohannes
1261 1014 1310 1093 de
1330 1014 1686 1127 Sancto-Dyonisio,
1713 1016 1842 1106 miles,
1862 1036 1951 1097 tnnc

526 1147 756 1227 senescallus
780 1159 909 1225 noster
929 1145 1171 1235 Pictavensis,
1191 1144 1302 1253 plura
1327 1146 1539 1254 gravamina
1563 1162 1601 1225 et
1626 1146 1789 1255 dampna
1810 1146 1950 1273 injuste

525 1278 705 1357 intulerat
724 1277 866 1367 eidem,
886 1276 1072 1355 barrerias
1087 1278 1272 1384 quasdam
1294 1277 1437 1357 dirutas
1453 1277 1494 1364 in
1511 1276 1599 1355 villa
1612 1278 1838 1357 Datimtensi
1855 1278 1950 1359 rele-

524 1410 645 1489 vando
661 1411 701 1487 io
720 1408 976 1517 prejudicium
995 1409 1131 1488 saisina
1152 1426 1191 1491 et
1204 1409 1303 1517 juris
1318 1409 1409 1489 dicti
1424 1410 1591 1499 comitis,
1612 1424 1651 1487 et
1664 1434 1711 1489 eo
1729 1436 1807 1489 non
1824 1428 1950 1498 vocato

525 1559 564 1624 et
583 1568 647 1619 eas
666 1542 715 1621 de
729 1541 844 1621 bosco
865 1558 904 1619 et
921 1540 1137 1621 redditibus
1150 1540 1242 1619 dicti
1262 1540 1411 1621 comitis
1430 1540 1536 1619 refici
1551 1538 1743 1632 faciendo,
1760 1540 1949 1647 pendente

524 1674 642 1751 eciam
670 1672 738 1751 lite
762 1702 877 1780 super
904 1672 1049 1751 eisdem
1073 1672 1253 1753 berneriis
1278 1672 1547 1753 interdictum
1576 1672 1756 1752 comitem
1781 1690 1819 1751 et
1840 1671 1950 1753 ebba-

521 1824 600 1884 tem
618 1824 657 1884 et
671 1804 878 1913 capitulum
892 1804 1162 1895 Dauratensess
1180 1804 1288 1897 item,
1307 1832 1525 1911 processum
1541 1803 1738 1913 cujusdem
1757 1804 1947 1912 inquere,

524 1936 750 2044 complende
769 1964 841 2043 pro
858 1936 960 2013 dicto
977 1936 1115 2015 comite
1135 1952 1264 2014 contra
1281 1934 1486 2043 quemdam
1507 1936 1752 2025 servientem,
1767 1934 1947 2043 gardinto-

523 2097 621 2159 rem,
644 2084 683 2147 et
700 2068 886 2175 quosdam
905 2067 1113 2147 monachos
1131 2066 1350 2147 monasterii
1376 2066 1623 2156 Karoffensis,
1644 2064 1816 2145 indebite
1835 2080 1949 2145 retar-

523 2200 652 2279 dando
671 2218 828 2309 propter
841 2199 1086 2291 donaciones,
1102 2198 1374 2306 promissiones
1391 2214 1432 2277 et
1446 2197 1740 2279 subornacioncs
1756 2197 1803 2277 ab
1818 2196 1947 2279 abbate

523 2351 563 2411 et
575 2349 763 2411 conventu
780 2331 1072 2411 Karrolensibus
1084 2330 1198 2409 lectas
1218 2330 1343 2409 eidem
1365 2332 1589 2423 senescallo;
1607 2360 1722 2441 super
1739 2332 1894 2438 quibus,
1909 2332 1947 2409 in

522 2464 687 2571 quadam
712 2463 847 2543 cedula
866 2463 938 2541 sub
957 2480 1088 2543 nostro
1108 2462 1245 2541 clausis
1269 2462 1541 2571 contrasigillo,
1564 2464 1613 2542 ad
1634 2462 1947 2571 supplicacionem

523 2613 561 2673 et
573 2595 795 2675 instanciam
807 2595 896 2675 dicti
908 2594 1072 2684 comitis,
1089 2594 1201 2673 certis
1216 2593 1455 2673 auditoribus
1467 2623 1489 2672 a
1501 2594 1612 2673 nobis
1628 2594 1836 2701 deputatis,
1853 2624 1948 2675 vocs·

520 2728 568 2805 tis
583 2727 799 2820 evocandis,
818 2728 1080 2807 mandavimus
1095 2726 1299 2833 diligenter
1314 2725 1476 2833 inquiris
1494 2754 1539 2803 ex
1552 2727 1708 2805 adverso
1722 2744 1867 2817 autem,
1881 2758 1946 2835 pro

522 2860 624 2937 dicto
646 2857 871 2947 senescallo,
890 2886 1016 2935 coram
1037 2857 1147 2935 dictis
1166 2856 1403 2937 auditoribus
1426 2858 1661 2965 propositum
1682 2858 1803 2937 extitit
1823 2860 1943 2966 quod,

522 2990 660 3067 virtute
675 2972 951 3067 commissionis
966 2987 1153 3095 predicte,
1168 2989 1374 3094 procedere
1389 3016 1466 3067 non
1482 2988 1688 3079 debebant,
1706 3006 1861 3096 propter
1877 2992 1946 3071 boe

522 3121 629 3229 quod
649 3120 749 3199 dicta
770 3119 1003 3212 commissio,
1024 3120 1178 3197 veritate
1197 3120 1326 3214 tacita,
1353 3118 1477 3199 luerat
1495 3120 1707 3228 impetrata,
1729 3148 1818 3199 nam
1836 3122 1944 3231 quid

523 3253 618 3361 quid
637 3252 762 3331 dictus
776 3251 1004 3333 senescallus
1018 3251 1173 3340 lecerat,
1191 3252 1238 3333 de
1256 3252 1436 3358 predictis
1449 3251 1642 3342 baneriis,
1662 3252 1816 3345 bremt,
1835 3272 1944 3361 prout

521 3386 773 3495 proponebat,
799 3386 848 3465 de
873 3385 1024 3494 speciali
1043 3386 1222 3467 mandato
1243 3402 1373 3465 nostro
1398 3414 1513 3495 super
1536 3387 1609 3464 hoe
1633 3386 1704 3465 sibi
1724 3386 1889 3474 directo,
1911 3404 1945 3465 et

520 3537 752 3625 processerat
775 3536 907 3597 vocato
926 3519 974 3597 ad
998 3518 1074 3597 hoc
1099 3519 1202 3598 dicto
1225 3519 1364 3599 comite
1390 3534 1428 3597 et
1446 3518 1544 3627 juris
1569 3518 1703 3597 ordine
1733 3517 1942 3606 observatos

520 3652 660 3758 quibus
679 3668 719 3729 et
741 3651 823 3729 aliis
849 3650 1026 3757 pluribus
1050 3650 1265 3731 racionibus
1287 3650 1479 3757 predicto
1502 3650 1708 3729 senescallo
1726 3650 1940 3757 propositis,

520 3782 590 3886 ipsi
608 3780 815 3872 auditores,
832 3810 854 3858 n
872 3779 983 3858 nobis
1000 3781 1186 3887 deputati,
1208 3781 1345 3861 virtute
1365 3781 1639 3862 commissionis
1651 3780 1721 3859 sibi
1740 3782 1882 3861 directe
1899 3778 1942 3859 ad

521 3910 795 4017 inquirendum
818 3911 1091 3991 nichilominus
1108 3929 1395 4020 processerunt:
1408 3914 1495 3995 Visa
1512 3913 1627 4020 igitur
1646 3912 1818 4023 inquesta
1834 3938 1942 4019 super

521 4041 714 4146 premissis
723 4041 833 4133 laeta,
844 4044 983 4122 auditis
993 4044 1111 4123 eciam
1123 4044 1590 4152 deposicionibustestium
1601 4045 1803 4151 utriusque
1812 4043 1939 4150 pullo.

520 4188 559 4251 ct
574 4175 754 4253 omnibns
768 4174 840 4253 rite
856 4176 963 4266 actis,
980 4177 1272 4283 pronunciatum
1289 4176 1377 4265 fuit,
1394 4204 1463 4282 per
1478 4177 1582 4255 curie
1598 4192 1725 4255 nostre
1735 4175 1938 4284 judicium,

520 4305 665 4384 dictum
690 4306 869 4385 comitem
898 4308 1156 4389 intencionem
1176 4322 1300 4399 suam,
1328 4336 1441 4415 super
1467 4308 1576 4387 dictis
1605 4308 1885 4416 gravaminibus
1908 4324 1942 4385 ct

519 4436 710 4543 dampnis,
728 4438 873 4547 abipso
893 4440 1184 4519 contradictum
1202 4439 1451 4519 senescallum
1469 4439 1687 4547 propositis,
1705 4440 1939 4547 inquantum

518 4568 722 4675 tangebant
746 4570 872 4676 ipsum
895 4570 1093 4661 comitem,
1117 4599 1195 4650 non
1219 4571 1417 4678 probasses
1443 4586 1482 4649 et
1508 4571 1558 4651 ob
1591 4572 1664 4649 hoc
1689 4570 1793 4649 idem
1816 4598 1937 4651 senes·

517 4698 635 4777 sallus
648 4699 721 4778 luit
735 4728 849 4808 super
866 4701 958 4792 biis,
974 4717 1162 4809 quantum
1176 4702 1379 4813 tangebant
1394 4702 1518 4809 ipsum
1533 4703 1727 4796 comitem,
1749 4731 1818 4809 per
1837 4703 1936 4783 idem

518 4830 620 4906 curie
637 4848 765 4909 nostre
780 4831 969 4940 judicium
987 4832 1194 4915 absolutus.

573 4961 702 5039 Martis
720 4981 807 5069 post
824 4962 1083 5045 Candelosam.
