4450 6209
710 672 978 782 evonenus
1002 692 1066 763 nv
1093 671 1301 764 proces.
1697 692 1720 762 e

296 832 419 931 dietis
427 846 480 925 et,
504 832 578 911 hec
593 830 709 923 seete,
731 832 854 938 prisie
851 827 1083 979 hujusmodi
1100 836 1276 914 ettotum
1290 831 1473 909 debatum
1490 848 1655 939 ponetur
1674 830 1723 908 ud
1760 840 1948 902 Percutetv

295 992 453 1047 menum
475 979 662 1053 nostram,
682 980 863 1069 nuquam
887 962 1109 1071 superioris,
1135 979 1176 1039 et
1196 990 1265 1069 per
1288 990 1445 1039 manum
1467 980 1636 1041 nostram
1655 960 1723 1039 fiet

297 1094 407 1173 dictis
420 1092 607 1203 religiosis
619 1092 861 1173 recredencia
874 1092 921 1171 de
940 1094 1064 1201 prisiis
1085 1094 1298 1186 antedictis,
1317 1112 1357 1171 et
1369 1094 1630 1172 committetur
1645 1120 1724 1199 per·

297 1226 398 1310 sonis
421 1224 593 1333 ydoneis,
614 1254 689 1333 que
709 1226 845 1305 vadant
864 1226 1059 1305 stlocum
1082 1242 1121 1303 et
1139 1225 1348 1331 inquirant,
1374 1226 1513 1303 vocatis
1535 1224 1720 1331 partibus,

297 1356 527 1464 superdicta
547 1358 734 1437 discordia
752 1359 964 1447 veritatem,
985 1375 1022 1436 et
1041 1358 1145 1435 curie
1165 1356 1589 1463 remittantinquestam
1609 1384 1723 1462 quam

298 1485 472 1579 fecerintr
490 1486 611 1567 etfiet
622 1490 885 1599 jussuperee.
970 1523 974 1532 ·

1821 932 1883 975 129⁹.

354 1749 431 1829 XII.
462 1747 560 1829 Cum
587 1741 855 1862 Raymheudus
879 1753 1031 1859 PavaJs‚
1052 1770 1074 1829 'a
1099 1752 1268 1858 quodam
1287 1751 1477 1859 judicato,
1498 1776 1567 1857 per
1590 1777 1727 1859 prepo-

300 1879 417 1959 situm
435 1878 681 1961 Perisiensem
707 1897 837 1961 contra
855 1908 895 1957 se
915 1880 1011 1957 facto
1030 1908 1099 1987 pro
1118 1882 1294 1959 Manuale
1315 1879 1527 1970 Bertrandi‚
1552 1880 1664 1957 fratre
1688 1897 1727 1957 et

301 2026 499 2093 executore
519 2008 686 2091 defuncti
705 2011 861 2091 Reherti
878 2010 1095 2103 Bertrandi,
1109 2039 1224 2118 super
1237 2010 1408 2089 facienda
1427 2011 1652 2088 esecucione
1671 2035 1728 2087 cu·

298 2140 449 2249 jusdem
463 2141 606 2233 littere,
628 2170 815 2221 summam
837 2142 1271 2252 ducentarum·trigeuta
1293 2160 1334 2219 ct
1359 2143 1523 2219 duarum
1544 2142 1727 2218 librarum

272 2326 277 2340 ·
303 2301 502 2379 parvorum
525 2273 805 2353 Tureneneium
831 2274 1077 2365 continentis,
1106 2290 1287 2381 tanquam
1309 2303 1331 2349 a
1354 2273 1448 2370 falso
1470 2289 1508 2349 et
1525 2300 1655 2378 prave,
1669 2272 1728 2381 'ad

303 2420 472 2485 nostram
494 2404 637 2482 curiam
650 2404 908 2511 appellasset:
927 2404 1118 2492 Tandem,
1139 2406 1179 2481 in
1198 2433 1307 2482 causa
1327 2403 1426 2480 dicte
1446 2402 1726 2509 appellacionis‚

303 2533 610 2639 comparentibus
628 2534 668 2611 in
696 2544 823 2613 nestra
843 2534 946 2611 curia
966 2534 1075 2612 dictis
1097 2534 1284 2639 partibus,
1311 2549 1349 2609 et
1367 2532 1506 2611 auditis
1524 2562 1653 2609 earum
1672 2560 1730 2609 ra-

304 2663 481 2747 cionihus
505 2663 594 2745 hinc
622 2676 659 2743 ct
682 2664 789 2755 inde,
817 2663 980 2771 visisque
1003 2663 1241 2808 processibus
1265 2662 1484 2739 carumdem
1509 2680 1548 2740 et
1560 2662 1730 2808 judicato

304 2792 490 2901 predicte,
510 2794 797 2901 perjudicium
802 2810 930 2873 nostre
951 2794 1070 2883 curie,
1093 2794 1238 2871 dictum
1250 2793 1323 2870 suit
1336 2792 1555 2899 predictum
1549 2793 1731 2900 preposi-
1804 2766 1810 2775 ¹

307 2940 391 3003 tum
410 2924 508 3005 male
523 2924 731 3032 judicasse,
753 2944 792 3003 et
811 2926 954 3005 dictum
973 2926 1259 3033 RaJnibaudum
1276 2925 1375 3003 bene
1395 2925 1669 3033 appellasse..

364 3055 542 3137 Mercurii
561 3070 646 3137 ante
665 3056 901 3139 Nativitatem
919 3056 1083 3135 Domini.

250 3346 259 3364 ·
365 3320 458 3399 XIII.
489 3321 665 3428 Inqueeta
692 3319 787 3399 fac'ta
811 3323 910 3399 inter
933 3320 1176 3425 Radulphum
1201 3320 1249 3396 de
1274 3320 1483 3397 Joncheriis
1507 3336 1545 3395 et
1565 3322 1735 3395 Bertran-

313 3449 405 3542 dum
422 3448 693 3541 deperditae,
715 3479 829 3557 super
846 3450 1075 3557 quibusdam
1097 3449 1278 3555 expensis.
1408 3498 1415 3509 ·

368 3713 461 3795 XIV.
482 3712 596 3807 Item,
624 3713 797 3820 inquesta
823 3712 917 3790 facta
937 3740 1008 3819 pro
1029 3710 1166 3789 eodem
1184 3711 1237 3787 R.
1267 3738 1379 3817 super
1402 3705 1527 3790 valore
1542 3707 1736 3810 bouem

316 3844 496 3951 Stephani
512 3844 560 3923 de
579 3833 825 3953 Monguihon.

369 3977 442 4055 Iste
459 3974 555 4067 due,
572 3974 686 4053 simul
707 3975 835 4083 ligate,
857 3973 934 4052 vise
946 3972 1117 4063 fuerunt,
1136 3990 1174 4050 et
1188 3972 1304 4050 michi
1320 3972 1485 4064 reddite,
1502 3957 1572 4049 nec
1585 3972 1740 4050 fuerunt

312 4106 495 4214 judicate,
516 4104 703 4213 quianon
722 4104 875 4183 fuerunt
894 4107 991 4185 bene
1012 4104 1116 4183 facte.

371 4370 451 4450 XVr
481 4368 578 4447 Cum
602 4370 699 4446 inter
720 4367 931 4445 Iohannem
957 4370 1003 4447 de
1030 4368 1220 4459 Xantolio‚
1245 4362 1421 4455 militem,
1448 4393 1493 4443 ex
1517 4391 1591 4442 una
1616 4380 1736 4470 parte,

321 4518 359 4581 et
384 4501 594 4579 Iohannem
623 4499 798 4577 Saunerii
824 4499 872 4577 de
896 4500 1104 4589 Ponticam,
1134 4526 1179 4575 ex
1203 4496 1367 4585 altera,
1359 4524 1396 4571 m
1423 4521 1533 4571 causa
1557 4510 1739 4571 retractus

320 4630 550 4745 vendicionis
564 4628 816 4776 quorumdam
835 4630 1040 4723 bonorum,
1059 4656 1134 4735 que
1152 4626 1370 4734 pendebat
1360 4642 1459 4703 mter
1473 4652 1553 4712 eos,
1573 4650 1640 4731 pov
1653 4648 1741 4701 nos-
1822 4647 1826 4656 ’

322 4780 417 4841 trum
442 4761 574 4839 finisset
595 4762 738 4839 curiam
757 4760 971 4868 judicatum
995 4761 1100 4867 quod
1127 4759 1250 4837 dictus
1275 4757 1386 4835 miles
1404 4756 1668 4834 admitteretur
1693 4754 1740 4830 ad

323 4908 526 4971 retractum
551 4893 780 4999 predictum,
804 4910 843 4971 et
868 4890 1129 5001 postmodum,
1148 4889 1261 4968 dictis
1280 4889 1392 4967 bouis
1410 4887 1459 4964 ad
1478 4913 1633 4964 manum
1652 4912 1741 4968 nos-

324 5044 420 5106 tram
445 5023 591 5131 positis,
617 5023 719 5101 idem
746 5022 856 5102 miles
880 5022 1095 5130 predictum
1120 5022 1332 5101 Iohannem
1357 5018 1528 5099 Saunerii
1552 5015 1741 5126 adjornari

412 5200 463 5244 nse
484 5198 568 5243 onttt.
591 5200 638 5241 111.
1599 5193 1615 5232 2
