4450 6209
507 711 580 784 fill
1081 712 1170 782 LES
1212 708 1349 784 OLlM.

278 860 409 914 ¹²⁸¹thss
422 859 466 922 W·
505 869 567 931 tus
581 853 740 931 ballivus
750 853 963 961 judicatum
978 851 1189 957 predictum
1200 879 1278 932 non
1302 850 1426 940 dedit,
1448 851 1515 927 sed
1531 851 1686 959 quidam
1708 856 1923 932 commissa-

341 953 404 996 1311.
527 987 534 1000 .

505 1014 585 1063 rius
609 1013 722 1092 quem
744 985 841 1090 ipse,
871 983 919 1060 de
943 1011 1128 1060 consensu
1152 982 1335 1059 dictarum
1358 983 1546 1087 parcium,
1572 1013 1688 1091 snper
1713 983 1787 1062 hoc
1810 985 1925 1093 depu-

505 1134 662 1206 taverat,
683 1115 785 1193 curia
805 1133 930 1192 nostra
951 1114 1165 1202 emendam,
1192 1141 1306 1220 super
1325 1113 1413 1202 hoc,
1436 1114 1539 1192 dicto
1558 1114 1713 1204 ballivo,
1737 1145 1782 1193 ex
1800 1145 1919 1207 causa,

506 1249 663 1327 remisit.
957 1229 961 1246 ¹

562 1381 690 1456 Martis
706 1378 899 1485 predictas

562 1511 668 1590 Greci
688 1510 900 1616 reportavit.

561 1767 639 1853 XII.
671 1775 755 1852 Lite
769 1791 887 1862 mota,
905 1774 1064 1850 incuria
1083 1791 1227 1864 nostra,
1244 1775 1345 1850 inter
1364 1777 1565 1882 majorem,
1583 1774 1755 1853 scabinos
1769 1792 1808 1852 et
1821 1778 1922 1854 habi-

506 1924 645 1984 tatores
664 1904 749 1982 ville
779 1904 827 1980 de
855 1903 1112 2011 Graveligncs,
1140 1905 1296 1982 nomine
1325 1906 1604 1983 communitatis
1633 1906 1733 1983 dicte
1758 1906 1860 1996 ville,
1880 1935 1920 1983 ex

507 2053 613 2144 parte
628 2063 720 2125 una,
744 2052 782 2114 et
798 2033 978 2141 majorem
1000 2050 1039 2110 et
1057 2033 1228 2112 scabinos
1241 2034 1329 2111 ville
1347 2033 1709 2124 Sancti-Andomari,
1732 2064 1776 2112 ex
1795 2035 1919 2125 altera,

455 2165 458 2171 ’
508 2195 622 2275 super
642 2193 687 2243 eo
707 2163 811 2273 quod
830 2163 920 2242 dicti
942 2163 1062 2271 major
1084 2182 1123 2242 et
1142 2165 1281 2243 scabini
1303 2165 1352 2242 de
1372 2164 1614 2274 Gravelignes
1637 2165 1813 2244 dicebant
1830 2195 1868 2243 se
1887 2184 1921 2243 et

509 2299 737 2376 habitatores
760 2297 857 2373 dicte
878 2294 964 2372 ville
988 2324 1066 2374 esse
1087 2296 1127 2372 in
1143 2297 1278 2374 saisina
1297 2294 1461 2374 ducendi
1477 2313 1515 2374 et
1532 2295 1755 2383 reducendi,
1769 2326 1838 2404 per
1851 2316 1923 2375 ter·

508 2459 588 2506 ram
609 2446 647 2506 et
667 2455 735 2535 per
749 2455 900 2534 aquam,
914 2426 1013 2504 bona
1031 2455 1113 2518 sua,
1138 2429 1341 2516 mercando
1359 2428 1417 2506 vel
1437 2427 1527 2505 alias
1542 2429 1592 2504 ad
1606 2428 1732 2505 villam
1750 2446 1824 2505 eta
1844 2429 1924 2505 villa

508 2559 872 2648 Sancti-Andomari,
886 2575 924 2636 et
934 2587 974 2636 ee
989 2557 1132 2636 ibidem
1146 2559 1374 2666 stracipiendi
1390 2562 1428 2637 et'
1441 2559 1657 2667 deponendi
1668 2586 1737 2638 seo
1748 2559 1923 2636 onerandi

507 2711 547 2772 et
566 2691 796 2770 deonerandi
817 2689 948 2781 libere,
970 2689 1111 2796 absque
1130 2688 1324 2768 solucione
1339 2706 1525 2781 costuma,
1542 2691 1667 2769 assisia
1689 2718 1757 2768 seu
1775 2690 1925 2798 alicujus

508 2823 742 2910 redibencie‚
770 2839 807 2898 et
830 2819 919 2928 quia
945 2819 1000 2896 illi
1030 2820 1077 2897 de
1104 2817 1478 2900 Sancto-Audomaro
1498 2822 1680 2929 quosdam
1703 2822 1925 2900 habitatores

508 2954 596 3031 ville
617 2954 664 3029 de
689 2950 929 3058 Gravelignes
952 2951 1204 3058 gagiaverant,
1231 2950 1320 3057 quia
1340 2968 1549 3029 costumam
1573 2980 1640 3029 seu
1665 2953 1829 3030 assisiam
1857 2951 1923 3028 sibi

510 3085 654 3164 solvere
672 3110 747 3160 non
766 3079 955 3170 volebant,
978 3081 1157 3187 petebant
1175 3109 1331 3158 manum
1351 3099 1517 3162 nostram
1541 3084 1581 3160 in
1599 3083 1697 3161 dicta
1716 3083 1923 3193 gagiacione

510 3215 715 3323 appositam
741 3212 923 3302 amoveri,
946 3228 984 3290 et
1003 3212 1106 3320 gagia
1124 3240 1193 3318 per
1215 3241 1285 3290 uos
1301 3213 1373 3290 sibi
1393 3213 1576 3291 recredita
1591 3214 1736 3292 eisdem
1756 3213 1921 3300 liberari,

511 3365 549 3425 et
575 3352 615 3422 in
641 3369 709 3423 sua
731 3343 864 3422 saisina
889 3343 1043 3422 eosdem
1070 3343 1296 3432 conservari,
1325 3361 1429 3449 parte
1457 3344 1607 3422 adversa
1632 3346 1862 3423 contrarium
1887 3344 1922 3418 in

510 3477 687 3586 predictis
704 3493 907 3565 asserente,
924 3491 961 3552 et
979 3475 1027 3551 ad
1047 3474 1120 3552 hoc
1138 3473 1268 3581 plures
1286 3474 1471 3564 raciones,
1492 3493 1569 3551 tam
1583 3475 1729 3582 dejure
1747 3504 1860 3582 quam
1879 3475 1923 3550 de

510 3609 894 3715 sacto‚proponcnte:
913 3607 998 3686 Visa
1019 3604 1134 3713 igitur
1147 3606 1321 3711 inquesta
1333 3630 1448 3712 super
1460 3607 1591 3684 hccde
1604 3607 1781 3684 mandato
1801 3623 1923 3682 nosue

510 3740 604 3817 lacta
634 3758 671 3817 et
693 3738 894 3845 diligenter
919 3736 1144 3826 examinata,
1172 3736 1260 3840 quia
1283 3763 1352 3842 per
1376 3736 1514 3813 dictam
1545 3737 1757 3844 inquestam
1789 3754 1923 3815 constat

511 3871 693 3975 majorem
719 3884 757 3944 et
775 3866 945 3944 scabinos
967 3865 1014 3942 de
1042 3865 1415 3944 Sancto-Andomaro
1435 3851 1688 3943 intencionem
1715 3895 1821 3944 suam
1842 3896 1923 3974 pro·

510 4000 617 4076 basse
642 3996 893 4075 sufficiencius
919 4023 1031 4102 quam
1052 3995 1232 4102 majorem
1254 4013 1292 4072 et
1311 3996 1485 4074 scabinos
1503 3997 1602 4075 dicte
1620 3997 1707 4075 ville
1727 3998 1776 4075 de
1795 3998 1923 4079 Grave·

511 4131 629 4238 lignes
655 4130 693 4206 in
719 4125 912 4236 predictis,
939 4153 1007 4233 per
1030 4125 1133 4204 curie
1166 4144 1293 4205 nostre
1316 4126 1522 4235 judicium,
1555 4129 1698 4205 dictum
1730 4124 1802 4206 suit
1825 4127 1923 4236 quod

511 4263 632 4370 major
651 4279 690 4338 et
708 4259 846 4338 scabini
865 4257 911 4334 de
930 4257 1300 4335 Sancto-Audomaro
1320 4259 1556 4336 tenebuntur
1571 4275 1610 4336 et
1628 4261 1876 4337 servabuntur
1888 4263 1922 4333 in

511 4394 645 4471 saisina
663 4423 729 4471 sua
753 4388 898 4469 levandi
924 4388 1127 4496 quamdam
1151 4389 1405 4466 redibenciam
1429 4389 1690 4483 solummodo,
1705 4419 1787 4497 que
1809 4388 1924 4496 vulga·

511 4525 602 4601 riter
622 4524 821 4601 mala-tolta
840 4549 908 4598 seu
929 4521 1054 4598 assisia
1076 4520 1292 4598 nominatur
1311 4520 1358 4596 ab
1379 4520 1653 4598 habitatoribus
1669 4520 1755 4597 ville
1768 4522 1819 4600 de
1839 4519 1924 4598 Gra·

510 4653 692 4763 velignes,
720 4684 788 4761 pro
805 4653 1105 4760 quibuscumque
1127 4652 1346 4728 mercaturis
1369 4652 1447 4728 suis
1468 4652 1606 4758 emptis
1625 4679 1693 4729 seu
1708 4651 1869 4728 venditis
1887 4653 1923 4725 in

510 4783 596 4861 villa
625 4781 981 4862 Sancti-Audomari
1004 4808 1079 4859 seu
1108 4781 1148 4856 iu
1181 4781 1371 4860 territorio
1399 4782 1569 4890 ejusdem
1599 4781 1702 4869 ville,
1730 4783 1924 4888 quociens

511 4943 673 5023 cumque
691 4915 787 4992 dicta
805 4912 1009 4991 mala-solta
1027 4938 1091 4990 seu
1112 4911 1238 4989 assisia
1253 4912 1363 4989 dictis
1375 4912 1508 5018 majori
1527 4929 1566 4989 et
1580 4911 1740 4988 scabinis
1757 4939 1923 4990 concessa

509 5045 622 5124 suerit
637 5046 683 5124 ab
699 5044 766 5121 illo
786 5045 849 5151 qui
872 5043 1076 5120 concedere
1096 5060 1236 5148 potest,
1255 5062 1292 5121 et
1307 5042 1410 5150 quod
1426 5043 1529 5152 gagia
1544 5070 1617 5150 que
1635 5069 1749 5148 super
1769 5041 1857 5120 illos
1880 5040 1922 5115 de
