4450 6209
740 720 1010 828 nuoutrns
1034 736 1100 809 nr
1127 722 1333 814 procus.
1442 710 1450 730 “
1704 746 1751 817 59

319 902 392 955 vus
416 875 724 969 silvanectensis,
754 895 794 955 et
819 896 908 957 sunt
937 880 978 957 in
1006 879 1145 959 codem
1169 908 1275 959 sacco
1304 881 1419 960 simul
1443 882 1555 993 ligate
1580 884 1621 961 in
1646 912 1753 963 sacco
1791 844 1980 967 ceraunii,

325 1009 442 1116 hujus
460 1007 695 1116 parlamenti.
1855 993 1918 1037 ¹³⁰⁰·

381 1269 491 1351 XXV.
523 1272 808 1379 lnquesta·facta
819 1300 889 1381 per
898 1274 1079 1354 bailivum
1094 1278 1359 1357 Turonensem
1371 1306 1485 1386 super
1500 1279 1629 1386 viginti
1645 1280 1754 1359 libris

325 1402 616 1481 Turonensibns
633 1404 683 1481 ad
703 1432 860 1483 manum
878 1408 990 1516 Regis
1007 1408 1158 1515 positis,
1178 1438 1271 1517 quas
1287 1410 1483 1517 quondam
1503 1408 1756 1488 habebat-de-

325 1535 481 1613 functus
492 1534 706 1613 Bcrnardus
724 1531 928 1616 servientis
946 1540 1142 1617 annuatim
1164 1540 1205 1619 in
1220 1540 1347 1648 pinide
1366 1541 1600 1621 Turonensis
1617 1570 1753 1649 prepo-

326 1668 458 1755 siture,
480 1683 519 1743 ct
540 1694 636 1772 quas
657 1666 812 1773 petebat
835 1670 993 1777 Egidius
1013 1670 1209 1761 Baldoini,
1232 1671 1384 1749 racione
1406 1672 1600 1781 Philippo,
1627 1674 1754 1752 uxoris

326 1824 413 1884 sne,
433 1795 524 1875 dicti
542 1796 712 1875 defuncti
734 1798 829 1892 filie,
852 1800 923 1878 sibi
942 1799 1144 1881 dciiberari
1164 1820 1203 1880 et
1220 1802 1347 1892 reddi,
1371 1804 1459 1911 quia
1482 1805 1680 1883 inventum
1698 1822 1755 1882 est

325 1928 574 2034 quodminus
588 1928 817 2009 sufficienter
829 1950 888 2009 est
903 1932 1012 2023 facta,
1029 1960 1098 2041 per
1117 1935 1221 2011 ourie
1237 1934 1428 2042 judicium
1449 1936 1572 2013 extitit
1587 1936 1756 2013 totaliter

325 2058 502 2137 anulltta.

382 2190 582 2268 Dominioa
596 2193 636 2269 in
657 2196 788 2273 letare
806 2196 1025 2278 Jemsaiem.
1391 2228 1417 2273 ο

380 2458 509 2534 XXVI.
540 2460 643 2536 Mota
663 2461 861 2567 questione
885 2461 985 2537 inter
1007 2460 1212 2539 mercurios
1233 2478 1273 2539 et
1294 2460 1531 2569 corrigiarios
1554 2488 1754 2568 parvorum

326 2588 523 2668 staliorum
543 2589 629 2668 hale
643 2590 876 2679 Parisiensis,
897 2618 943 2668 ex
958 2617 1035 2669 una
1053 2608 1175 2698 parte,
1193 2611 1231 2669 et
1247 2591 1451 2669 mercerios
1466 2608 1505 2667 et
1518 2590 1755 2700 corrigiarios

325 2748 549 2828 magnonun
564 2722 761 2800 stallorum
778 2722 865 2801 hale
882 2722 1076 2829 ejusdem,
1093 2730 1139 2800 e‘r
1154 2722 1291 2812 altera,
1306 2748 1422 2829 super
1438 2720 1554 2799 stallis
1568 2722 1654 2799 hale
1669 2751 1754 2828 pre-

243 2944 259 2975 ·
327 2851 425 2929 dicte
450 2880 527 2959 que
551 2871 639 2930 sunt
659 2880 772 2960 supra
796 2852 921 2931 halam
946 2870 1118 2931 sutorum
1147 2870 1185 2932 et
1208 2870 1470 2943 tannatorum3
1495 2852 1606 2930 dictis
1634 2853 1755 2959 parvis

325 2984 516 3061 merceriis
544 3002 585 3061 et
610 2985 835 3093 corrigiatiis
852 2983 1067 3093 judicatum
1091 2984 1288 3093 quoddam
1310 3012 1380 3091 per
1403 2982 1650 3062 Parisienscm
1670 3010 1756 3090 pre-

326 3114 490 3219 positum
506 3115 644 3193 factum
664 3144 735 3223 pro
753 3117 844 3223 ipsis
861 3145 974 3224 super
989 3115 1161 3194 facienda
1179 3116 1383 3223 perbonos
1397 3117 1497 3194 viros
1515 3114 1754 3193 avaiuacione

326 3244 522 3323 stallorum
547 3272 771 3356 magnorum
799 3266 837 3326 et
861 3273 1061 3355 partorum
1086 3248 1172 3325 hale
1196 3248 1382 3355 predicte,
1408 3247 1619 3325 secundum
1640 3247 1755 3323 situm

327 3394 366 3453 et
388 3378 608 3483 qualitatem
633 3408 784 3467 eorum,
811 3406 881 3485 pro
900 3379 1079 3457 solvenda
1102 3380 1284 3485 pensione
1305 3377 1416 3456 nobis
1438 3376 1583 3470 debita,
1605 3377 1755 3453 racione
1895 3404 1900 3413 ·

326 3508 523 3587 stallorum
544 3511 787 3600 eorumdem,
808 3512 850 3587 in
870 3510 974 3588 curia
989 3526 1118 3588 nostra
1133 3508 1353 3616 petentibus
1370 3535 1439 3614 pro
1459 3508 1563 3586 bono
1582 3508 1703 3584 teneri
1719 3524 1757 3583 et

327 3641 541 3719 execucioni
557 3642 744 3732 mandari3
765 3641 945 3749 predictis
964 3641 1110 3749 magnis
1128 3640 1319 3719 mercuriis
1335 3658 1373 3718 et
1391 3639 1614 3749 corrigiariis
1629 3667 1650 3715 e
1667 3666 1757 3717 con-

325 3772 442 3849 trario
455 3771 756 3880 proponentibus
771 3798 852 3852 non
866 3772 982 3852 finisse
995 3772 1123 3851 taliter
1132 3772 1363 3881 judicatam,
1381 3789 1436 3861 et,
1453 3771 1555 3848 sisic
1568 3768 1684 3847 fuerit
1691 3770 1756 3879 ju-

328 3904 512 3995 dicatum,
539 3906 780 4012 pronunciari
806 3905 946 3983 debere
958 3901 1123 3983 ‘nullum
1139 3903 1201 3982 vel
1222 3902 1367 3983 malum
1383 3930 1482 3990 esse,
1504 3919 1543 3979 et
1561 3901 1756 3979 amandari

327 4036 469 4113 dehere
478 4036 692 4143 judicatum
712 4038 926 4146 predictum
944 4068 953 4114 ε
973 4037 1167 4124 Tandem,
1183 4034 1324 4113 auditis
1342 4052 1383 4111 et
1402 4033 1604 4144 diiigenter
1620 4033 1757 4111 discus·

326 4170 378 4247 sis
401 4167 616 4248 nacionibus
633 4171 802 4277 parcium
829 4168 1111 4276 predictarum,
1132 4168 1286 4274 visoque
1303 4192 1480 4273 processu
1499 4192 1625 4243 coram
1653 4163 1755 4243 dicto

326 4301 520 4407 preposito
532 4324 654 4408 ‘super
671 4303 745 4380 hoc
764 4300 916 4388 habito,
936 4319 975 4377 et
993 4302 1076 4406 ejus
1087 4299 1263 4408 judicato
1274 4296 1464 4404 predicto,
1482 4321 1550 4401 per
1567 4295 1756 4403 ju'diciurn

326 4450 455 4509 nostre
469 4432 573 4511 curie
592 4433 738 4511 dictum
758 4431 832 4510 fnit
844 4431 1057 4538 predictum
1068 4430 1284 4538 judicatum
1300 4454 1383 4505 esse
1402 4427 1548 4505 bonum
1563 4443 1603 4503 et
1617 4424 1756 4501 debere

327 4565 544 4643 etecucioni
559 4564 741 4642 mandari.

385 4696 561 4774 Mercurii
576 4712 663 4804 post
676 4699 808 4774 Letaoe
816 4694 1041 4773 Jerusalem.

385 4962 526 5039 XXVII.
557 4960 655 5040 Cum
684 4960 724 5039 in
751 4990 861 5041 causa
889 4961 1038 5039 dudum
1067 4974 1171 5035 mota
1190 4984 1316 5039 coram
1342 4952 1532 5063 preposito
1559 4952 1756 5031 Parisiensi

328 5092 428 5167 inter
453 5091 633 5171 Colinum
661 5092 804 5170 dictum
823 5091 991 5198 Tybout,
1017 5119 1063 5169 er
1085 5116 1161 5167 una
1187 5104 1308 5193 parte,
1333 5102 1374 5163 et
1396 5085 1620 5193 magistrum
1636 5085 1668 5161 J.
1695 5082 1759 5159 Ti-

1601 5240 1630 5300 8.
