4450 6209
513 715 588 787 262
1092 713 1183 786 Lsss
1213 711 1355 786 OLlM.

288 869 418 924 mmm
430 867 474 932 Ν.
516 856 607 934 dieti
631 854 784 963 majoris
801 853 1013 962 judicatum
1029 853 1262 960 predictum,
1281 879 1485 958 equorum
1498 851 1685 958 judicato,
1706 867 1896 959 tamqnam
1915 881 1933 930 a

347 960 410 1004 Μ’
514 985 607 1064 falso
626 1003 665 1065 et
682 1013 813 1092 pravo,
834 986 957 1063 dictus
972 983 1133 1062 Jacobus
1152 983 1201 1062 ad
1215 1000 1381 1062 nostram
1400 983 1543 1062 curiam
1558 981 1771 1090 appellavit:
1788 982 1945 1062 Auditis¹

511 1118 628 1225 igitur
646 1116 757 1194 dictis
772 1114 943 1223 partibus
959 1117 1000 1192 in
1019 1143 1129 1194 causa
1143 1114 1411 1222 appellacionis
1426 1113 1610 1222 predicte,
1632 1131 1670 1192 et
1683 1113 1933 1220 visis-proces·

510 1248 616 1327 sibus
636 1265 675 1325 et
687 1247 866 1355 judicatis
889 1246 1084 1354 predictis,
1110 1275 1179 1354 per
1202 1245 1307 1324 curie
1326 1261 1453 1324 nostre
1472 1245 1681 1356 judicium,
1703 1245 1848 1324 dictum
1866 1245 1934 1326 fnit

509 1379 698 1484 predictos
717 1378 967 1487 Reginaidum
985 1395 1023 1456 et
1038 1379 1256 1458 Gnidonem
1277 1377 1375 1456 male
1386 1377 1594 1488 judicasse,
1611 1394 1650 1456 et
1666 1377 1810 1456 dictum
1830 1377 1933 1458 Jaco-

508 1509 603 1588 bum
625 1510 725 1589 bene
752 1510 979 1618 appellasse,
1002 1527 1041 1588 et
1062 1511 1167 1618 qnod
1192 1537 1302 1588 catrse
1324 1509 1541 1618 principalis
1564 1509 1749 1588 dictarum
1769 1508 1932 1616 parcium

373 1646 383 1660 ⁸
509 1641 698 1749 cognicio,
721 1643 760 1719 in
779 1659 879 1721 statu
902 1642 1041 1750 inquo
1061 1659 1138 1720 erat
1159 1670 1283 1720 coram
1304 1641 1407 1721 dicto
1426 1641 1568 1750 majore
1588 1640 1930 1729 Sancti-Mederici,

509 1773 663 1880 quando
679 1772 752 1851 suit
767 1772 815 1850 ab
832 1801 879 1852 eo
892 1773 938 1850 ad
955 1772 1099 1852 dictum
1119 1772 1326 1880 capitulum
1341 1772 1547 1852 Parisiense
1562 1769 1786 1880 appellatum
1797 1834 1809 1864 ,
1821 1772 1861 1850 in
1873 1801 1933 1852 cu·

508 1904 563 1980 ria
578 1919 706 1982 nostra
721 1904 944 1982 remanebit

566 2037 676 2114 Lune
691 2053 777 2142 post
789 2035 941 2115 octabas
953 2034 1176 2142 Epiphanie.
1325 2067 1335 2122 ;

567 2157 619 2244 M.
637 2168 669 2243 J.
687 2167 736 2245 de
755 2167 924 2277 Dpwione
942 2167 1155 2274 reportavit.

567 2432 607 2505 L.
638 2428 807 2536 Apprisia
832 2457 901 2508 seu
920 2429 1141 2508 informacio
1168 2429 1262 2507 facta
1287 2429 1336 2508 de
1361 2429 1538 2510 mandato
1558 2429 1771 2508 litterarum
1789 2429 1931 2510 domini

509 2561 637 2668 Regis,
653 2561 790 2639 ballivo
809 2563 1019 2641 &nonensi
1034 2561 1278 2650 directarum,
1296 2587 1411 2669 super
1425 2560 1597 2670 dampnis
1612 2589 1688 2669 que
1707 2561 1801 2640 dicit
1813 2589 1855 2640 se
1867 2562 1933 2640 ha-

508 2691 637 2769 buisse
650 2693 790 2800 Symon
803 2695 994 2800 Coqnere,
1006 2692 1054 2770 de
1065 2693 1284 2782 Meleduno,
1296 2693 1337 2770 in
1349 2693 1778 2801 empdonemddituum
1790 2693 1932 2772 domini

510 2823 620 2929 Regis
640 2824 688 2900 de
713 2823 937 2914 Meleduno,
958 2825 1035 2901 visa
1056 2841 1113 2902 est
1134 2853 1203 2931 per
1221 2825 1416 2931 magistros
1443 2824 1482 2900 in
1509 2853 1654 2902 camera
1677 2824 1933 2936 inquestamm

511 2951 727 3056 deputatos,
743 2971 782 3031 et
797 2955 1067 3032 ordinaverunt
1079 2955 1186 3062 qnod
1202 2955 1428 3034 remittenda
1448 2972 1504 3033 est
1515 2954 1675 3080 domino
1688 2956 1779 3064 Regi
1796 2983 1868 3062 pro
1889 2983 1932 3035 eo

510 3082 599 3189 quia
624 3082 719 3160 facta
741 3085 865 3163 estad
884 3084 1167 3164 informandum
1186 3087 1458 3165 conscienciam
1478 3087 1622 3166 domini
1643 3087 1773 3196 Regia,
1788 3115 1860 3166 nee
1877 3087 1934 3166 in·

509 3230 662 3291 ventum
680 3233 735 3292 est
750 3217 855 3323 quod
869 3233 999 3324 gentes
1014 3247 1081 3295 sue
1102 3219 1238 3296 adhoc
1257 3218 1399 3297 fuerint
1416 3235 1562 3308 vocata,
1580 3247 1652 3298 nec
1664 3219 1758 3296 facta
1776 3219 1850 3298 fuit
1867 3247 1933 3326 per

508 3341 689 3424 ballivum
701 3347 973 3438 Senonensem,
986 3349 1047 3426 cui
1062 3349 1127 3426 illa
1142 3349 1360 3428 informacio
1375 3348 1543 3426 facienda
1557 3349 1632 3428 fuit
1644 3350 1855 3439 commissa,
1866 3348 1932 3427 sed

508 3474 602 3554 facta
622 3476 696 3555 fuit
714 3506 784 3586 par
797 3479 910 3570 alios,
927 3480 989 3558 cui
1009 3480 1134 3558 dictus
1153 3480 1313 3560 ballivus
1333 3481 1405 3559 hoc
1426 3480 1621 3560 commisit.

565 3609 672 3687 Lune
691 3611 871 3716 predicta.

563 3739 739 3818 Bocellus
752 3741 966 3846 reportavit.

565 4000 623 4076 LI.
654 3999 752 4077 Cum
772 4001 873 4076 inter
886 4001 1123 4109 Margaritam
1144 4003 1192 4082 de
1206 4004 1398 4094 Hanonia,
1421 4004 1590 4083 relictam
1605 4007 1647 4082 R.
1664 4004 1858 4112 quondam
1871 4033 1932 4084 cn·

507 4129 609 4208 mitis
624 4129 912 4224 Attrehatensis,
928 4161 971 4209 ex
987 4160 1061 4209 una
1074 4149 1195 4238 parte,
1214 4151 1253 4213 et
1265 4135 1498 4224 Mathildim,
1515 4164 1616 4215 nunc
1631 4136 1857 4216 comitissam
1868 4138 1932 4214 At-

505 4259 838 4353 trebatensem,e1
853 4263 985 4350 altera,
1002 4281 1105 4342 mota
1119 4264 1266 4358 fuisset,
1281 4267 1321 4342 in
1335 4268 1440 4345 curia
1454 4285 1597 4358 nostra,
1618 4267 1805 4347 discordia
1818 4297 1932 4375 super

505 4419 552 4470 eo
573 4393 680 4498 quod
704 4394 855 4474 dicebat
875 4395 974 4474 dicta
991 4397 1188 4505 Margarita
1206 4397 1312 4505 quod
1336 4399 1458 4477 dictus
1477 4401 1520 4478 R.
1541 4399 1736 4507 quondam
1756 4399 1839 4508 ejus
1854 4427 1932 4476 ma·

505 4523 617 4614 ritus,
634 4541 809 4633 tempore
829 4554 907 4634 quo
920 4528 1001 4634 ipse
1012 4528 1158 4607 vivebat
1173 4543 1212 4606 et
1228 4529 1420 4610 constabat
1435 4530 1719 4613 matrimonium
1733 4530 1834 4609 inter
1849 4557 1929 4622 eos,

507 4668 545 4729 et
559 4669 732 4762 tempore
750 4687 828 4764 quo
843 4659 924 4764 ipse
940 4659 1117 4748 decessit,
1140 4659 1305 4738 habehat
1317 4660 1426 4769 plura
1440 4661 1539 4740 bona
1553 4661 1726 4754 mobilia,
1742 4690 1819 4770 qne
1833 4663 1933 4740 bona
2136 4727 2138 4762 ,

508 4779 606 4858 dicta
620 4786 805 4878 Matildis,
822 4804 866 4866 ut
878 4778 997 4867 heres
1004 4789 1167 4897 predicti
1181 4793 1223 4868 R.
1246 4819 1286 4870 se
1298 4792 1442 4870 eisdem
1457 4794 1676 4882 inmiscens,
1693 4794 1878 4872 habuerat
1895 4809 1933 4872 et
2136 4789 2138 4850 i

507 4912 632 4989 adhuc
657 4944 774 5021 penes
800 4948 841 4997 se
873 4921 1038 5000 habebat
1060 4922 1117 5000 vei
1138 4949 1207 5030 per
1226 4949 1309 5001 eam
1328 4923 1450 5003 stabat
1466 4926 1671 5032 quominus
1689 4954 1732 5006 ea
1756 4925 1929 5014 haberet,

508 5059 547 5120 et
559 5041 646 5122 ideo
658 5048 812 5153 petebat
827 5051 1215 5134 dictommbonorum
1226 5055 1632 5136 intereasdivisionem
1644 5057 1929 5136 fierieteornm
2137 5037 2138 5084 ¹
