4450 6209
517 715 591 792 5t0
1091 717 1183 792 Lus
1212 715 1354 792 OLIM.

288 867 418 922 Pfflfflffl
430 867 475 930 lv,
516 889 612 952 sem,
625 847 812 940 dominica
826 861 996 940 instantis
1009 860 1313 940 Resurreccionis
1321 859 1493 951 Domini,
1510 859 1602 939 bora
1616 859 1755 967 prima,
1772 859 1822 937 ad
1835 857 1945 937 eoele-

349 959 412 1002 ¹⁵¹⁰⁸
515 993 606 1071 siam
630 994 927 1082 Predicatorum,
949 992 1110 1100 quilibet
1129 1011 1282 1100 portans
1303 993 1341 1069 in
1362 1021 1477 1071 manu
1499 1021 1566 1070 sua
1586 1020 1738 1070 cereum
1757 1020 1880 1070 unum
1898 991 1944 1068 de

515 1124 662 1203 duabus
685 1124 790 1203 libris
814 1155 918 1216 cere,
945 1125 1108 1204 offerens
1133 1125 1297 1204 eundem
1321 1155 1436 1232 super
1460 1124 1572 1202 altare
1596 1125 1694 1204 dicte
1713 1123 1889 1213 ecclesie,
1908 1142 1945 1202 et

514 1258 619 1365 quod
638 1286 769 1336 omnes
788 1257 848 1338 elii
872 1257 1122 1365 prenominati
1146 1275 1258 1336 erunt
1280 1257 1423 1336 ibidem
1448 1275 1533 1336 ante
1557 1256 1670 1335 altare
1693 1275 1887 1363 presentes
1906 1259 1942 1334 in

514 1417 646 1467 eorum
660 1390 793 1469 habitu
813 1391 978 1482 decenti,
996 1389 1157 1498 quilibet
1171 1420 1291 1468 unurn
1306 1420 1458 1468 cereum
1472 1392 1520 1469 de
1534 1390 1680 1469 duabus
1693 1390 1801 1468 libris
1814 1408 1942 1468 tenens

511 1523 551 1598 in
565 1551 680 1600 manu
695 1551 782 1614 sua,
801 1540 839 1601 et
858 1522 919 1600 illa
935 1523 1114 1601 offerrent
1134 1552 1248 1631 super
1261 1522 1373 1601 altare
1388 1523 1617 1630 predictum,
1634 1540 1673 1600 et
1690 1522 1797 1631 qnod
1815 1551 1941 1601 omnes

510 1655 777 1760 prenominati,
804 1671 880 1733 tam
904 1655 993 1733 dicti
1018 1672 1281 1762 procuratores
1300 1683 1414 1764 quern
1439 1654 1521 1743 alii,
1542 1654 1648 1732 flexis
1672 1655 1851 1761 genibus,
1872 1655 1942 1732 hoc

511 1786 624 1865 verbo
645 1764 914 1878 emendabunt,
940 1785 1092 1865 nomine
1117 1787 1249 1878 studii,
1276 1815 1339 1864 ser
1366 1785 1583 1865 doctoribus
1602 1805 1640 1864 et
1658 1815 1722 1863 sex
1741 1784 1942 1864 scolaribus

510 1917 654 1996 ibidem
668 1917 922 2024 presentibus,
938 1918 968 1995 si
983 1934 1074 1996 tunc
1088 1919 1268 1996 interesse
1282 1917 1485 2007 voluerint,
1503 1919 1737 2025 requirentes
1757 1945 1825 1994 eos
1840 1916 1942 2024 quod

511 2049 600 2156 ipsis
627 2049 768 2128 civibus
790 2049 909 2128 dictos
935 2078 1104 2128 excessus
1131 2049 1331 2129 remittant.
1353 2053 1462 2141 Item,
1489 2050 1631 2128 dictum
1655 2048 1728 2127 fuit
1750 2049 1874 2156 quod,
1894 2049 1938 2137 si,

512 2181 619 2258 dictis
639 2181 839 2289 religiosis,
860 2181 983 2289 aliqua
1002 2181 1180 2290 dampna,
1197 2211 1266 2289 per
1287 2183 1378 2272 hoc,
1404 2181 1502 2260 illata
1523 2181 1681 2271 luerint,
1698 2183 1941 2260 resarcientur

511 2314 654 2392 eisdem
669 2343 688 2391 a
703 2314 873 2422 personis
887 2313 1077 2421 predictis

565 2448 672 2525 Lune
692 2464 778 2553 post
791 2446 1134 2527 Annunciacionem
1149 2446 1387 2528 dominicam.

566 2579 728 2685 Mangon
743 2579 956 2685 reportavit.

565 2707 652 2788 Plus
676 2710 918 2788 inveniuntur
936 2710 1139 2819 deliquisse
1159 2713 1369 2820 specialiter
1392 2712 1562 2792 faciendo
1587 2714 1658 2791 ista
1672 2744 1682 2790 t
1695 2712 1937 2802 Guillelmus‚

510 2839 610 2918 filius
621 2840 812 2920 Guillelmi
827 2841 987 2934 Garbot,
1005 2843 1173 2922 clamavit
1186 2845 1235 2922 ad
1249 2863 1426 2936 mortem,
1438 2891 1496 2904 -
1508 2846 1714 2935 lohannes,
1729 2844 1830 2923 lilius
1842 2849 1940 2924 Fou-

508 2972 815 3080 quetillerberti,
830 2973 1020 3052 lohannes
1034 2975 1231 3085 Sauvaige,
1247 2977 1415 3055 hostium
1432 2978 1642 3056 dormitorii
1657 3007 1726 3085 per
1740 2978 1816 3056 vim
1830 3007 1940 3085 appe-

509 3122 668 3182 rucrunt
690 3106 897 3184 amovendo
925 3135 1155 3199 serreuram,
1180 3156 1237 3169 --
1261 3111 1394 3188 Petrus
1417 3111 1587 3201 Mercier,
1612 3137 1729 3217 gener
1751 3110 1940 3218 quondam

509 3237 559 3314 M.
582 3239 613 3314 J.
637 3238 762 3328 Barat,
785 3236 914 3317 clausit
929 3257 1096 3346 portam,
1110 3289 1164 3298 -
1179 3240 1391 3348 Stephanus
1408 3243 1456 3318 de
1473 3241 1785 3320 Sancto-Maximo
1793 3240 1937 3351 junior,

508 3369 711 3460 Jobannes,
729 3367 829 3448 lilius
845 3372 877 3447 J.
893 3370 1060 3462 Doucin,
1079 3372 1261 3452 dixerunt
1273 3374 1379 3480 quod
1392 3374 1552 3488 scolares
1565 3401 1643 3452 non
1655 3374 1854 3463 haberent,
1872 3393 1937 3452 etc.

507 3500 651 3579 adhoc
669 3519 774 3579 erant
786 3520 978 3610 presentes
992 3503 1182 3583 lohannes
1197 3505 1365 3596 Doucin,
1378 3507 1475 3584 -J.
1492 3506 1642 3598 Rehier,
1653 3551 1711 3564 -
1721 3507 1754 3583 J.
1770 3507 1937 3596 Poitrou,

507 3635 550 3712 N.
567 3633 602 3711 le
616 3633 809 3724 Buffetier,
824 3681 881 3692 --
892 3634 1084 3713 Jobannes
1098 3634 1136 3713 le
1146 3635 1321 3715 Plastrier
1335 3635 1428 3714 dixit
1439 3637 1545 3744 quod
1559 3665 1637 3715 non
1652 3654 1741 3716 sunt
1755 3637 1827 3715 nisi
1841 3666 1939 3716 sera·

508 3766 609 3873 ginta
622 3791 759 3842 novem
770 3765 876 3854 anni,
890 3783 960 3842 etc.
973 3763 1033 3843 Ad
1046 3765 1120 3844 boc
1133 3785 1213 3845 erat
1222 3795 1377 3875 presens
1388 3770 1419 3845 J.
1432 3751 1535 3846 lilius
1549 3767 1737 3876 Fouqucti
1747 3768 1936 3859 Herberti,

510 3893 779 3985 -Jobannes,
802 3895 906 3972 filius
922 3896 1129 4004 Fouqueti‚
1150 3942 1206 3958 —-
1226 3898 1419 3978 lohannes
1436 3901 1484 3977 de
1503 3899 1653 3990 Chailli,
1673 3899 1886 3978 lobannem
1905 3899 1939 3977 le

509 4025 688 4115 Plasteur,
705 4043 1008 4134 procuratorem,
1028 4026 1200 4108 levabant
1218 4047 1257 4108 et
1271 4030 1500 4123 advoabant3
1516 4032 1708 4111 lohannes
1722 4031 1759 4110 le
1772 4030 1939 4108 Plasteur

509 4172 547 4235 et
565 4157 756 4237 lohannes
776 4157 812 4236 le
832 4159 899 4237 Bel
919 4177 1025 4238 erant
1043 4178 1306 4269 procuratores
1320 4161 1420 4242 ville.

551 4421 758 4514 XXXVIII.
785 4422 885 4503 Cum
904 4422 1067 4504 ballivus
1082 4426 1387 4518 Silvanectensis,
1407 4458 1451 4506 ex
1472 4427 1597 4508 officio
1617 4457 1699 4518 suo,
1717 4428 1940 4536 procederet

508 4571 638 4632 contra
658 4553 842 4664 majorem
863 4574 901 4634 et
914 4557 1063 4666 juratos
1079 4557 1167 4638 ville
1183 4559 1409 4667 Compendii
1429 4588 1544 4668 super
1558 4589 1604 4640 eo
1618 4560 1725 4670 quod
1737 4562 1819 4670 ipse
1838 4561 1939 4638 dice-

507 4683 588 4775 bat,
606 4685 750 4763 adictis
766 4687 908 4797 majore
925 4706 962 4767 et
978 4689 1129 4799 juratis,
1143 4691 1306 4770 lobanni
1322 4691 1371 4769 de
1386 4695 1582 4802 Fescamp,
1597 4672 1772 4773 servienti
1790 4711 1936 4783 nostro,

507 4815 636 4922 plures
648 4815 805 4924 injurias
818 4849 860 4896 ac
873 4819 1076 4900 violencias
1090 4820 1211 4900 illatas
1225 4822 1358 4917 luisse,
1370 4825 1476 4932 quod
1488 4825 1528 4902 in
1544 4826 1664 4905 nestri
1677 4841 1938 4932 contemptum

507 4974 620 5055 quam
639 4946 849 5054 plurimum
867 4950 1123 5047 redundabat3
1137 4954 1248 5035 dictis
1258 4984 1346 5035 vero
1361 4955 1506 5065 majore
1528 4975 1567 5035 et
1581 4957 1717 5066 juratis
1736 4956 1776 5033 in
1793 4972 1938 5034 contra·

506 5078 607 5195 rium
626 5079 839 5160 dicentibus
854 5084 975 5191 quod,
994 5087 1180 5195 quioquid
1198 5085 1270 5195 ipsi
1288 5087 1454 5168 fecerant
1469 5089 1572 5169 dicto
1590 5087 1770 5178 iohanni,
1781 5088 1886 5197 juste
1900 5104 1937 5165 et
