4450 6209
766 684 1034 791 suounrus
1059 704 1122 775 ur
1150 687 1358 778 otiosus.
1698 701 1770 777 uss

352 840 512 917 tancism
525 839 617 917 dicti
626 841 794 948 magistri
804 845 933 933 Eueni,
945 844 1155 951 appositum
1168 844 1208 921 in
1222 844 1330 921 dictis
1344 844 1456 923 bonis
1470 862 1508 921 et
1521 844 1704 923 fructibus
1714 872 1772 922 eo
1809 852 1941 905 Parma
1952 851 1995 915 lv.

353 968 547 1059 rumdem,
562 989 800 1052 amoveretur
812 974 955 1081 absque
972 973 1209 1063 difficultate,
1229 976 1282 1051 ite
1292 973 1397 1081 quod
1412 975 1491 1081 ipse
1513 974 1560 1052 de
1581 974 1690 1053 dictis
1708 972 1773 1052 bo·
1871 940 1934 985 ’Μ’

320 1142 325 1158 ·
354 1102 414 1179 nis
422 1119 463 1181 et
471 1129 606 1181 eorum
616 1101 803 1183 fructibus
812 1105 1121 1214 possetgaudere,
1130 1122 1168 1183 et
1176 1135 1218 1183 es
1229 1134 1304 1213 que
1316 1106 1439 1183 dictus
1447 1106 1594 1183 Euenus
1604 1104 1651 1182 de
1663 1105 1773 1185 bonis

354 1231 534 1337 predictis
547 1249 586 1309 et
601 1261 735 1311 eorum
753 1234 938 1314 fructibus
955 1234 1156 1326 habuerat,
1178 1235 1328 1313 racione
1344 1234 1526 1342 predicte,
1544 1234 1703 1313 reddere
1723 1252 1775 1311 te·

354 1380 509 1440 neretur
516 1351 896 1470 Anselmopredicto3
908 1385 1076 1457 ceterum
1090 1394 1177 1445 cum
1189 1366 1433 1473 postmodum
1447 1395 1489 1443 ex
1507 1382 1611 1473 parte
1622 1366 1772 1453 Nicolai,

353 1493 425 1571 filii
442 1510 481 1571 et
496 1493 648 1573 heredis
665 1494 756 1574 dicti
773 1497 926 1586 llervei,
942 1526 1045 1575 nunc
1057 1498 1259 1587 deffuncti,
1275 1497 1386 1576 nobis
1399 1496 1513 1575 fuerit
1525 1496 1776 1604 supplicatum

355 1623 477 1729 quod,
494 1652 581 1702 cum
600 1626 704 1704 curis
717 1643 861 1715 nostra,
878 1654 946 1733 per
958 1627 1043 1704 lacti
1058 1628 1330 1736 ignorantiam,
1349 1644 1391 1703 ut
1407 1628 1486 1733 ipse
1503 1627 1667 1715 dicebat,
1687 1628 1777 1704 actis

354 1781 463 1833 cause
479 1755 647 1860 predicte
661 1758 710 1835 ad
727 1758 883 1863 plenum
899 1784 978 1834 non
996 1758 1103 1847 risis,
1124 1757 1539 1864 consuetudinibusque
1566 1758 1725 1835 notoriis
1739 1772 1777 1834 et

354 1882 583 1974 consessatis,
602 1914 671 1964 seu
690 1885 984 1992 probacionibus
1003 1887 1095 1965 dicti
1114 1887 1266 1980 Hsrvei,
1285 1903 1323 1967 et
1344 1885 1656 1965 substancialibus
1678 1888 1775 1965 dicte

354 2042 463 2094 cause
481 2015 650 2121 perlecti
670 2023 838 2095 errorem
857 2017 1049 2109 obmissis,
1067 2019 1277 2124 predictum
1298 2017 1437 2096 tiderat
1445 2016 1672 2127 judicatum,
1690 2046 1777 2123 qua-

354 2164 465 2224 tenus
483 2147 684 2254 superbos
702 2173 979 2254 apponeremus
993 2149 1206 2226 remedium
1221 2166 1464 2254 oportunum.
1481 2148 1555 2225 Nos
1570 2174 1677 2233 vero,
1695 2174 1777 2225 om-

354 2304 443 2353 nem
460 2305 628 2357 errorem
644 2278 781 2357 tollere
796 2295 835 2356 et
853 2279 1040 2385 corrigere
1061 2279 1272 2385 cupientes,
1286 2279 1335 2355 de
1354 2278 1506 2386 speciali
1526 2277 1776 2384 greciavolui-

354 2435 440 2487 mus
459 2425 498 2485 et
518 2409 780 2487 mandavimus
803 2410 907 2516 quod
928 2437 1124 2517 processus
1148 2427 1187 2487 et
1212 2426 1306 2499 acta,
1328 2426 1405 2487 tam
1424 2407 1642 2514 principalis
1663 2434 1776 2514 quam

354 2539 618 2645 appellationis
637 2568 835 2619 causarum
853 2541 1093 2649 hujusmodi,
1119 2542 1253 2618 iterato
1270 2540 1543 2646 inspicerentur
1562 2554 1600 2613 et
1619 2537 1778 2645 diligen-

355 2669 751 2758 disseminarentur
767 2688 826 2762 ut,
841 2671 998 2779 siquid,
1015 2672 1054 2747 in
1073 2672 1154 2777 ipso
1170 2670 1337 2778 judicato
1352 2697 1420 2775 per
1433 2666 1518 2745 facti
1538 2689 1705 2745 errorem
1720 2668 1779 2745 vel

354 2800 482 2881 minus
497 2800 747 2881 sufficientem
755 2800 937 2880 visionem
947 2819 1118 2881 actorum
1134 2817 1172 2879 et
1183 2828 1431 2907 processuum,
1450 2798 1705 2906 predictorum
1725 2798 1782 2873 in-

355 2931 546 3010 veniretur
554 2960 634 3012 esse
648 2932 806 3024 lactum,
821 2932 918 3010 illud
931 2933 1182 3041 corrigeretur
1195 2949 1234 3009 et
1246 2930 1525 3023 emendaretur,
1540 2946 1576 3007 et
1589 2930 1628 3005 in
1641 2928 1778 3007 molius

355 3060 624 3144 reformaretur
635 3094 643 3138 :
654 3062 753 3142 Visis
764 3063 879 3171 igitur
892 3064 988 3144 etde
1006 3089 1102 3141 novo
1120 3063 1297 3141 omnibus
1311 3060 1547 3168 processibus
1562 3060 1774 3147 antedictis,

357 3212 409 3282 et,
422 3223 490 3302 per
502 3195 648 3272 curiam
656 3209 839 3282 nostram,
856 3193 903 3270 ad
914 3194 1069 3301 plenum
1084 3211 1122 3271 et
1136 3222 1220 3271 cum
1234 3193 1432 3299 diligencia
1444 3191 1678 3278 examinatis,
1691 3190 1779 3295 quia

356 3343 549 3433 repertum
569 3342 627 3403 est
640 3325 782 3401 curiam
798 3341 965 3401 nostram
984 3326 1023 3400 in
1043 3324 1172 3430 aliquo
1185 3352 1262 3400 non
1283 3350 1421 3399 errasse
1442 3323 1483 3397 in
1501 3321 1694 3427 predictis,
1710 3344 1779 3397 nec

356 3486 425 3564 per
440 3455 526 3535 lacti
541 3456 799 3563 ignoranciam
809 3454 1003 3561 deceptam
1019 3453 1136 3533 luisse
1147 3478 1159 3542 ,⁴
1169 3453 1236 3530 sed
1253 3481 1335 3531 eam
1353 3452 1423 3529 rite
1441 3468 1478 3529 et
1492 3450 1666 3557 ligittime
1677 3449 1780 3556 judi·

358 3616 475 3679 casse,
490 3588 701 3695 predictum
711 3585 926 3693 judicatum
939 3586 1085 3673 iterato,
1101 3612 1169 3691 per
1184 3582 1287 3661 curie
1301 3598 1426 3659 nostre
1437 3580 1642 3689 judicium,
1661 3579 1781 3657 extitit

356 3718 606 3826 approbatum
624 3735 663 3797 et
680 3716 798 3801 eciam
814 3715 1095 3807 confirmatum,
1118 3731 1156 3792 et
1173 3742 1217 3791 ex
1233 3715 1378 3821 integro
1395 3711 1638 3789 mandabitur
1648 3738 1781 3801 euenu-

358 3850 474 3939 cioni,
495 3850 692 3956 questione
712 3848 965 3954 proprietatis,
985 3865 1063 3927 tam
1082 3845 1194 3925 nobis
1213 3874 1327 3952 quam
1346 3843 1448 3922 dieto
1467 3839 1640 3930 Nicolao,
1662 3868 1781 3919 roser·

358 3998 439 4059 vata
458 3981 499 4057 in
517 3978 630 4057 bonis
646 3978 836 4089 predictis.

415 4110 515 4189 Jovis
532 4124 618 4216 post
636 4108 747 4189 Oculi
766 4108 855 4187 mei

415 4241 601 4321 Thibotot
619 4237 832 4345 reportavit.

417 4504 573 4583 Llllllll.
602 4501 703 4583 cum
715 4498 1137 4607 GuillelmusViguerii,
1152 4497 1314 4577 serviens
1327 4514 1456 4574 noster
1469 4510 1506 4573 et
1514 4494 1640 4572 locum
1652 4510 1782 4571 tenens

360 4636 485 4715 vicarii
497 4632 782 4715 Montis-Albani
797 4631 899 4738 apud
910 4631 1106 4718 Eshurtex,
1122 4627 1326 4709 senescallo
1338 4626 1631 4735 Petregoricensi
1644 4627 1784 4704 demun·
1893 4714 1897 4720 ·

362 4767 494 4855 classet
510 4746 775 4873 quod'nobilis
798 4763 939 4845 mulier
956 4761 1159 4843 Guillelms
1182 4760 1230 4838 de
1251 4758 1413 4847 Picatos,
1434 4756 1678 4845 Bertrsudus,
1700 4755 1781 4863 ejus

362 4894 481 4983 fitius,
497 4895 726 4978 Guillslmus
738 4896 789 4976 de
802 4896 951 5003 Bogias,
970 4911 1008 4971 et
1021 4891 1223 4981 Arnaldus,
1240 4892 1320 4999 ejus
1335 4888 1455 4978 filius,
1474 4886 1689 4997 predictum
1703 4914 1783 4962 ser·-

363 5029 542 5118 vieutem,
558 5025 682 5107 officio
698 5044 826 5107 nostro
841 5041 1028 5116 utentem,
1042 5024 1082 5103 in
1094 5022 1207 5109 facie,
1223 5049 1346 5127 usque
1360 5021 1410 5098 ed
1423 5017 1614 5129 sanguinis
1630 5016 1783 5100 effusio-

1609 5172 1655 5233 58.
