4450 6209
746 725 1020 833 noootrns
1044 743 1111 815 nr
1138 725 1345 817 Procas.
1681 750 1755 821 275

329 907 413 966 tum
426 913 498 963 nec
511 885 723 993 reperiatur
736 885 859 963 dictos
872 885 1050 964 consules
1067 884 1194 993 aliqua
1208 914 1321 993 super
1333 886 1407 965 hoc
1421 903 1552 995 postea
1565 888 1756 997 privilegia
1798 900 1928 957 Parum
1938 901 1981 965 lv,

328 1018 570 1128 produxisse,
586 1045 657 1122 per
671 1016 775 1094 curie
795 1034 923 1094 nostre
937 1017 1146 1126 judicium,
1165 1017 1306 1107 dictum
1322 1018 1395 1096 suit
1410 1034 1449 1098 et
1464 1020 1755 1127 pronunciatum
1857 994 1919 1037 noa.

328 1150 433 1258 qnod
451 1148 620 1255 predicta
640 1147 936 1255 condempuacio
955 1149 1196 1231 mandabitur
1215 1151 1442 1229 executioni.

384 1279 551 1359 Sabbato
566 1295 655 1385 post
671 1279 935 1385 Epiphaniam,

383 1410 589 1489 Mellentua
606 1411 820 1517 reportavit.

384 1544 442 1623 De
456 1541 539 1622 istis
556 1558 722 1650 quatuor
735 1542 909 1621 millibus
922 1543 1047 1633 libris,
1061 1544 1111 1621 ad
1131 1572 1224 1653 quas
1237 1561 1414 1625 tenentur
1428 1576 1496 1660 per
1513 1549 1653 1627 dictum
1666 1576 1756 1627 con·-

328 1674 643 1781 dcaapnacionem
666 1673 841 1752 consules
860 1675 1144 1755 Montis-Domo
1158 1694 1288 1783 postea
1302 1678 1404 1783 apud
1418 1678 1599 1769 Cachant,
1622 1682 1662 1757 in
1677 1710 1756 1787 pre-

329 1806 453 1884 sencia
476 1804 623 1885 domini
646 1805 783 1914 Regia,
807 1823 1029 1912 preceptum
1056 1805 1129 1885 suit
1150 1835 1219 1914 per
1241 1809 1383 1886 curiam
1404 1826 1444 1886 ct
1466 1812 1755 1917 pronunciatum

328 1935 434 2044 quod
450 1936 549 2014 dicta
558 1964 711 2014 summa
724 1936 774 2015 ab
789 1937 846 2014 eis
865 1932 1011 2015 letetur
1022 1965 1093 2043 per
1104 1940 1289 2019 terminos
1308 1957 1582 2048 competentes,
1600 1970 1622 2019 a
1636 1970 1756 2024 senos-

327 2068 423 2146 calio
441 2068 735 2174 Petragoricensi
754 2069 993 2160 statuendos,
1012 2085 1050 2147 ct
1067 2099 1137 2176 per
1156 2099 1309 2149 monum
1327 2072 1447 2179 ipu'us
1465 2074 1701 2181 expendatur
1715 2075 1754 2151 in

327 2198 531 2277 resectione
553 2217 594 2278 at
613 2200 858 2277 edificacione
877 2200 1048 2279 clausum
1067 2203 1233 2279 turrium
1254 2220 1294 2280 ct
1312 2204 1439 2309 pontis
1457 2204 1545 2282 ville
1566 2207 1751 2313 predicte,

328 2347 442 2437 prout
453 2330 581 2407 eidem
597 2330 807 2409 senescallo
823 2332 1016 2409 videbitur
1032 2333 1221 2437 expedire.

383 2461 549 2539 sabbato
564 2480 652 2568 post
671 2463 850 2540 Sanctum
865 2463 1085 2570 Georgium.

381 2726 425 2801 ll.
457 2724 556 2801 Cum
574 2740 679 2801 mota
705 2722 838 2801 suisset
853 2724 1051 2801 ‘discordia
1075 2725 1117 2799 iu
1143 2726 1242 2802 curia
1264 2742 1393 2803 nostra
1414 2728 1514 2803 inter
1535 2728 1753 2835 episcopum

328 2856 636 2944 laudunensmr,
659 2883 702 2933 ax
724 2883 800 2932 una
819 2872 942 2961 parte,
968 2872 1009 2932 et
1035 2856 1220 2963 majorem
1243 2874 1281 2934 et
1295 2857 1443 2964 juratos
1466 2860 1681 2939 communie
1704 2860 1753 2937 de

326 2987 510 3079 Bmeriis,
527 3014 573 3064 ax
587 2986 721 3075 altera,
737 3014 851 3093 super
869 3014 916 3064 eo
936 2987 1045 3094 quod
1062 2987 1155 3064 dicti
1169 2988 1289 3097 major
1310 3006 1347 3067 et
1361 2989 1477 3096 jurati
1491 2992 1753 3099 proponebant

326 3146 396 3225 pro
416 3146 463 3195 so¹
477 3134 519 3196 ct
536 3146 607 3224 pro
624 3116 726 3194 dicta
746 3119 963 3193 communia
979 3134 1112 3195 contra
1132 3119 1344 3224 predictum
1367 3119 1606 3227 episcopiam,
1629 3123 1752 3227 ipsum
1865 3112 1874 3123 ’

327 3250 553 3356 seposuisse
576 3250 715 3356 injuste
736 3248 776 3325 ia
796 3248 932 3326 saisina
951 3248 1117 3327 habendi
1139 3251 1398 3357 cognicionem
1418 3250 1621 3329 bominum
1635 3252 1753 3359 ipsius

328 3380 494 3487 episcopi
519 3380 568 3457 dc
591 3408 749 3487 corpore
774 3396 968 3485 captorum
993 3380 1041 3456 in·
1058 3382 1223 3487 presenti
1247 3380 1405 3489 melleyu
1429 3381 1576 3457 invitia
1591 3399 1631 3459 ot
1650 3409 1752 3466 coau-

329 3512 459 3587 munia
476 3510 527 3587 da
549 3511 736 3601 Binariis,
758 3510 847 3618 quia
867 3511 917 3588 nd
938 3510 1129 3617 predictos
1152 3512 1336 3620 majorem
1360 3530 1401 3589 et
1414 3513 1559 3620 juratos
1581 3512 1751 3621 cognicio

327 3643 529 3720 hominnm
542 3642 802 3748 predictorum
815 3660 1028 3750 capwrum,
1042 3643 1084 3720 in
1097 3644 1263 3749 presenti
1279 3642 1431 3721 meileia
1443 3643 1484 3720 in
1494 3642 1583 3720 villa
1594 3660 1636 3727 et
1650 3672 1752 3727 oom-

329 3773 459 3850 munia
479 3773 658 3880 predictis
676 3774 905 3882 pertinebat,
925 3790 972 3851 ut
991 3774 1187 3865 dioebant3
1209 3774 1381 3882 predicto
1402 3774 1577 3881 episcopo
1597 3774 1671 3852 hoc
1685 3802 1753 3851 ‘na-

328 3922 454 4012 gantc,
469 3922 510 3982 ct
522 3905 565 3981 in
575 3884 807 3983 contrarium
820 3924 1058 4013 proponente
1078 3936 1118 3984 se
1140 3932 1220 3985 esse
1237 3906 1338 4014 juste
1358 3907 1397 3983 iu
1415 3906 1550 3987 ¹saisina
1561 3905 1751 4013 predicta:

329 4037 518 4129 Tandem,
536 4037 676 4114 auditis
695 4038 865 4143 pscium
887 4037 1103 4115 rationibus
1122 4038 1213 4115 hinc
1239 4054 1277 4116 ct
1299 4037 1402 4126 inde,
1426 4055 1464 4117 et
1482 4038 1558 4114 visa
1571 4037 1754 4144 inquoata

330 4196 443 4274 super
455 4167 662 4274 premissis,
679 4168 728 4245 de
743 4169 921 4245 mandato
935 4170 1038 4246 curie
1050 4186 1181 4246 nostre
1193 4169 1305 4260 facta,
1322 4169 1398 4247 visa
1412 4168 1533 4246 eciam
1545 4184 1642 4245 carta
1658 4194 1764 4269 nom·¹

331 4300 462 4377 munie
475 4300 666 4407 predicte,
682 4300 971 4407 pronunciatum
990 4298 1083 4387 tuit,
1099 4328 1170 4406 per
1193 4300 1295 4401 curie
1311 4317 1437 4377 nostre
1449 4298 1650 4406 judicium,
1668 4326 1753 4405 pre·

330 4430 475 4508 dictrun
493 4432 715 4539 episcopum
735 4430 874 4508 debere
892 4458 1089 4509 renaaneae
1106 4431 1147 4509 in
1167 4431 1301 4509 saisina
1320 4460 1388 4509 sua
1406 4430 1589 4537 predicta,
1609 4447 1665 4524 et,
1687 4456 1754 4537 por

328 4561 430 4639 idem
447 4560 635 4670 judiciam
655 4561 852 4640 abacturus
873 4562 948 4646 fuit
967 4563 1091 4641 dietus
1109 4563 1309 4669 episcopus
1334 4561 1381 4639 ab
1403 4559 1648 4667 impoticioue'
1672 4588 1755 4666 pre·

329 4692 426 4771 dicta
445 4694 598 4801 majoris
620 4712 658 4771 et
672 4694 886 4801 juratorum
903 4694 1172 4801 predictorum.

383 4823 580 4902 Domiuica
598 4840 685 4931 post
704 4823 853 4903 octabas
877 4825 1097 4931 Epiphuuie.

387 4955 612 5061 Pasqueriua
630 4956 840 5062 reportavit.
