4450 6209
779 700 1047 807 nuourtrus
1071 690 1136 789 si
1163 697 1368 791 procus.
1714 726 1788 799 ens

365 863 509 951 nonen,
526 877 566 939 et
576 859 767 946 lohannes
783 857 926 946 Postel,
943 858 1116 966 ejusdem
1131 856 1219 939 ville
1236 858 1368 965 majm,
1382 886 1469 939 cum
1481 860 1711 968 quibusdam
1723 894 1788 945 ρο.
1828 877 1958 933 Pnnm
1970 878 2013 941 ιν,

363 1024 450 1075 rum
463 991 714 1100 complicibus
726 1008 766 1069 et
782 1019 869 1068 anm
883 989 1010 1080 armis,
1026 990 1162 1069 dietam
1180 990 1377 1069 ecelesiam
1387 992 1571 1073 violenter
1587 996 1786 1085 intrantes,
1889 971 1929 1013 ¹³⁰
1946 1000 1951 1011 '

364 1126 487 1205 hostia
501 1124 583 1232 ejus
594 1122 789 1230 fregerunt
803 1139 844 1199 et
853 1120 983 1227 plures
997 1122 1152 1229 injurios
1169 1124 1271 1203 dieto
1286 1122 1429 1203 decano
1444 1154 1487 1204 ac
1499 1127 1671 1237 personis
1689 1127 1788 1207 dicte

362 1254 519 1337 ecclesie
541 1253 752 1333 intulerunt
773 1253 934 1346 ibidem,
955 1254 996 1333 in
1016 1254 1264 1335 eeclesiastiee
1285 1254 1470 1338 libertatis
1491 1284 1533 1339 ao
1559 1258 1658 1339 dicte
1676 1259 1789 1364 garde

361 1406 488 1467 nosue
508 1384 764 1493 prejudicium
784 1402 823 1462 et
845 1402 1120 1492 contemptum,
1149 1414 1263 1493 super
1286 1386 1424 1494 quibus
1448 1388 1706 1470 mandavimus
1732 1389 1790 1465 in·

361 1521 479 1627 quiri,
493 1518 631 1597 voeatis
641 1515 1458 1626 partibus,ve1itatem:Vissigitnrinquestu
1473 1549 1588 1626 super
1598 1521 1669 1603 hoc
1683 1520 1788 1608 faeta,

362 1682 430 1759 per
445 1652 550 1729 curie
564 1667 691 1727 nostre
701 1648 900 1757 judicium,
914 1650 1182 1755 condempnati
1197 1648 1351 1729 firerunt
1365 1650 1488 1729 dietus
1501 1651 1732 1731 Godelrldus
1749 1654 1788 1727 in

364 1801 517 1860 centnm
531 1780 637 1857 libris
653 1778 958 1870 Turonensibus,
977 1779 1100 1857 dictus
1111 1780 1303 1857 lohannes
1319 1781 1359 1857 in
1377 1798 1530 1857 centum
1543 1781 1650 1859 libris
1666 1784 1789 1858 Turo-

362 1912 604 2002 nensibus,et
618 1910 734 1989 uetari
747 1908 949 2016 complices
963 1936 1109 1999 eorum,
1123 1910 1167 1987 in
1178 1912 1349 2017 inquesta
1360 1910 1527 2016 predicta
1541 1911 1738 2003 nominati,
1748 1914 1788 1988 in

362 2060 515 2121 centnm
537 2040 646 2119 libris
659 2040 941 2117 Turonensium
954 2038 1165 2130 honorum,
1182 2040 1229 2119 de
1250 2040 1393 2145 quibus
1403 2041 1580 2120 trecentis
1595 2040 1703 2123 libris
1722 2042 1788 2119 ha-

361 2172 468 2251 bebit
477 2169 754 2261 diotaooclesis,
765 2198 836 2273 pro
849 2168 988 2275 injurie
998 2162 1177 2275 predicta,
1190 2170 1444 2263 medietatem,
1456 2187 1494 2253 et
1504 2170 1681 2251 dominus
1691 2174 1786 2262 Rex,
1847 2208 1849 2213 ’

361 2331 432 2410 pro
443 2303 603 2379 emenda
616 2328 700 2391 sus,
717 2298 829 2379 aliam
843 2298 1099 2379 medietatem.

417 2429 1008 2537 Nomiaacompliormsuntista:
1022 2431 1583 2539 MayettudeFay,Guillelmus
1591 2435 1782 2523 Henetou,
1861 2432 1865 2440 ’

360 2565 570 2645 Auberisus
592 2564 640 2641 de
660 2564 801 2669 Treny,
822 2560 1008 2641 Heurious
1024 2560 1213 2654 serviens,
1228 2562 1392 2645 Gniotus
1411 2564 1572 2655 Creten,
1593 2564 1726 2641 Petrus
1748 2582 1786 2642 et
1843 2668 1848 2675 .

361 2698 551 2779 Jobannes
562 2692 884 2783 Rutille,dratros;
901 2690 1161 2774 Emmbaudus
1175 2710 1214 2773 st
1225 2693 1433 2801 Philippus,
1448 2692 1595 2784 fratrem
1609 2694 1785 2779 Floretus

361 2845 400 2905 et
410 2828 600 2906 Jobannes
612 2826 659 2903 de
672 2822 834 2933 Nigells,
851 2822 1025 2903 Nioolaus
1038 2822 1087 2902 de
1104 2826 1194 2931 lisy,
1209 2824 1301 2933 Capi
1313 2823 1448 2913 Gelee,
1461 2824 1648 2903 Robertus
1661 2824 1709 2903 de
1720 2827 1781 2915 Vi,

360 2957 534 3040 Galterrrs
548 2958 597 3036 de
612 2958 806 3046 Beffisdo,
819 2955 1008 3035 Jobsunes
1025 2955 1074 3033 de
1088 2955 1264 3062 Vinagio,
1277 2958 1410 3037 Petrus
1422 2956 1586 3062 Magistri
1598 3014 1607 3043 ,
1621 2955 1784 3037 Guillel-

359 3116 445 3167 mars
462 3089 499 3166 le
519 3091 626 3179 bart,
640 3062 823 3171 (litardus
842 3088 1033 3177 Haueton,
1049 3086 1278 3193 Reginaldus
1292 3084 1422 3177 Hasle,
1438 3085 1629 3165 Johsnnes
1649 3086 1780 3179 Hasle,

359 3220 601 3313 Vincsnetus,
614 3220 813 3326 Philippus
824 3216 959 3305 Gelee,
971 3218 1165 3296 lohannes
1175 3218 1354 3307 Foursin,
1367 3217 1511 3324 Symon
1525 3218 1554 3295 F
1555 3216 1701 3305 oursin,
1717 3218 1782 3293 Pe·

359 3352 583 3442 trusBonte,
594 3350 752 3438 lineola,
771 3348 984 3456 Stephanus
995 3349 1177 3437 Haneton,
1191 3347 1382 3429 Johannes
1392 3347 1564 3436 lacobus,
1580 3363 1619 3425 et
1630 3345 1782 3427 Richar-

360 3480 435 3559 dus
448 3483 665 3574 Dardanus,
683 3482 861 3560 Forsinus
876 3478 1084 3559 Carbonier
1100 3494 1139 3557 et
1151 3477 1369 3567 Renaudus,
1387 3476 1503 3569 lilius,
1528 3476 1665 3558 clerici.

416 3612 545 3695 Martis
562 3614 741 3719 predicta.

416 3744 466 3821 bl.
483 3746 525 3821 L.
541 3744 589 3820 de
600 3744 733 3850 Voyssi
744 3744 956 3850 reportavit.

415 4003 571 4084 xxxtu.
592 4004 690 4083 Cum
708 4007 1018 4083 interraneorum
1035 4006 1226 4112 preposito
1246 4022 1497 4085 merestonam
1515 4004 1779 4087 Parisiensiuan

359 4136 582 4226 rnota,inter
591 4137 801 4218 Jobanuam
809 4136 1059 4226 Cueuiariam,
1069 4164 1117 4214 ex·
1126 4166 1201 4215 uns
1208 4156 1326 4244 parte,
1338 4137 1625 4244 etArnulpb'um
1635 4140 1778 4218 dietrun

361 4266 408 4341 de
426 4265 461 4341 la
472 4266 593 4355 Mula,
613 4295 659 4344 ex
675 4267 808 4355 altera,
824 4294 938 4373 snper
951 4268 1085 4347 saisina
1102 4267 1318 4345 medietatis
1331 4268 1528 4375 enjusdam
1540 4268 1690 4356 domus,
1708 4267 1778 4345 site

361 4396 537 4493 Parisius,
554 4398 596 4473 in
611 4424 748 4504 magno
767 4398 848 4474 vico
863 4397 930 4504 qui
945 4398 1083 4475 dicitnr
1103 4398 1205 4475 vicus
1231 4398 1517 4487 Sancti-Jacobi,
1535 4398 1583 4476 de
1598 4425 1673 4503 qua
1685 4396 1779 4473 lacta

360 4542 416 4603 est
427 4528 590 4604 ostensio
606 4528 706 4605 inter
718 4546 856 4634 partes,
874 4556 988 4634 quam
1009 4530 1164 4605 domum
1181 4528 1301 4607 dictus
1320 4528 1539 4633 Arnulpbus
1556 4545 1593 4605 et
1605 4525 1779 4603 deluncta

359 4660 593 4748 Thomassia,
618 4662 699 4767 ejus
720 4660 914 4767 quondam
938 4688 1043 4749 uxor,
1070 4658 1169 4736 dum.
1189 4660 1339 4747 viveret,
1365 4660 1611 4766 acquisierant
1632 4676 1778 4735 extante

358 4790 598 4868 matrimonio
614 4791 713 4867 inter
726 4791 845 4896 ipsos,
864 4790 987 4868 dimus
999 4790 1214 4897 prepositus
1222 4789 1435 4897 jndioatum
1453 4816 1568 4867 suum
1592 4811 1660 4897 pro
1681 4788 1779 4865 dicta

357 4920 543 5010 debanna,
568 4940 694 5001 eontru
714 4923 926 5029 predictum
944 4920 1201 5026 Asnntphum,
1222 4922 1388 5016 tulisset,
1410 4940 1464 5016 et,
1487 4922 1534 5001 ab
1555 4919 1777 5029 hujusmodi

354 5053 540 5159 judicato,
557 5054 679 5132 dietus
696 5054 917 5161 Arnulpbus
940 5050 990 5130 ad
1012 5050 1211 5131 dominum
1236 5054 1377 5162 Regem
1402 5053 1631 5133 sufficienter
1651 5049 1780 5157 appel·
