4450 6209
501 713 575 785 236
1084 711 1176 784 LES
1205 710 1345 784 OLlM.

274 861 405 914 runnu
418 857 464 922 tv,
502 870 760 958 sumptorum,
780 868 913 958 petens
931 852 980 928 ad
998 853 1072 930 hoc
1090 851 1235 930 dietum
1255 851 1477 958 magistrum
1495 851 1762 947 Guillelmum,
1781 872 1824 934 ut
1843 855 1922 936 offi-

336 952 400 995 m
503 984 635 1061 cialem
654 1001 842 1075 nostrum,
859 1012 927 1090 per
941 985 1044 1062 curie
1059 1000 1185 1061 nostre
1201 981 1407 1091 judicium,
1425 983 1713 1092 condempnari,
1731 986 1832 1065 dicto
1848 1015 1924 1064 ma-

502 1114 883 1222 gistroGuillelmoin
893 1113 1140 1202 contrmium,
1150 1112 1325 1220 pluribus
1334 1115 1565 1204 racionibus,
1579 1133 1815 1222 proponente
1826 1145 1864 1196 se
1880 1119 1925 1196 ad

504 1247 578 1323 hoc
588 1274 666 1324 non
675 1245 815 1322 teneri:
830 1245 1019 1335 Tandem,
1030 1243 1169 1322 auditis
1184 1242 1377 1321 hincinde
1393 1245 1609 1350 propositis,
1622 1263 1661 1322 et
1670 1245 1755 1324 visis
1765 1247 1925 1354 quadam

504 1375 758 1484 inquesta,·de
779 1375 956 1452 mandato
976 1374 1079 1452 curie
1099 1391 1225 1451 nostre
1245 1371 1338 1452 facta
1356 1403 1470 1481 super
1488 1375 1577 1468 hoc,
1596 1393 1634 1454 et
1646 1377 1813 1483 quodam
1824 1378 1926 1486 judi·

504 1526 586 1586 cato
605 1509 709 1586 curie
728 1524 855 1584 nostre
870 1491 986 1610 super
1001 1505 1074 1582 hoc
1088 1503 1273 1593 exhibito,
1292 1531 1360 1610 per
1371 1504 1474 1582 curie
1489 1519 1616 1582 nostre
1625 1506 1832 1614 judicium,
1853 1510 1927 1592 die·

502 1656 586 1714 tum
601 1637 672 1714 luit
688 1654 727 1714 et
740 1635 1033 1742 pronunciatum
1047 1633 1152 1740 quod
1165 1635 1287 1712 dictus
1300 1636 1477 1742 magister
1494 1634 1739 1728 Guillelmus,
1755 1641 1821 1745 qui
1838 1659 1927 1720 tuno

504 1769 686 1875 temporis
703 1766 871 1844 officium
887 1782 1059 1842 nostrum
1076 1764 1246 1872 gerebat,
1260 1764 1396 1842 reddet
1410 1767 1578 1872 predicte
1594 1770 1760 1848 Romane
1777 1799 1927 1853 sexcen-

505 1917 562 1976 tas
581 1899 695 1976 libras
713 1895 957 1985 Parisienses,
979 1895 1052 1972 sub
1064 1894 1190 1974 valore
1210 1912 1363 1974 monete
1378 1898 1563 1976 currentis
1581 1915 1751 2005 tempore
1772 1889 1926 2010 illoque

508 2029 605 2106 dicta
625 2029 724 2106 bona
743 2045 847 2134 capta
867 2026 1036 2115 luenmt,
1053 2026 1229 2105 videlicet
1243 2056 1343 2107 anno
1357 2029 1513 2108 Domini
1531 2028 1734 2109 millesimo
1750 2031 1928 2114 ducente·

506 2162 605 2238 simo
617 2159 862 2267 nonagesimo
876 2186 996 2247 nouo,
1008 2157 1105 2235 salva
1118 2158 1219 2236 dicto
1233 2159 1409 2267 magistro
1418 2159 1627 2240 Guillelmo
1642 2162 1788 2240 actione
1803 2184 1928 2243 eontra

507 2291 710 2370 servientes
730 2289 821 2366 dicti
840 2288 1034 2368 Castelleti
1052 2289 1171 2366 nostri
1191 2288 1408 2368 Purisiensis
1427 2308 1466 2369 et
1484 2289 1609 2370 lilium
1626 2289 1724 2369 dicte
1745 2293 1925 2387 Romane,

508 2451 551 2498 ec
569 2449 702 2498 onmes
721 2420 814 2498 alios
832 2419 897 2526 qui
918 2419 966 2498 de
986 2419 1096 2498 dictis
1113 2418 1226 2498 bouis
1244 2419 1390 2527 aliquid
1407 2423 1593 2530 recepisse
1610 2421 1799 2502 dicuntur.

565 2551 730 2630 Sabbato
748 2567 835 2628 ante
854 2550 1090 2628 Nativitatem
1109 2549 1305 2642 Domini,

564 2685 666 2791 Ropa
685 2681 900 2789 reportavit.

566 2949 675 3027 XVII.
707 2948 805 3026 Cum
826 2975 953 3026 comes
973 2946 1310 3028 Autissiodorensis
1331 2966 1369 3026 et
1387 2946 1618 3042 Tornodori,
1644 2948 1773 3028 diceus
1792 2978 1832 3028 se
1852 2977 1929 3030 esse

510 3080 551 3154 in
576 3079 709 3156 saisina
734 3078 862 3186 gardie
887 3079 1105 3157 monasterii
1130 3079 1353 3157 monialium
1378 3079 1424 3156 de
1443 3079 1743 3170 nubes-Monte,
1770 3097 1809 3159 et
1827 3109 1868 3159 se
1891 3112 1931 3160 ac

511 3209 794 3317 predecessores
806 3236 894 3285 suos
905 3207 946 3284 in
959 3209 1094 3286 saisina
1104 3209 1273 3314 predicta
1288 3209 1401 3287 luisse
1414 3237 1435 3284 a
1449 3226 1620 3316 tempore
1635 3209 1742 3317 cujus
1757 3211 1930 3292 contrarii

510 3340 693 3416 memoria
713 3367 792 3418 non
811 3339 950 3429 existit,
968 3339 1149 3447 quodque
1167 3339 1265 3418 dicte
1285 3339 1478 3450 religiose,
1492 3341 1618 3448 ipsum
1637 3367 1750 3446 super
1768 3340 1843 3418 hoc
1862 3341 1930 3419 im·

509 3471 720 3577 pediendo,
742 3471 880 3579 injuste
901 3488 939 3548 et
958 3470 1007 3548 de
1030 3499 1127 3548 novo
1153 3471 1397 3550 advoaverant
1420 3500 1458 3550 se
1479 3499 1559 3549 esse
1584 3473 1634 3548 de
1657 3487 1783 3550 nostra
1806 3473 1932 3579 gardia

512 3602 677 3708 speciali,
693 3602 867 3708 periisset
881 3601 1027 3678 dictum
1042 3602 1360 3707 impedimentum
1375 3603 1555 3693 amoveri,
1571 3602 1709 3681 ballivo
1723 3603 1933 3684 Senonensi

513 3733 790 3822 mandavimus,
817 3733 956 3810 vocatis
979 3731 1192 3824 evocandis,
1217 3761 1330 3839 super
1352 3732 1636 3812 hoc-veritatem
1657 3735 1798 3842 inquiri
1820 3737 1934 3816 :Visa

513 3863 626 3970 igitur
645 3864 816 3969 inquesta
834 3891 947 3968 super
966 3863 1039 3939 hoc
1057 3863 1166 3952 facta,
1185 3891 1262 3942 non
1280 3861 1352 3941 fuit
1368 3863 1560 3942 inventum
1577 3863 1744 3972 aliquem
1762 3864 1933 3944 defenso-

514 4021 594 4070 rem
607 4021 675 4099 pro
691 3992 816 4078 nobis,
831 3993 895 4097 qui
907 3992 971 4100 jus
985 4010 1156 4071 nostrum
1172 3993 1212 4070 in
1227 3993 1451 4102 hujusmodi
1464 3995 1702 4086 defenderet,
1717 3998 1756 4076 in
1771 4023 1815 4073 ea
1830 4024 1932 4075 com-

514 4123 697 4229 paruisse,
712 4151 783 4198 nec
798 4121 942 4228 aliquos
956 4139 1068 4203 testes
1086 4151 1154 4231 pro
1168 4140 1272 4229 parte
1287 4141 1416 4201 nostra
1432 4124 1489 4202 vel
1507 4125 1691 4204 dictarum
1710 4125 1932 4206 monialium

514 4255 554 4330 in
571 4283 614 4331 ea
628 4253 745 4330 luisse·
756 4252 973 4357 productos,
991 4271 1029 4330 et
1044 4253 1202 4346 ideirco,
1218 4281 1287 4359 per
1302 4254 1407 4331 curie
1421 4272 1548 4333 nostre
1557 4255 1763 4362 judicium,
1789 4255 1932 4333 dictum

513 4384 585 4462 luit
605 4385 707 4492 quod
729 4383 827 4461 dicta
846 4383 1017 4489 inquesta
1035 4384 1084 4461 ad
1103 4411 1256 4490 presens
1274 4412 1351 4462 non
1370 4385 1614 4493 judicabitur,
1633 4386 1702 4464 sed
1718 4386 1850 4464 veritas
1871 4413 1933 4464 su-

513 4515 664 4622 perhoc
677 4513 828 4621 plenius
841 4513 1063 4619 inquiretur,
1075 4531 1114 4591 et
1125 4515 1385 4592 committetur.
1392 4515 1579 4623 aliquibus
1590 4517 1763 4625 ydoneis,
1776 4516 1857 4622 qui,
1869 4543 1934 4592 vo-

515 4662 596 4723 cato
612 4644 746 4722 ballivo
768 4645 977 4723 senonensi
998 4673 1065 4751 pro
1080 4643 1336 4736 nobis,dietis
1349 4645 1534 4754 religiosis
1558 4665 1596 4724 et
1611 4647 1692 4726 aliis
1717 4645 1930 4732 evocandis,

514 4776 722 4852 secundum
743 4773 935 4866 articulos,
959 4774 1168 4880 apartibus
1188 4793 1264 4853 tam
1285 4776 1444 4855 traditos
1465 4805 1580 4884 quam
1596 4776 1816 4864 tradendos,
1838 4775 1932 4852 reci-

515 4905 618 5010 piant
637 4905 806 5011 parcium
826 4905 1087 5012 probaciones,
1110 4923 1149 4984 et
1167 4907 1378 5014 inquestam
1402 4909 1639 5016 hujusmodi,
1657 4937 1731 4986 una
1753 4934 1839 4984 curn
1861 4903 1932 4982 alia

514 5035 697 5141 predicta,
719 5037 820 5116 curie
837 5037 989 5114 mittant
1007 5038 1055 5115 ad
1068 5037 1331 5145 judicandum.
