4450 6209
525 711 599 786 ont
1105 715 1195 790 LES
1220 713 1360 790 OLIM.

297 861 427 916 earum
440 859 483 926 tv,
523 853 632 930 dictis
657 853 836 931 domibus
857 871 932 932 eta
955 857 1125 962 personis
1143 855 1339 933 antedictis
1357 884 1401 932 ac
1419 855 1502 933 aliis
1521 857 1695 962 ejusdem
1718 885 1789 935 seu
1810 857 1931 939 similis

359 951 421 996 Μ’
523 983 756 1062 condicionis
782 983 924 1062 ibidem
950 1015 1108 1092 ganum
1136 985 1387 1064 vendentibus
1410 987 1635 1076 conservari,
1668 987 1929 1068 nonobstante

523 1115 761 1221 opposicione
775 1143 842 1192 seu
854 1115 1127 1222 impedimento
1139 1114 1416 1222 capellanorum
1424 1117 1699 1223 predictorum:
1709 1119 1818 1194 Facta
1830 1117 1930 1226 igitur

523 1243 704 1350 inquesta,
725 1244 773 1321 de
787 1243 962 1322 mandato
976 1243 1100 1324 ballivi
1116 1245 1234 1324 nostri
1249 1244 1546 1336 silvanectensis,
1557 1273 1671 1352 super
1684 1247 1882 1353 premissis,
1892 1276 1928 1324 ea

522 1373 597 1450 visa
617 1391 655 1452 et
674 1374 872 1482 diligenter
889 1377 1109 1468 examinata,
1127 1376 1217 1484 quia
1232 1376 1446 1454 commissio
1467 1375 1557 1454 dicti
1576 1376 1703 1454 ballivi
1722 1377 1836 1454 aliam
1855 1407 1929 1484 prc-

522 1504 699 1611 supponit
710 1505 1013 1584 commissionem
1024 1507 1071 1584 de
1085 1535 1160 1614 qua
1171 1534 1248 1583 non
1261 1523 1413 1612 apparet
1423 1534 1495 1612 per
1507 1506 1650 1584 dictum
1664 1489 1888 1613 processum,
1898 1526 1930 1584 et

521 1633 610 1740 quia
629 1663 706 1712 non
726 1651 903 1741 apparent
922 1635 1047 1743 aliqua
1066 1637 1322 1743 procuratoris
1341 1636 1381 1712 in
1401 1635 1504 1714 dicto
1523 1664 1716 1743 processu,
1738 1663 1811 1713 nec
1829 1637 1928 1713 etiam

522 1763 675 1842 luerunt
692 1765 922 1844 sufficienter
942 1767 1081 1844 evocati
1104 1767 1172 1873 qui
1196 1766 1412 1844 debuerunt
1429 1767 1550 1844 vocari
1571 1781 1609 1844 et
1626 1794 1722 1874 quos
1749 1767 1866 1875 tangit
1881 1769 1930 1843 in-

522 1909 653 2000 questa
674 1894 858 2002 predicta,
877 1923 946 2000 per
968 1895 1069 1972 curie
1090 1912 1217 1974 nostre
1231 1897 1437 2005 judicium,
1462 1896 1606 1974 dictum
1630 1896 1702 1974 fuit
1719 1896 1828 2002 quod
1843 1897 1928 1973 dicta

522 2025 710 2133 inquesta,
721 2041 914 2132 tamquam
928 2023 1123 2118 defectiva,
1139 2054 1216 2105 non
1222 2025 1465 2133 judicabitur,
1481 2025 1549 2103 sed
1563 2025 1655 2102 certi
1667 2025 1860 2104 dabuntur
1873 2053 1930 2102 au·

523 2156 664 2234 ditores
683 2157 766 2263 qui,
787 2183 901 2263 super
920 2155 1130 2261 premissis,
1148 2157 1284 2234 vocatis
1303 2156 1499 2234 evocandis
1517 2172 1557 2233 et
1576 2155 1651 2234 illis
1664 2156 1828 2232 maxime
1846 2183 1930 2262 quos

520 2285 638 2394 tangit
651 2285 848 2394 negocium
864 2286 1136 2392 supradictum,
1152 2287 1344 2393 inquirent
1357 2286 1491 2364 iterato
1504 2285 1697 2362 veritatem
1716 2285 1768 2362 ad
1787 2283 1930 2392 plenum

523 2435 561 2494 et
579 2418 791 2524 inquestam
812 2416 1157 2521 eorumlremittent
1175 2417 1223 2494 ad
1240 2417 1383 2494 curiam
1398 2413 1656 2524 judicandam.

578 2547 742 2626 Sabbato
760 2563 844 2653 post
860 2547 1145 2624 Penthecosten.

578 2680 627 2758 Μ.
650 2677 876 2786 Reginaldus
896 2677 944 2754 de
959 2676 1144 2776 Briencon
1159 2677 1368 2783 reportavit.

578 2941 700 3020 XCVI.
732 2940 830 3018 Cum
843 2941 1000 3048 Egidius
1012 2940 1040 3018 li
1053 2940 1256 3018 Escriniers
1270 2939 1541 3047 proposuisset,
1551 2967 1674 3016 coram
1687 2939 1829 3019 ballivo
1844 2943 1932 3020 Viro

523 3071 734 3160 mandensi,
752 3087 880 3148 contra
905 3069 1064 3177 Riquam
1088 3070 1125 3148 la
1145 3069 1320 3148 Barbiere
1340 3069 1387 3146 de
1408 3069 1603 3160 lauduno,
1623 3071 1727 3177 quod
1746 3071 1844 3178 ipse,
1868 3073 1930 3150 snb

523 3229 588 3308 spe
605 3201 729 3279 future
742 3201 1029 3292 muneracionis,
1042 3199 1366 3278 confessusluerat
1380 3228 1420 3278 se
1433 3199 1555 3277 teneri
1571 3201 1671 3278 dicte
1682 3202 1805 3307 Rique
1822 3203 1860 3278 in
1877 3203 1931 3280 de·

523 3359 604 3410 cem
620 3332 726 3410 libris
744 3331 1025 3421 Parisiensibus,
1041 3359 1206 3408 excausa
1217 3331 1448 3408 vendicionis
1466 3346 1643 3436 potorum
1664 3348 1702 3409 et
1719 3333 1929 3437 patellarum

523 3493 760 3570 capreorum,
778 3479 816 3540 et
829 3461 934 3570 quod
954 3461 1002 3539 de
1023 3463 1094 3538 hoc
1110 3462 1208 3538 dicte
1226 3462 1346 3568 Rique
1361 3460 1498 3538 fecerat
1512 3460 1676 3539 litteram
1686 3453 1838 3541 ballivie
1857 3491 1930 3568 pre·

523 3592 631 3684 dicte,
649 3593 830 3700 quodque
846 3593 944 3671 dicta
954 3593 1084 3698 Riqua,
1100 3608 1271 3697 pretextu
1286 3590 1523 3697 obligationis
1538 3591 1718 3697 predicte,
1735 3592 1837 3671 dicto
1851 3593 1929 3701 Egi-

523 3725 587 3802 dio
602 3725 823 3829 promiserat
843 3751 881 3799 se
905 3723 1020 3799 dictas
1040 3722 1171 3799 decem
1192 3721 1306 3798 libras
1324 3723 1362 3798 in
1380 3722 1537 3828 pecunia
1554 3741 1750 3800 numerata
1765 3739 1929 3800 mutuare

523 3855 665 3944 eidem,
686 3879 848 3958 cumque
864 3852 960 3928 dicta
975 3852 1095 3956 Riqua
1113 3851 1322 3956 predictam
1339 3853 1537 3959 pecuniam
1554 3852 1655 3930 dicto
1669 3853 1818 3968 Egidio,
1829 3871 1871 3930 ut
1881 3853 1931 3928 di·

523 3981 640 4070 cebat,
654 3981 912 4058 fraudulenter
926 3998 964 4058 et
979 3978 1120 4068 dolose,
1132 3979 1284 4056 nomine
1300 3981 1390 4058 dicti
1408 3981 1546 4070 mutui,
1561 3981 1708 4060 tradere
1718 3983 1927 4071 retardaret,

521 4113 639 4189 immo
662 4113 734 4191 sibi
753 4114 967 4218 denegaret,
984 4127 1028 4188 ut
1047 4111 1126 4216 ipse
1142 4109 1307 4204 dicebat,
1324 4138 1439 4218 quare
1456 4111 1607 4218 petebat
1625 4112 1764 4189 dictam
1780 4113 1929 4218 Riquam

522 4243 593 4321 sibi
609 4241 878 4348 condempnari
899 4242 945 4318 ad
966 4241 1039 4318 hoc
1058 4259 1102 4318 ut
1121 4241 1260 4318 dictam
1277 4242 1478 4347 pecuniam
1492 4241 1563 4319 sibi
1583 4259 1783 4334 mutuaret,
1791 4243 1849 4320 vel
1867 4241 1931 4318 sal·

521 4391 599 4452 tem
620 4375 782 4452 litteram
803 4371 1042 4479 obligacionis
1058 4370 1226 4478 predicte
1246 4371 1318 4447 sibi
1332 4371 1498 4448 traderet
1517 4388 1555 4448 et
1568 4371 1763 4462 liberaret,
1782 4387 1821 4449 et
1834 4368 1930 4477 quod

522 4503 683 4610 dampna
701 4521 738 4582 et
758 4503 952 4609 deperdita
967 4529 1057 4608 que,
1079 4529 1150 4606 pro
1166 4502 1373 4607 premissis,
1394 4501 1594 4592 babuerat,
1614 4501 1687 4578 sibi
1705 4501 1926 4587 restitueret,

522 4633 619 4711 dicta
637 4634 757 4740 Riqua
770 4663 813 4711 ex
829 4633 984 4710 adverso
999 4648 1232 4737 proponente
1252 4648 1291 4708 et
1308 4632 1515 4737 perplures
1529 4631 1696 4710 raciones
1710 4623 1855 4709 dicente
1868 4657 1930 4735 pe·

521 4747 589 4840 tite
609 4792 651 4840 ex
672 4781 775 4869 parte
796 4763 885 4840 dicti
909 4761 1033 4869 Egidii
1051 4761 1209 4838 minime
1229 4760 1368 4839 debere
1387 4761 1489 4852 lieri,
1513 4763 1704 4868 ipsamque
1723 4761 1771 4838 ab
1790 4757 1931 4866 impeti·

522 4892 629 4970 cione
643 4893 809 4998 predicta
829 4892 944 4998 ipsius
964 4890 1103 4968 debere
1122 4891 1284 4969 absolvi:
1300 4895 1407 4968 Facta
1420 4891 1533 4999 igitur
1544 4891 1714 4998 inquesta
1731 4913 1930 4996 superpre-

521 5023 654 5117 missis,
672 5025 718 5101 de
736 5024 910 5101 mandato
928 5022 1052 5101 ballivi
1070 5021 1257 5110 antedicti,
1275 5040 1312 5100 et
1329 5022 1378 5099 ad
1397 5039 1562 5099 nostram
1579 5020 1722 5100 curiam
1737 5033 1923 5126 ωροηθίᾶ,
