4450 6209
494 709 567 784 aso
1078 710 1169 785 ans
1198 708 1339 783 euru.
1374 690 1379 699 '

262 874 393 927 enisam
406 869 449 929 rt.
491 854 564 931 boc
583 852 656 929 sibi
677 852 887 959 specialiter
909 852 1149 959 deputatum,
1166 850 1401 961 baculusque
1423 870 1561 945 noster,
1578 854 1617 931 in
1639 856 1789 965 signum
1809 858 1920 967 garde

324 964 387 1006 Im.

491 984 677 1091 predicte,
701 1002 799 1062 esset
817 982 940 1092 palam
961 1001 1000 1061 et
1019 983 1172 1091 publice
1190 1002 1470 1091 superponam
1496 987 1652 1066 ecclesie
1672 988 1763 1065 dicti
1785 990 1922 1095 priora-

491 1134 553 1193 tus
572 1115 735 1223 positus,
759 1114 1050 1203 nichilominus,
1071 1132 1194 1224 spreta
1214 1144 1331 1193 manu
1348 1134 1386 1194 et
1405 1116 1518 1227 garda
1537 1118 1736 1224 predictis,
1758 1121 1866 1229 Hugo
1887 1139 1921 1199 et

492 1248 723 1326 Bertrandus
742 1248 791 1325 de
805 1245 1043 1355 Balagnerio,
1064 1247 1213 1337 fratres,
1232 1246 1377 1327 dictrrm
1397 1248 1607 1356 prioratum
1622 1250 1871 1341 intraverunt,
1886 1271 1922 1329 et

494 1397 620 1485 portas
636 1382 717 1486 ejus
733 1378 969 1467 claudentes,
985 1379 1129 1457 dictum
1145 1380 1309 1489 priorem
1329 1379 1376 1458 ad
1393 1380 1537 1459 dictum
1553 1381 1763 1489 prioratum
1777 1384 1922 1462 renisu⁶

493 1529 571 1588 tem
585 1530 623 1589 et
636 1511 776 1589 intrare
787 1511 994 1599 volentem,
1006 1511 1191 1591 violenter
1204 1528 1340 1590 etcum
1354 1513 1482 1603 arnus,
1496 1512 1777 1619 prohibuerunt
1792 1543 1841 1592 ne
1854 1515 1923 1593 dic-

493 1660 577 1718 tum
598 1643 804 1748 prioratum
826 1644 997 1734 intraret,
1021 1644 1146 1749 ipsum
1165 1643 1332 1750 priorem
1353 1644 1477 1723 taliter
1495 1646 1731 1751 possessione
1751 1675 1820 1725 sua
1842 1676 1924 1754 spo·

495 1773 641 1862 liando,
665 1803 782 1884 quare
806 1774 959 1882 petebat
983 1774 1106 1854 dictus
1132 1776 1380 1886 berengarius
1404 1776 1613 1882 prioratum
1637 1777 1853 1884 predictum
1878 1778 1923 1857 de

496 1907 715 2011 Verogolio,
727 1936 814 1984 cum
826 1907 904 1985 suis
914 1906 1068 2016 juribus
1083 1924 1121 1984 et
1135 1907 1378 2014 pertinenciis
1394 1924 1531 1986 etcum
1548 1908 1731 1987 fructibus
1747 1907 1837 1987 inde
1850 1938 1925 2017 per

498 2039 631 2144 ceptis,
644 2038 715 2114 sibi
729 2039 892 2126 restitui,
907 2056 945 2115 et
959 2068 998 2116 se
1013 2039 1052 2115 in
1066 2055 1206 2118 statum
1218 2038 1418 2146 pristinum
1434 2040 1583 2147 reponi,
1597 2056 1635 2117 et
1647 2040 1768 2119 dictos
1777 2039 1922 2128 frenes,

497 2196 567 2276 pro
588 2169 698 2246 dictis
715 2170 944 2260 excessibus,
964 2169 1111 2278 puniri;
1133 2170 1242 2249 dictis
1262 2169 1441 2249 fratribus
1459 2170 1635 2278 pluribus
1654 2171 1870 2251 nacionibus
1887 2200 1923 2249 se

499 2299 809 2389 defendentibus,
827 2330 872 2379 ex
891 2303 1046 2381 adverso
1062 2303 1172 2382 :Visa
1191 2303 1381 2411 inquesta,
1400 2332 1514 2411 super
1528 2304 1602 2384 hoc
1621 2332 1688 2411 per
1707 2303 1851 2382 dictum
1871 2334 1924 2383 se-

497 2431 704 2511 nescallum
728 2430 840 2523 facta,
868 2452 906 2512 et
931 2434 979 2511 de
1008 2434 1185 2514 mandato
1212 2452 1343 2513 nostro
1368 2434 1416 2513 ad
1440 2434 1691 2545 judicandum
1716 2436 1765 2513 ad
1786 2436 1926 2513 curiam

498 2579 664 2641 nonnam
693 2582 898 2673 reportata,
923 2594 992 2673 per
1017 2566 1207 2672 judicium
1236 2567 1338 2645 curie
1363 2582 1489 2647 nostre
1515 2565 1659 2645 dictum
1686 2562 1757 2644 luit
1783 2567 1925 2645 dictum

498 2694 649 2773 fratrem
670 2698 940 2805 berengarium
956 2698 996 2775 in
1014 2699 1148 2776 saisina
1165 2698 1254 2777 dicti
1276 2698 1463 2806 prioratus
1480 2697 1528 2777 de
1544 2699 1746 2807 Verogolio
1768 2728 1849 2777 esse
1871 2727 1927 2777 rc·

499 2828 739 2933 ponendum,
755 2830 793 2905 in
814 2829 950 2907 eodem
968 2848 1068 2907 statu
1088 2832 1128 2909 in
1149 2859 1227 2939 quo
1250 2831 1329 2939 ipse
1348 2848 1442 2921 erat,
1458 2848 1630 2941 tempore
1647 2831 1831 2911 violencie
1851 2860 1929 2938 pre·

502 2959 620 3048 dicte,
650 2959 747 3037 salva
771 2962 997 3040 anctoritate
1028 2979 1066 3040 et
1090 2962 1343 3070 disposicione
1371 2962 1518 3043 abbatis
1543 2962 1865 3043 Brantbolmensis
1891 2964 1928 3039 in

503 3089 698 3179 omnibus,
721 3109 904 3198 quantum
925 3094 974 3171 ad
991 3093 1199 3202 prioratum
1224 3094 1453 3203 predictum,
1478 3114 1518 3175 et
1544 3094 1786 3173 mandabitur
1805 3123 1929 3173 senes·

412 3247 416 3254 ‘
503 3221 599 3300 callo
619 3224 789 3340 predicto
809 3225 914 3333 quod
934 3224 983 3303 de
1002 3224 1191 3305 fructibus
1209 3226 1346 3307 exinde
1360 3227 1547 3335 perceptis
1567 3228 1690 3335 etqui
1710 3227 1852 3335 percipi
1871 3254 1930 3333 po

503 3371 676 3445 tuemnt,
693 3357 832 3435 vocatis
852 3386 1018 3465 quorum
1038 3358 1224 3447 intererit,
1243 3356 1368 3449 iaciat,
1391 3376 1505 3467 prout
1525 3358 1574 3436 ad
1596 3388 1636 3439 se
1655 3359 1835 3467 pertinet,
1853 3360 1930 3467 jus

504 3484 590 3561 ticie
611 3489 953 3594 complementum
970 3507 1009 3567 et
1022 3519 1092 3597 pro
1112 3492 1279 3598 eoquod
1295 3491 1385 3570 dicti
1405 3490 1537 3569 fratres
1555 3491 1709 3601 gardam
1724 3508 1763 3570 et
1777 3519 1929 3569 manum

503 3633 670 3695 nostram
699 3618 910 3729 fregerunt,
932 3651 1001 3729 per
1025 3622 1128 3699 idem
1151 3622 1339 3729 judicium
1363 3621 1508 3700 dietum
1532 3621 1604 3701 fuir
1624 3623 1730 3731 quod
1754 3622 1930 3701 debonis

506 3747 696 3826 dictorum
715 3749 871 3829 fratmm
888 3754 1083 3858 capientur
1104 3756 1267 3832 ducente
1287 3753 1383 3833 libre
1403 3756 1660 3845 Turonenses,
1682 3783 1752 3861 pro
1774 3755 1928 3833 emenda

507 3897 646 3956 nostra.

522 3999 549 4107 J
564 4013 718 4090 Veneris
738 4033 824 4093 ante
844 4017 980 4097 Ramos
999 4018 1225 4098 Palmamm.

563 4144 723 4223 Cuillier
740 4152 955 4255 reportavit.

561 4411 783 4489 LXXXVIII.
815 4412 930 4501 (lum,
952 4441 1066 4520 super
1085 4415 1240 4504 debato,
1262 4416 1301 4493 in
1323 4418 1427 4495 curia
1455 4436 1581 4497 nostra
1603 4420 1811 4526 pendente,
1836 4420 1932 4499 iuter

505 4543 678 4621 consules
690 4560 729 4620 et
744 4545 1001 4623 communiam
1011 4546 1099 4624 ville
1111 4548 1391 4627 Yssiodorensis
1405 4577 1447 4627 ao
1459 4550 1645 4658 quosdam
1654 4551 1862 4661 singulares
1872 4552 1933 4630 bo·

505 4676 628 4751 mines
641 4677 739 4753 dicte
755 4677 858 4767 ville,
872 4695 1002 4756 contra
1013 4678 1187 4759 abbatem
1198 4699 1237 4758 et
1247 4698 1474 4761 conventum
1487 4681 1561 4761 loci
1580 4682 1768 4791 ejusdem,
1785 4686 1933 4763 racione

505 4808 753 4912 quarumdam
771 4809 972 4915 prisiarum
993 4830 1123 4891 contra
1140 4811 1331 4921 predictos
1344 4842 1413 4922 per
1427 4832 1558 4923 gentes
1575 4814 1765 4893 dictorum
1782 4816 1933 4926 religio-

505 4964 635 5016 sorum
649 4938 688 5013 in
704 4938 802 5017 dicta
815 4941 901 5019 villa
917 4940 1116 5033 laetarum,
1134 4972 1202 5051 per
1221 4963 1406 5025 arrestum
1423 4948 1526 5025 curie
1541 4962 1677 5025 nostre‘
1688 4947 1835 5025 dictum
1848 4945 1933 5025 finis

505 5087 578 5160 set,
594 5068 633 5147 in
646 5068 877 5175 parlamento
893 5075 981 5152 anni
995 5076 1248 5155 trecentesimi
1265 5079 1433 5186 septimi,
1449 5077 1572 5186 quod,
1593 5106 1660 5186 per
1678 5106 1836 5157 uranum
1852 5105 1934 5157 nos·
