4450 6209
503 709 577 786 5511
1086 707 1176 780 tus
1207 704 1348 778 OLIM.

271 865 405 924 nnuma
417 865 463 929 N.
498 853 604 932 curie
615 852 820 960 judicium,
836 851 979 928 dictum
993 847 1064 927 luit
1076 849 1180 955 quod
1197 846 1321 925 dictus
1333 845 1570 953 pedagiarius
1584 863 1727 934 noster,
1740 846 1780 921 in
1794 845 1926 923 saisina

335 957 401 1004 ’ω’
502 1013 584 1076 sua,
600 983 756 1062 nomine
768 999 910 1070 nostro,
922 981 1193 1088 predictorum,
1211 995 1395 1086 quanmm
1409 977 1458 1054 ad
1469 976 1589 1083 pelles
1603 976 1743 1055 delatas
1758 979 1799 1053 in
1806 979 1927 1054 carr-ri·

499 1113 573 1192 bus
587 1114 645 1191 vel
666 1112 873 1224 quadrigis,
895 1110 1123 1199 remanebit,
1144 1127 1328 1188 reservata
1342 1109 1543 1216 questione
1561 1107 1802 1216 proprietatis
1815 1137 1926 1213 super

501 1245 574 1322 hoc
592 1245 687 1352 parti
707 1243 871 1323 adverse.

556 1377 685 1452 Martis
703 1392 789 1482 post
807 1372 1155 1452 Annunciacionem
1176 1371 1416 1449 dominicam.

556 1505 958 1586 Sanctus-Benedictus
972 1503 1185 1609 repo1tavit.

554 1769 711 1848 XLVIII.
743 1767 841 1845 Cum
873 1765 1058 1844 discordia
1086 1782 1199 1855 esset,
1226 1793 1351 1842 coram
1375 1765 1572 1843 Parisiensi
1595 1764 1803 1871 preposito,
1830 1764 1927 1840 inter

493 1899 734 2006 Stephanum
749 1898 796 1974 de
809 1896 1000 1977 Lambalia
1012 1914 1050 1973 et
1064 1897 1247 2004 majorem
1259 1896 1307 1973 de
1317 1897 1502 2002 Tyronio,
1517 1924 1562 1974 ex
1575 1925 1650 1972 una
1663 1912 1784 2002 parte,
1800 1909 1842 1972 et
1853 1923 1928 1971 ma-

499 2030 661 2138 gistrum
678 2031 849 2108 Euenum
871 2028 919 2106 de
937 2027 1102 2119 Garbe,
1120 2056 1164 2104 ex
1182 2027 1315 2118 altera,
1332 2055 1447 2133 super
1465 2055 1511 2106 eo
1525 2026 1707 2104 videlicet·
1714 2027 1820 2134 quod
1838 2025 1926 2103 dicti

502 2161 713 2268 Stephanus
729 2177 767 2238 et
779 2161 900 2268 major
914 2159 1090 2236 dicebant
1103 2158 1206 2236 aliud
1220 2156 1335 2235 fuisse
1347 2159 1637 2264 pronunciatum
1648 2185 1716 2264 per
1728 2158 1926 2264 antiquum

499 2293 732 2398 prepositum
743 2291 989 2369 Parisicnsem
998 2291 1064 2397 qui
1076 2287 1410 2368 novissimeluerat
1422 2307 1508 2368 ante
1519 2291 1633 2366 istum
1645 2289 1713 2397 qui
1724 2289 1845 2366 modo
1857 2306 1925 2381 est,

500 2424 537 2500 in
550 2424 713 2530 quadam
724 2421 1006 2500 interlocutoria
1015 2421 1215 2526 peripsum
1229 2419 1318 2510 lata,
1331 2449 1446 2527 quam
1461 2421 1641 2527 scriptum
1656 2436 1756 2498 esset
1766 2421 1807 2498 in
1817 2449 1882 2507 ea,
1893 2438 1928 2497 et

500 2554 605 2662 quod
620 2552 879 2631 fraudulenter
896 2569 935 2628 et
948 2550 1155 2640 maliciose,
1172 2580 1240 2658 pcr
1256 2550 1400 2629 dictum
1412 2552 1633 2660 magistrum
1647 2555 1837 2642 Euenum,
1854 2551 1929 2629 fue

499 2702 556 2761 rat
577 2684 676 2762 dicta
694 2681 978 2762 interlocutoria
993 2680 1209 2786 impetrata;
1231 2681 1333 2760 dicto
1353 2682 1531 2790 magistro
1548 2684 1676 2761 Eveno
1695 2685 1927 2762 contrarium

501 2835 708 2909 asserente;
730 2816 942 2922 prepositus
956 2817 1189 2905 Parisiennis,
1206 2817 1272 2923 qui
1291 2845 1395 2895 nunc
1413 2833 1486 2907 est,
1502 2816 1590 2896 visis
1606 2817 1822 2895 accionibus
1839 2818 1927 2895 hinc

500 2948 588 3026 inde
608 2947 809 3053 propositis
828 2945 1040 3055 diligenter,
1060 2947 1139 3024 vieo
1159 2947 1277 3025 eciam
1293 2948 1400 3056 signo
1419 2948 1510 3025 dieti
1529 2949 1709 3055 prepositi
1723 2950 1872 3056 antiqui
1891 2969 1927 3028 et

499 3078 622 3186 sigillo
644 3078 832 3158 Castelleti
852 3077 992 3185 quibus
1008 3077 1108 3156 dicta
1126 3079 1411 3157 interlocutoria
1425 3079 1583 3190 sigillata
1596 3098 1691 3170 erat,
1707 3081 1793 3158 visis
1807 3083 1925 3159 eciam

499 3210 785 3290 memorialibus
796 3210 1095 3316 assignacionum
1117 3210 1266 3290 dierum
1286 3210 1392 3288 Iactis
1412 3213 1523 3290 dictis
1541 3212 1710 3318 partibus
1728 3213 1777 3288 ad
1797 3214 1926 3291 dicen·

499 3343 592 3421 dum
612 3342 785 3420 veritates
805 3369 908 3430 suas,
929 3343 1191 3448 pronunciavit
1217 3341 1321 3449 quod
1341 3343 1502 3422 ulterius
1521 3345 1792 3450 procederetur
1813 3373 1927 3451 super

496 3473 780 3553 interlocutoria
807 3475 1019 3580 supradicta
1045 3505 1090 3559 eo
1119 3475 1235 3553 modo
1263 3505 1341 3583 quo
1367 3476 1528 3584 sigillata
1553 3495 1632 3554 erat
1661 3493 1700 3554 et
1722 3478 1877 3584 scripta;
1905 3507 1925 3554 a

497 3636 572 3714 qua
583 3606 918 3711 pronunciacione,
930 3625 1110 3715 tanquam
1124 3606 1214 3686 salsa
1229 3625 1266 3684 et
1280 3635 1406 3714 prava,
1424 3607 1514 3685 dicti
1530 3607 1743 3714 Stephanus
1756 3627 1797 3686 et
1805 3613 1925 3720 major

496 3738 547 3816 ed
565 3754 732 3814 nostram
753 3739 894 3816 curiam
916 3738 1179 3845 appellarunt:
1199 3739 1349 3816 Auditis
1368 3739 1493 3846 igitur,
1516 3740 1557 3815 in
1576 3767 1682 3818 causa
1701 3740 1923 3848 appellacio·

498 3868 557 3944 nis
583 3867 769 3973 predicte,
798 3868 908 3946 dictis
930 3868 1100 3974 partibus
1128 3887 1167 3946 et
1190 3870 1267 3947 viso
1286 3899 1465 3975 processu
1489 3899 1602 3977 super
1619 3872 1694 3948 hoc
1721 3872 1834 3962 lacto,
1856 3901 1923 3978 per

498 4013 626 4075 nostre
646 3998 749 4075 curie
763 3999 967 4108 judicium,
994 4000 1137 4077 dictum
1156 4000 1228 4079 luit
1247 4001 1352 4110 quod
1368 4005 1581 4110 prepositus
1600 4003 1834 4093 parisiensis,
1856 4005 1920 4110 qui

498 4157 602 4206 nunc
617 4147 688 4220 est,
705 4129 803 4208 hene
821 4132 1095 4239 pronunciavit,
1117 4150 1156 4210 et
1171 4134 1276 4240 quod
1292 4135 1381 4214 dicti
1402 4136 1614 4241 Stephanus
1634 4152 1673 4213 et
1690 4137 1813 4244 major
1826 4135 1920 4212 male

497 4261 792 4368 appellaverunt,
811 4280 850 4342 et
863 4264 936 4341 hoc
950 4266 1227 4356 emendabunt,
1245 4283 1283 4343 et
1297 4267 1420 4373 quod,
1437 4268 1646 4346 secundum
1661 4267 1744 4373 ejus
1754 4296 1921 4373 pronun-

497 4393 721 4484 ciacionem,
743 4395 950 4500 procedent
970 4395 1009 4472 in
1030 4425 1139 4473 causa
1158 4396 1326 4503 predicta
1345 4398 1505 4476 ulterius
1524 4398 1625 4481 dicte
1642 4413 1778 4507 pantes.

552 4526 681 4603 Martis
700 4539 786 4630 post
804 4524 1151 4605 Annunciacionem
1172 4529 1411 4606 dominicam.

552 4656 955 4736 Sanctus-Benedictus
974 4660 1187 4764 reportavit.

552 4917 678 4996 XLIX.
709 4920 810 4997 Mota
829 4921 866 4996 in
881 4937 1007 4998 nostra
1026 4923 1213 5004 curia-lite
1229 4924 1269 5000 in
1285 4922 1554 5031 appellacionis
1571 4953 1679 5002 censa
1696 4926 1796 5012 inter
1812 4924 1917 5003 balli-

496 5077 584 5126 vum
598 5050 857 5127 senonensem
876 5068 913 5127 et
930 5072 1189 5160 preceptorem
1208 5056 1349 5134 ὀοιηιιε
1358 5056 1559 5162 Hospitalis
1576 5057 1624 5134 de
1640 5058 1855 5147 Cerasariis‚
1874 5084 1917 5133 ea
