4450 6209
751 745 1021 854 auoutras
1048 765 1113 836 aa
1140 747 1347 839 ancona.
1693 763 1762 839 tas

332 899 520 994 annualis,
537 908 613 1008 que
630 900 780 983 lucrant
796 907 975 984 Bertaudi
993 905 1139 985 Arrode
1157 908 1378 1016 supradicti,
1397 925 1568 1015 tempore
1588 933 1665 1015 qno
1684 893 1764 1017 ipse
1803 919 1934 980 Puram
1948 925 1991 986 tv,

331 1033 515 1112 contraxit
540 1035 827 1116 matrimonium
857 1067 945 1114 cum
969 1039 1167 1148 Margarita
1192 1039 1375 1146 predicta,
1402 1055 1440 1114 et
1462 1027 1645 1147 arreragiis
1674 1039 1764 1118 dicti
1867 1019 1929 1060 ¹³⁰*

330 1166 507 1244 redditus
521 1168 568 1243 de
584 1172 725 1245 novem
736 1169 847 1249 annis
858 1170 1060 1248 novissime
1073 1165 1265 1276 preteritis
1278 1171 1337 1248 vel
1351 1170 1465 1262 circa3
1481 1171 1583 1249 idem
1602 1174 1766 1282 preposi-

329 1316 392 1376 tus
408 1327 477 1405 per
490 1328 604 1376 suum
613 1297 804 1406 judicium
816 1301 1032 1408 predictum
1045 1302 1260 1395 Nicolaum,
1277 1329 1355 1410 quo
1369 1331 1481 1409 supra
1492 1304 1664 1398 nomine,
1681 1335 1765 1386 con-

332 1431 548 1508 demnasset
572 1432 621 1508 ad
648 1433 890 1511 reddendum
916 1433 1017 1511 dicte
1043 1431 1262 1542 Margarita,
1286 1435 1471 1542 quamdiu
1499 1435 1577 1542 ipsa
1603 1437 1761 1529 viveret,

330 1563 520 1672 sexaginta
535 1581 574 1640 et
587 1564 807 1670 quindecim
822 1565 966 1644 solidos
980 1566 1210 1644 Parisienses
1225 1567 1439 1654 annuatim,
1458 1568 1608 1644 racione
1624 1569 1682 1646 sui
1697 1569 1766 1648 do-

329 1695 464 1784 talicii,
486 1723 556 1802 pro
577 1697 779 1774 medietate
799 1697 972 1775 redditus
995 1696 1228 1804 supradicti,
1245 1725 1356 1805 supra
1377 1700 1535 1776 domum
1556 1700 1764 1805 predictam

329 1827 475 1916 situati,
497 1843 536 1904 et
556 1827 684 1906 omnia
703 1829 888 1937 arreragia
908 1829 998 1905 dicti
1020 1828 1207 1921 dotalicii,
1230 1859 1252 1906 a
1269 1846 1442 1935 tempore
1462 1829 1538 1906 litis
1558 1847 1763 1910 contestata

329 1987 445 2065 super
461 1958 534 2036 hoc
553 1959 788 2038 interdictas
809 1977 932 2067 partes
953 1989 1081 2039 coram
1097 1959 1291 2069 preposito
1308 1955 1544 2069 supradict03
1565 1961 1763 2071 dictusque

328 2088 519 2183 Nicotaus,
540 2091 696 2168 nomine
717 2120 795 2199 quo
810 2121 942 2199 supra,
962 2091 1009 2169 ab
1026 2091 1245 2200 hujusmodi
1261 2091 1431 2200 judicato
1447 2109 1574 2170 contra
1594 2121 1633 2170 se
1648 2092 1761 2186 facto,

328 2239 509 2328 tanquam
524 2251 545 2298 a
558 2221 652 2302 salso
671 2240 710 2300 et
722 2253 852 2330 pravo,
870 2223 919 2300 ad
931 2252 1003 2302 nos
1015 2224 1259 2332 appellasset:
1276 2223 1466 2317 Tandem,
1483 2225 1522 2300 in
1539 2215 1647 2302 carisa
1665 2209 1763 2303 dicte

327 2353 614 2461 appellacionis,
635 2355 815 2460 predictis
833 2355 1004 2462 partibus
1022 2357 1063 2432 in
1082 2373 1209 2434 nostra
1228 2355 1332 2432 curia
1343 2349 1579 2444 consumtis,
1602 2345 1763 2464 vitisque

322 2485 513 2593 judicato,
531 2487 771 2593 processibus
787 2505 825 2564 et
840 2487 976 2564 litteris
989 2487 1160 2594 parcium
1178 2487 1415 2576 earumdem,
1434 2481 1500 2594 pe'r
1516 2488 1618 2564 curie
1635 2505 1762 2564 nostre

322 2618 534 2725 judicium,
553 2618 696 2696 dictum
714 2617 788 2696 suit
803 2635 842 2695 et
858 2619 1151 2726 pronunciatum
1173 2617 1317 2694 dictum
1334 2615 1572 2725 prepositum
1590 2619 1688 2696 bene
1699 2620 1763 2727 ju-

328 2750 489 2839 dicasse,
506 2767 543 2828 et
560 2751 775 2857 predictum
790 2750 988 2828 Nicolaum
1005 2751 1105 2827 male
1120 2747 1340 2857 appellasse.
1358 2751 1400 2825 In
1418 2745 1542 2857 cujus,
1563 2767 1649 2827 etc.¹

384 2881 538 2960 Sabbati
558 2900 644 2990 post
663 2882 949 2972 Assensionem,
971 2911 1071 2960 anno
1094 2882 1361 2959 trecentesimo
1381 2899 1525 2989 quarto.

382 3014 593 3093 Emendam
613 3014 760 3092 remisit
785 3014 888 3092 curia
909 3014 1010 3093 dicto
1030 3014 1200 3103 Nicolao,
1228 3014 1380 3124 racione
1406 3014 1662 3120 predictorum
1691 3017 1760 3094 mi-

327 3175 477 3224 norum.

383 3413 492 3490 XXll.
522 3412 622 3491 Cum
645 3413 746 3491 inter
769 3413 1050 3522 Raymundam,
1075 3412 1246 3490 relictam
1272 3413 1465 3521 quondam
1492 3414 1658 3520 magistri
1680 3417 1761 3493 Ste‘-

326 3545 442 3652 pbani
462 3543 632 3638 Gonelli‚
655 3545 800 3639 clerici,
817 3563 895 3622 tam
914 3575 984 3654 pro
1004 3573 1044 3623 se
1064 3573 1180 3653 quam
1201 3573 1269 3651 pro
1292 3544 1423 3622 liberis
1441 3546 1536 3632 suis,
1563 3562 1600 3622 et
1623 3573 1761 3652 procu-
1821 3625 1823 3631 Α

326 3694 489 3755 ratorem
504 3693 678 3756 nostrum
691 3675 909 3756 senescallie
923 3677 1254 3786 Petregoricensis,
1270 3705 1339 3784 pro
1355 3678 1485 3770 nobis,
1497 3689 1626 3786 exuna
1636 3695 1758 3784 parta,

327 3828 365 3887 et
384 3810 560 3888 consules
581 3810 797 3917 Moyssiaci,
819 3827 987 3916 exparte
1008 3809 1142 3900 altera,
1170 3827 1274 3888 mota
1298 3827 1395 3888 esset
1418 3799 1573 3888 materia
1593 3811 1761 3916 questio-

326 3943 385 4018 nis
412 3971 527 4048 super
546 3970 592 4020 eo
610 3943 716 4050 quod
730 3942 890 4050 predicti
905 3942 1128 4050 Raymunda
1150 3958 1187 4020 et
1208 3959 1431 4049 procurator
1448 3959 1588 4035 noster,
1605 3943 1760 4021 nomine

326 4103 404 4181 quo
433 4103 562 4181 supra,
592 4092 876 4182 proposuerunt
898 4074 1006 4182 quod
1028 4103 1098 4182 per
1122 4073 1243 4154 dictos
1267 4060 1457 4166 consules,
1486 4092 1525 4152 et
1549 4073 1762 4183 specialiter

325 4235 393 4312 per
420 4204 671 4286 Guillelmum
697 4205 928 4316 Raymundi,
956 4206 1193 4299 scutiferum,
1222 4206 1456 4287 Bernardum
1483 4206 1657 4295 Galterii,
1685 4207 1760 4284 Ge-

325 4337 481 4416 rardum
499 4339 721 4427 Textorem,
742 4338 980 4416 Bernardum
999 4337 1182 4416 lobannis
1201 4337 1250 4414 de
1270 4339 1467 4448 Magistro,
1490 4337 1698 4426 seniorem,
1717 4353 1761 4414 'et

324 4470 562 4548 Bernardum
585 4470 770 4579 ilstorgii,
799 4469 976 4547 consules
1001 4468 1214 4576 Nloyssiaci‚
1232 4487 1280 4545 et
1302 4467 1351 4544 ad
1377 4493 1510 4546 eorum
1537 4467 1762 4546 instanciam

325 4631 392 4681 seu
420 4602 658 4691 mandatum,
688 4601 883 4679 occasione
912 4601 1106 4678 talliarum
1135 4599 1256 4708 ipsius
1284 4599 1579 4688 communitatis,
1610 4616 1760 4706 etpost

325 4735 623 4844 appellacionem
643 4736 692 4813 ad
710 4764 779 4813 nos
793 4765 862 4842 per
879 4733 1025 4811 dictum
1042 4733 1297 4840 Stephanum,
1316 4731 1409 4808 dum
1424 4731 1585 4824 vivebat,
1610 4748 1652 4808 ut
1669 4732 1761 4809 dici'-

324 4886 399 4961 tur,
427 4867 779 4976 interjectamipsi
807 4867 1019 4975 Stephano,
1046 4865 1268 4974 Raymunde
1294 4881 1333 4942 et
1355 4891 1425 4944 sue
1453 4863 1611 4956 familie,
1638 4864 1758 4942 multe
1801 4846 1804 4850 ¹

324 4999 479 5107 injurie,
498 5000 701 5109 ejectiones
718 5017 757 5077 et
775 4998 975 5087 violencie,
997 4998 1038 5074 in
1047 4997 1221 5105 personis
1237 5025 1389 5086 eorum,
1408 5014 1447 5076 et
1460 4996 1581 5074 multa
1596 4996 1759 5102 dampna

325 5131 365 5207 in
383 5130 500 5209 rebus
526 5117 701 5210 et'bonis
724 5131 967 5222 eorumdem,
995 5147 1073 5207 tam
1099 5129 1308 5208 mobilibus
1334 5159 1447 5237 quam
1476 5128 1756 5219 immobilibus,
1850 5225 1857 5232 ἢ

412 5309 467 5351 aas
488 5309 570 5352 otuu
595 5309 641 5350 ur.
1595 5308 1628 5366 ¹7
