<?xml version="1.0" encoding="UTF-8"?>
<!DOCTYPE html PUBLIC "-//W3C//DTD XHTML 1.0 Transitional//EN"
    "http://www.w3.org/TR/xhtml1/DTD/xhtml1-transitional.dtd">
<html xmlns="http://www.w3.org/1999/xhtml" xml:lang="en" lang="en">
 <head>
  <title>
</title>
<meta http-equiv="Content-Type" content="text/html;charset=utf-8" />
  <meta name='ocr-system' content='tesseract 3.04.00' />
  <meta name='ocr-capabilities' content='ocr_page ocr_carea ocr_par ocr_line ocrx_word'/>
</head>
<body>
  <div class='ocr_page' id='page_1' title='image "./lesolimouregist00parigoog_0618.png"; bbox 0 0 4450 6209; ppageno 0'>
   <div class='ocr_carea' id='block_1_1' title="bbox 712 756 1715 867">
    <p class='ocr_par' dir='ltr' id='par_1_1' title="bbox 712 756 1715 867">
     <span class='ocr_line' id='line_1_1' title="bbox 712 756 1715 867; baseline -0.009 -17"><span class='ocrx_word' id='word_1_1' title='bbox 712 758 980 867; x_wconf 79' lang='lat' dir='ltr'><strong>snouoros</strong></span> <span class='ocrx_word' id='word_1_2' title='bbox 1005 776 1070 849; x_wconf 83' lang='lat' dir='ltr'><strong>or</strong></span> <span class='ocrx_word' id='word_1_3' title='bbox 1095 756 1302 849; x_wconf 77' lang='lat' dir='ltr'><strong>rnoots.</strong></span> <span class='ocrx_word' id='word_1_4' title='bbox 1646 768 1715 842; x_wconf 82' lang='lat'><strong>521</strong></span> 
     </span>
    </p>
   </div>
   <div class='ocr_carea' id='block_1_2' title="bbox 301 911 1944 1413">
    <p class='ocr_par' dir='ltr' id='par_1_2' title="bbox 301 911 1944 1413">
     <span class='ocr_line' id='line_1_2' title="bbox 301 911 1944 1028; baseline 0 -36"><span class='ocrx_word' id='word_1_5' title='bbox 301 912 458 992; x_wconf 84' lang='lat' dir='ltr'><strong>vicarius</strong></span> <span class='ocrx_word' id='word_1_6' title='bbox 477 911 566 992; x_wconf 88' lang='lat' dir='ltr'><strong>dicti</strong></span> <span class='ocrx_word' id='word_1_7' title='bbox 589 915 748 1012; x_wconf 87' lang='lat' dir='ltr'><strong>abbatis,</strong></span> <span class='ocrx_word' id='word_1_8' title='bbox 771 920 809 995; x_wconf 94' lang='lat' dir='ltr'><strong>in</strong></span> <span class='ocrx_word' id='word_1_9' title='bbox 832 918 1047 1028; x_wconf 84' lang='lat' dir='ltr'><strong>quingentis</strong></span> <span class='ocrx_word' id='word_1_10' title='bbox 1066 918 1171 997; x_wconf 87' lang='lat' dir='ltr'><strong>libris</strong></span> <span class='ocrx_word' id='word_1_11' title='bbox 1193 912 1478 997; x_wconf 89' lang='lat' dir='ltr'><strong>Turonensibus</strong></span> <span class='ocrx_word' id='word_1_12' title='bbox 1498 914 1626 1003; x_wconf 87' lang='lat' dir='ltr'><strong>nobis,</strong></span> <span class='ocrx_word' id='word_1_13' title='bbox 1651 940 1719 1021; x_wconf 90' lang='lat' dir='ltr'><strong>pro</strong></span> <span class='ocrx_word' id='word_1_14' title='bbox 1759 934 1889 990; x_wconf 70' lang='lat' dir='ltr'><strong>panim</strong></span> <span class='ocrx_word' id='word_1_15' title='bbox 1903 932 1944 992; x_wconf 73' lang='lat' dir='ltr'><strong>tv·</strong></span> 
     </span>
     <span class='ocr_line' id='line_1_3' title="bbox 302 1026 1885 1157; baseline 0.003 -35"><span class='ocrx_word' id='word_1_16' title='bbox 302 1045 475 1137; x_wconf 88' lang='lat' dir='ltr'><strong>emenda,</strong></span> <span class='ocrx_word' id='word_1_17' title='bbox 498 1047 618 1125; x_wconf 83' lang='lat' dir='ltr'><strong>extitit</strong></span> <span class='ocrx_word' id='word_1_18' title='bbox 637 1050 947 1157; x_wconf 83' lang='lat' dir='ltr'><strong>condempnatus.</strong></span> <span class='ocrx_word' id='word_1_19' title='bbox 1822 1026 1885 1069; x_wconf 55' lang='grc' dir='ltr'><strong>Μ’</strong></span> 
     </span>
     <span class='ocr_line' id='line_1_4' title="bbox 359 1176 988 1288; baseline 0.008 -35"><span class='ocrx_word' id='word_1_20' title='bbox 359 1176 759 1271; x_wconf 84' lang='lat' dir='ltr'><strong>Sanctus-Benedictus</strong></span> <span class='ocrx_word' id='word_1_21' title='bbox 775 1181 988 1288; x_wconf 76' lang='lat' dir='ltr'>reportavit.</span> 
     </span>
     <span class='ocr_line' id='line_1_5' title="bbox 357 1306 808 1413; baseline 0.018 -31"><span class='ocrx_word' id='word_1_22' title='bbox 357 1306 458 1383; x_wconf 86' lang='lat' dir='ltr'><strong>Jovis</strong></span> <span class='ocrx_word' id='word_1_23' title='bbox 476 1324 562 1413; x_wconf 89' lang='lat' dir='ltr'><strong>post</strong></span> <span class='ocrx_word' id='word_1_24' title='bbox 580 1310 808 1390; x_wconf 91' lang='lat' dir='ltr'><strong>Brandones.</strong></span> 
     </span>
    </p>
   </div>
   <div class='ocr_carea' id='block_1_3' title="bbox 303 1570 1751 5204">
    <p class='ocr_par' dir='ltr' id='par_1_3' title="bbox 303 1570 1751 5204">
     <span class='ocr_line' id='line_1_6' title="bbox 359 1570 1725 1676; baseline 0 -29"><span class='ocrx_word' id='word_1_25' title='bbox 359 1571 437 1647; x_wconf 87' lang='lat' dir='ltr'><strong>XX.</strong></span> <span class='ocrx_word' id='word_1_26' title='bbox 467 1570 565 1647; x_wconf 85' lang='lat' dir='ltr'><strong>Cum</strong></span> <span class='ocrx_word' id='word_1_27' title='bbox 584 1573 761 1676; x_wconf 83' lang='lat' dir='ltr'>priorissa</span> <span class='ocrx_word' id='word_1_28' title='bbox 778 1591 815 1651; x_wconf 90' lang='lat' dir='ltr'><strong>et</strong></span> <span class='ocrx_word' id='word_1_29' title='bbox 827 1590 1035 1650; x_wconf 89' lang='lat' dir='ltr'><strong>conventus</strong></span> <span class='ocrx_word' id='word_1_30' title='bbox 1044 1571 1266 1651; x_wconf 78' lang='lat' dir='ltr'><strong>monasterii</strong></span> <span class='ocrx_word' id='word_1_31' title='bbox 1281 1571 1431 1662; x_wconf 89' lang='lat' dir='ltr'><strong>Juliaci,</strong></span> <span class='ocrx_word' id='word_1_32' title='bbox 1454 1570 1598 1649; x_wconf 83' lang='lat' dir='ltr'><strong>ordinis</strong></span> <span class='ocrx_word' id='word_1_33' title='bbox 1611 1571 1725 1647; x_wconf 90' lang='lat' dir='ltr'><strong>sancti</strong></span> 
     </span>
     <span class='ocr_line' id='line_1_7' title="bbox 304 1692 1730 1811; baseline 0.001 -34"><span class='ocrx_word' id='word_1_34' title='bbox 304 1700 514 1792; x_wconf 82' lang='lat' dir='ltr'><strong>Benedicti,</strong></span> <span class='ocrx_word' id='word_1_35' title='bbox 533 1702 780 1810; x_wconf 89' lang='lat' dir='ltr'><strong>Lingonensis</strong></span> <span class='ocrx_word' id='word_1_36' title='bbox 801 1704 988 1811; x_wconf 85' lang='lat' dir='ltr'><strong>dyocesis,</strong></span> <span class='ocrx_word' id='word_1_37' title='bbox 1010 1703 1120 1780; x_wconf 90' lang='lat' dir='ltr'><strong>nobis</strong></span> <span class='ocrx_word' id='word_1_38' title='bbox 1137 1704 1294 1810; x_wconf 87' lang='lat' dir='ltr'><strong>graviter</strong></span> <span class='ocrx_word' id='word_1_39' title='bbox 1309 1692 1576 1809; x_wconf 85' lang='lat' dir='ltr'><strong>conquerendo</strong></span> <span class='ocrx_word' id='word_1_40' title='bbox 1602 1730 1730 1779; x_wconf 90' lang='lat' dir='ltr'><strong>moos-</strong></span> 
     </span>
     <span class='ocr_line' id='line_1_8' title="bbox 303 1816 1751 1942; baseline 0.001 -35"><span class='ocrx_word' id='word_1_41' title='bbox 303 1848 465 1909; x_wconf 87' lang='lat' dir='ltr'><strong>trassent</strong></span> <span class='ocrx_word' id='word_1_42' title='bbox 477 1835 600 1938; x_wconf 88' lang='lat' dir='ltr'><strong>quod,</strong></span> <span class='ocrx_word' id='word_1_43' title='bbox 618 1863 704 1911; x_wconf 91' lang='lat' dir='ltr'><strong>cum</strong></span> <span class='ocrx_word' id='word_1_44' title='bbox 717 1837 811 1942; x_wconf 91' lang='lat' dir='ltr'><strong>ipse,</strong></span> <span class='ocrx_word' id='word_1_45' title='bbox 824 1863 893 1941; x_wconf 92' lang='lat' dir='ltr'><strong>per</strong></span> <span class='ocrx_word' id='word_1_46' title='bbox 905 1863 993 1912; x_wconf 90' lang='lat' dir='ltr'><strong>suos</strong></span> <span class='ocrx_word' id='word_1_47' title='bbox 1004 1835 1197 1912; x_wconf 89' lang='lat' dir='ltr'><strong>ministros</strong></span> <span class='ocrx_word' id='word_1_48' title='bbox 1209 1816 1409 1924; x_wconf 84' lang='lat' dir='ltr'><strong>seculares,</strong></span> <span class='ocrx_word' id='word_1_49' title='bbox 1426 1828 1751 1911; x_wconf 87' lang='lat' dir='ltr'><strong>tenerentunum&#39;</strong></span> 
     </span>
     <span class='ocr_line' id='line_1_9' title="bbox 305 1960 1729 2071; baseline 0.001 -34"><span class='ocrx_word' id='word_1_50' title='bbox 305 1960 501 2039; x_wconf 90' lang='lat' dir='ltr'><strong>bominem</strong></span> <span class='ocrx_word' id='word_1_51' title='bbox 517 1980 556 2039; x_wconf 89' lang='lat' dir='ltr'><strong>ct</strong></span> <span class='ocrx_word' id='word_1_52' title='bbox 569 1992 684 2041; x_wconf 87' lang='lat' dir='ltr'><strong>unam</strong></span> <span class='ocrx_word' id='word_1_53' title='bbox 698 1965 879 2042; x_wconf 80' lang='lat' dir='ltr'><strong>feminam</strong></span> <span class='ocrx_word' id='word_1_54' title='bbox 893 1992 963 2071; x_wconf 90' lang='lat' dir='ltr'><strong>pro</strong></span> <span class='ocrx_word' id='word_1_55' title='bbox 978 1964 1156 2071; x_wconf 87' lang='lat' dir='ltr'><strong>imposito</strong></span> <span class='ocrx_word' id='word_1_56' title='bbox 1172 1964 1244 2041; x_wconf 90' lang='lat' dir='ltr'><strong>sibi</strong></span> <span class='ocrx_word' id='word_1_57' title='bbox 1260 1965 1417 2043; x_wconf 74' lang='lat' dir='ltr'><strong>ommino</strong></span> <span class='ocrx_word' id='word_1_58' title='bbox 1430 1964 1643 2054; x_wconf 89' lang='lat' dir='ltr'><strong>homicidii,</strong></span> <span class='ocrx_word' id='word_1_59' title='bbox 1660 1991 1729 2039; x_wconf 90' lang='lat' dir='ltr'><strong>suo</strong></span> 
     </span>
     <span class='ocr_line' id='line_1_10' title="bbox 305 2093 1732 2205; baseline 0 -34"><span class='ocrx_word' id='word_1_60' title='bbox 305 2093 442 2171; x_wconf 86' lang='lat' dir='ltr'><strong>carceri</strong></span> <span class='ocrx_word' id='word_1_61' title='bbox 462 2095 710 2201; x_wconf 89' lang='lat' dir='ltr'><strong>mancipatos,</strong></span> <span class='ocrx_word' id='word_1_62' title='bbox 735 2098 959 2205; x_wconf 83' lang='lat' dir='ltr'><strong>Margareta,</strong></span> <span class='ocrx_word' id='word_1_63' title='bbox 989 2097 1143 2173; x_wconf 92' lang='lat' dir='ltr'><strong>domina</strong></span> <span class='ocrx_word' id='word_1_64' title='bbox 1170 2096 1218 2174; x_wconf 93' lang='lat' dir='ltr'><strong>de</strong></span> <span class='ocrx_word' id='word_1_65' title='bbox 1244 2095 1638 2184; x_wconf 86' lang='lat' dir='ltr'><strong>Sancto-Vinemerio‚</strong></span> <span class='ocrx_word' id='word_1_66' title='bbox 1664 2122 1732 2201; x_wconf 91' lang='lat' dir='ltr'><strong>per</strong></span> 
     </span>
     <span class='ocr_line' id='line_1_11' title="bbox 305 2225 1731 2337; baseline -0.001 -36"><span class='ocrx_word' id='word_1_67' title='bbox 305 2225 540 2331; x_wconf 81' lang='lat' dir='ltr'><strong>prepositum</strong></span> <span class='ocrx_word' id='word_1_68' title='bbox 568 2254 682 2305; x_wconf 89' lang='lat' dir='ltr'><strong>suum</strong></span> <span class='ocrx_word' id='word_1_69' title='bbox 707 2244 745 2305; x_wconf 90' lang='lat' dir='ltr'><strong>et</strong></span> <span class='ocrx_word' id='word_1_70' title='bbox 766 2226 894 2334; x_wconf 91' lang='lat' dir='ltr'><strong>plures</strong></span> <span class='ocrx_word' id='word_1_71' title='bbox 918 2228 1119 2332; x_wconf 80' lang='lat' dir='ltr'><strong>complices</strong></span> <span class='ocrx_word' id='word_1_72' title='bbox 1145 2254 1251 2318; x_wconf 91' lang='lat' dir='ltr'><strong>suos,</strong></span> <span class='ocrx_word' id='word_1_73' title='bbox 1280 2227 1327 2304; x_wconf 93' lang='lat' dir='ltr'><strong>ad</strong></span> <span class='ocrx_word' id='word_1_74' title='bbox 1356 2228 1500 2304; x_wconf 89' lang='lat' dir='ltr'><strong>dictum</strong></span> <span class='ocrx_word' id='word_1_75' title='bbox 1522 2227 1731 2337; x_wconf 90' lang='lat' dir='ltr'><strong>prioratum</strong></span> 
     </span>
     <span class='ocr_line' id='line_1_12' title="bbox 303 2355 1731 2466; baseline 0.001 -36"><span class='ocrx_word' id='word_1_76' title='bbox 303 2355 490 2433; x_wconf 89' lang='lat' dir='ltr'><strong>violenter</strong></span> <span class='ocrx_word' id='word_1_77' title='bbox 513 2374 658 2434; x_wconf 88' lang='lat' dir='ltr'><strong>etcum</strong></span> <span class='ocrx_word' id='word_1_78' title='bbox 684 2358 839 2436; x_wconf 88' lang='lat' dir='ltr'><strong>diversis</strong></span> <span class='ocrx_word' id='word_1_79' title='bbox 862 2359 1063 2466; x_wconf 86' lang='lat' dir='ltr'><strong>generibus</strong></span> <span class='ocrx_word' id='word_1_80' title='bbox 1087 2386 1279 2436; x_wconf 86' lang='lat' dir='ltr'><strong>armorum</strong></span> <span class='ocrx_word' id='word_1_81' title='bbox 1298 2358 1535 2446; x_wconf 87' lang='lat' dir='ltr'><strong>accedentes,</strong></span> <span class='ocrx_word' id='word_1_82' title='bbox 1562 2357 1731 2463; x_wconf 90' lang='lat' dir='ltr'><strong>ostiaque</strong></span> 
     </span>
     <span class='ocr_line' id='line_1_13' title="bbox 307 2485 1734 2600; baseline 0 -38"><span class='ocrx_word' id='word_1_83' title='bbox 307 2503 346 2562; x_wconf 89' lang='lat' dir='ltr'><strong>et</strong></span> <span class='ocrx_word' id='word_1_84' title='bbox 362 2485 543 2563; x_wconf 83' lang='lat' dir='ltr'><strong>fenestras</strong></span> <span class='ocrx_word' id='word_1_85' title='bbox 563 2489 644 2593; x_wconf 90' lang='lat' dir='ltr'><strong>ejus</strong></span> <span class='ocrx_word' id='word_1_86' title='bbox 663 2488 891 2594; x_wconf 82' lang='lat' dir='ltr'><strong>frangentes,</strong></span> <span class='ocrx_word' id='word_1_87' title='bbox 911 2489 1032 2564; x_wconf 91' lang='lat' dir='ltr'><strong>dictos</strong></span> <span class='ocrx_word' id='word_1_88' title='bbox 1047 2488 1290 2600; x_wconf 90' lang='lat' dir='ltr'><strong>prisionarios</strong></span> <span class='ocrx_word' id='word_1_89' title='bbox 1305 2516 1325 2563; x_wconf 94' lang='lat' dir='ltr'><strong>a</strong></span> <span class='ocrx_word' id='word_1_90' title='bbox 1341 2488 1442 2563; x_wconf 93' lang='lat' dir='ltr'><strong>dicto</strong></span> <span class='ocrx_word' id='word_1_91' title='bbox 1462 2514 1626 2576; x_wconf 88' lang='lat' dir='ltr'><strong>carcere,</strong></span> <span class='ocrx_word' id='word_1_92' title='bbox 1644 2514 1734 2564; x_wconf 91' lang='lat' dir='ltr'><strong>con-</strong></span> 
     </span>
     <span class='ocr_line' id='line_1_14' title="bbox 304 2615 1734 2727; baseline 0.001 -34"><span class='ocrx_word' id='word_1_93' title='bbox 304 2636 363 2694; x_wconf 87' lang='lat' dir='ltr'><strong>tra</strong></span> <span class='ocrx_word' id='word_1_94' title='bbox 379 2616 610 2694; x_wconf 89' lang='lat' dir='ltr'><strong>voluntatem</strong></span> <span class='ocrx_word' id='word_1_95' title='bbox 628 2618 813 2696; x_wconf 90' lang='lat' dir='ltr'><strong>dictarum</strong></span> <span class='ocrx_word' id='word_1_96' title='bbox 831 2619 1112 2727; x_wconf 88' lang='lat' dir='ltr'><strong>religiosarum,</strong></span> <span class='ocrx_word' id='word_1_97' title='bbox 1130 2618 1315 2696; x_wconf 90' lang='lat' dir='ltr'><strong>violenter</strong></span> <span class='ocrx_word' id='word_1_98' title='bbox 1332 2634 1370 2696; x_wconf 92' lang='lat' dir='ltr'><strong>et</strong></span> <span class='ocrx_word' id='word_1_99' title='bbox 1385 2615 1554 2694; x_wconf 87' lang='lat' dir='ltr'><strong>indebite</strong></span> <span class='ocrx_word' id='word_1_100' title='bbox 1570 2635 1734 2695; x_wconf 84' lang='lat' dir='ltr'><strong>extraxe-</strong></span> 
     </span>
     <span class='ocr_line' id='line_1_15' title="bbox 306 2738 1734 2859; baseline 0.001 -36"><span class='ocrx_word' id='word_1_101' title='bbox 306 2764 400 2826; x_wconf 89' lang='lat' dir='ltr'><strong>runt</strong></span> <span class='ocrx_word' id='word_1_102' title='bbox 419 2766 455 2825; x_wconf 88' lang='lat' dir='ltr'><strong>ct</strong></span> <span class='ocrx_word' id='word_1_103' title='bbox 474 2776 603 2825; x_wconf 89' lang='lat' dir='ltr'><strong>secum</strong></span> <span class='ocrx_word' id='word_1_104' title='bbox 619 2750 871 2839; x_wconf 77' lang='lat' dir='ltr'><strong>adduxertmt,</strong></span> <span class='ocrx_word' id='word_1_105' title='bbox 894 2751 1013 2827; x_wconf 88' lang='lat' dir='ltr'><strong>dictas</strong></span> <span class='ocrx_word' id='word_1_106' title='bbox 1026 2738 1219 2859; x_wconf 85' lang='lat' dir='ltr'><strong>religiosas</strong></span> <span class='ocrx_word' id='word_1_107' title='bbox 1237 2777 1303 2827; x_wconf 89' lang='lat' dir='ltr'><strong>sua</strong></span> <span class='ocrx_word' id='word_1_108' title='bbox 1322 2750 1557 2855; x_wconf 88' lang='lat' dir='ltr'><strong>possessione</strong></span> <span class='ocrx_word' id='word_1_109' title='bbox 1578 2776 1734 2827; x_wconf 91' lang='lat' dir='ltr'><strong>suorum</strong></span> 
     </span>
     <span class='ocr_line' id='line_1_16' title="bbox 308 2880 1738 2997; baseline 0 -40"><span class='ocrx_word' id='word_1_110' title='bbox 308 2880 621 2986; x_wconf 88' lang='lat' dir='ltr'><strong>prisionariorum</strong></span> <span class='ocrx_word' id='word_1_111' title='bbox 640 2880 809 2959; x_wconf 87' lang='lat' dir='ltr'><strong>indebite</strong></span> <span class='ocrx_word' id='word_1_112' title='bbox 827 2881 1038 2986; x_wconf 90' lang='lat' dir='ltr'><strong>spoliando,</strong></span> <span class='ocrx_word' id='word_1_113' title='bbox 1061 2881 1101 2957; x_wconf 88' lang='lat' dir='ltr'><strong>in</strong></span> <span class='ocrx_word' id='word_1_114' title='bbox 1122 2909 1251 2959; x_wconf 89' lang='lat' dir='ltr'><strong>earum</strong></span> <span class='ocrx_word' id='word_1_115' title='bbox 1273 2882 1413 2988; x_wconf 82' lang='lat' dir='ltr'><strong>grande</strong></span> <span class='ocrx_word' id='word_1_116' title='bbox 1432 2882 1682 2997; x_wconf 88' lang='lat' dir='ltr'><strong>prejudicium</strong></span> <span class='ocrx_word' id='word_1_117' title='bbox 1700 2898 1738 2957; x_wconf 91' lang='lat' dir='ltr'><strong>et</strong></span> 
     </span>
     <span class='ocr_line' id='line_1_17' title="bbox 311 3010 1738 3119; baseline -0.001 -33"><span class='ocrx_word' id='word_1_118' title='bbox 311 3010 505 3119; x_wconf 88' lang='lat' dir='ltr'><strong>injuriam,</strong></span> <span class='ocrx_word' id='word_1_119' title='bbox 522 3010 731 3119; x_wconf 91' lang='lat' dir='ltr'><strong>dampnum</strong></span> <span class='ocrx_word' id='word_1_120' title='bbox 750 3042 828 3091; x_wconf 91' lang='lat' dir='ltr'><strong>non</strong></span> <span class='ocrx_word' id='word_1_121' title='bbox 848 3012 1044 3090; x_wconf 92' lang='lat' dir='ltr'><strong>modicum</strong></span> <span class='ocrx_word' id='word_1_122' title='bbox 1064 3028 1102 3088; x_wconf 89' lang='lat' dir='ltr'><strong>et</strong></span> <span class='ocrx_word' id='word_1_123' title='bbox 1121 3037 1332 3119; x_wconf 89' lang='lat' dir='ltr'><strong>gravamen,</strong></span> <span class='ocrx_word' id='word_1_124' title='bbox 1350 3040 1466 3117; x_wconf 90' lang='lat' dir='ltr'><strong>quare</strong></span> <span class='ocrx_word' id='word_1_125' title='bbox 1482 3010 1738 3119; x_wconf 87' lang='lat' dir='ltr'><strong>supplicabant</strong></span> 
     </span>
     <span class='ocr_line' id='line_1_18' title="bbox 312 3141 1738 3250; baseline -0.001 -31"><span class='ocrx_word' id='word_1_126' title='bbox 312 3170 351 3219; x_wconf 92' lang='lat' dir='ltr'><strong>se</strong></span> <span class='ocrx_word' id='word_1_127' title='bbox 378 3141 526 3218; x_wconf 88' lang='lat' dir='ltr'><strong>restitui</strong></span> <span class='ocrx_word' id='word_1_128' title='bbox 551 3144 598 3218; x_wconf 94' lang='lat' dir='ltr'><strong>ad</strong></span> <span class='ocrx_word' id='word_1_129' title='bbox 621 3146 895 3250; x_wconf 86' lang='lat' dir='ltr'><strong>possessionem</strong></span> <span class='ocrx_word' id='word_1_130' title='bbox 915 3144 1227 3249; x_wconf 87' lang='lat' dir='ltr'><strong>prisionariorum</strong></span> <span class='ocrx_word' id='word_1_131' title='bbox 1248 3142 1568 3247; x_wconf 89' lang='lat' dir='ltr'><strong>supradictorum,</strong></span> <span class='ocrx_word' id='word_1_132' title='bbox 1586 3142 1738 3250; x_wconf 86' lang='lat' dir='ltr'><strong>justicia</strong></span> 
     </span>
     <span class='ocr_line' id='line_1_19' title="bbox 312 3271 1738 3382; baseline -0.001 -33"><span class='ocrx_word' id='word_1_133' title='bbox 312 3271 519 3361; x_wconf 81' lang='lat' dir='ltr'><strong>mediante3</strong></span> <span class='ocrx_word' id='word_1_134' title='bbox 535 3301 605 3350; x_wconf 89' lang='lat' dir='ltr'><strong>nos</strong></span> <span class='ocrx_word' id='word_1_135' title='bbox 616 3304 720 3364; x_wconf 92' lang='lat' dir='ltr'><strong>vero,</strong></span> <span class='ocrx_word' id='word_1_136' title='bbox 739 3276 787 3353; x_wconf 91' lang='lat' dir='ltr'><strong>de</strong></span> <span class='ocrx_word' id='word_1_137' title='bbox 800 3274 993 3382; x_wconf 90' lang='lat' dir='ltr'><strong>premissis</strong></span> <span class='ocrx_word' id='word_1_138' title='bbox 1005 3273 1175 3351; x_wconf 88' lang='lat' dir='ltr'><strong>volentes</strong></span> <span class='ocrx_word' id='word_1_139' title='bbox 1191 3272 1274 3349; x_wconf 89' lang='lat' dir='ltr'><strong>ficri</strong></span> <span class='ocrx_word' id='word_1_140' title='bbox 1290 3272 1487 3361; x_wconf 91' lang='lat' dir='ltr'><strong>cerciores,</strong></span> <span class='ocrx_word' id='word_1_141' title='bbox 1504 3272 1643 3349; x_wconf 93' lang='lat' dir='ltr'><strong>ballivo</strong></span> <span class='ocrx_word' id='word_1_142' title='bbox 1655 3300 1738 3349; x_wconf 92' lang='lat' dir='ltr'><strong>nos-</strong></span> 
     </span>
     <span class='ocr_line' id='line_1_20' title="bbox 312 3403 1736 3508; baseline 0 -28"><span class='ocrx_word' id='word_1_143' title='bbox 312 3421 374 3480; x_wconf 89' lang='lat' dir='ltr'><strong>tro</strong></span> <span class='ocrx_word' id='word_1_144' title='bbox 397 3403 623 3497; x_wconf 89' lang='lat' dir='ltr'><strong>Senonensi,</strong></span> <span class='ocrx_word' id='word_1_145' title='bbox 644 3405 714 3482; x_wconf 87' lang='lat' dir='ltr'><strong>sub</strong></span> <span class='ocrx_word' id='word_1_146' title='bbox 735 3424 835 3483; x_wconf 86' lang='lat' dir='ltr'><strong>certa</strong></span> <span class='ocrx_word' id='word_1_147' title='bbox 853 3405 990 3495; x_wconf 89' lang='lat' dir='ltr'><strong>sorma,</strong></span> <span class='ocrx_word' id='word_1_148' title='bbox 1013 3404 1269 3480; x_wconf 88' lang='lat' dir='ltr'><strong>mandavimus</strong></span> <span class='ocrx_word' id='word_1_149' title='bbox 1288 3420 1327 3479; x_wconf 91' lang='lat' dir='ltr'><strong>et</strong></span> <span class='ocrx_word' id='word_1_150' title='bbox 1345 3403 1601 3480; x_wconf 90' lang='lat' dir='ltr'><strong>commisimus</strong></span> <span class='ocrx_word' id='word_1_151' title='bbox 1616 3403 1736 3508; x_wconf 89' lang='lat' dir='ltr'><strong>quod,</strong></span> 
     </span>
     <span class='ocr_line' id='line_1_21' title="bbox 314 3534 1741 3644; baseline 0 -34"><span class='ocrx_word' id='word_1_152' title='bbox 314 3562 430 3639; x_wconf 90' lang='lat' dir='ltr'><strong>super</strong></span> <span class='ocrx_word' id='word_1_153' title='bbox 442 3534 650 3639; x_wconf 88' lang='lat' dir='ltr'><strong>premissis,</strong></span> <span class='ocrx_word' id='word_1_154' title='bbox 669 3566 756 3614; x_wconf 88' lang='lat' dir='ltr'><strong>cum</strong></span> <span class='ocrx_word' id='word_1_155' title='bbox 772 3536 982 3644; x_wconf 89' lang='lat' dir='ltr'><strong>diligencia,</strong></span> <span class='ocrx_word' id='word_1_156' title='bbox 1003 3534 1213 3641; x_wconf 86' lang='lat' dir='ltr'><strong>inquireret</strong></span> <span class='ocrx_word' id='word_1_157' title='bbox 1227 3534 1421 3615; x_wconf 91' lang='lat' dir='ltr'><strong>veritatem</strong></span> <span class='ocrx_word' id='word_1_158' title='bbox 1438 3562 1447 3606; x_wconf 77' lang='grc' dir='ltr'>ι</span> <span class='ocrx_word' id='word_1_159' title='bbox 1463 3534 1548 3613; x_wconf 89' lang='lat' dir='ltr'><strong>Visa</strong></span> <span class='ocrx_word' id='word_1_160' title='bbox 1565 3534 1678 3641; x_wconf 90' lang='lat' dir='ltr'><strong>igitur</strong></span> <span class='ocrx_word' id='word_1_161' title='bbox 1689 3534 1741 3610; x_wconf 92' lang='lat' dir='ltr'><strong>in·</strong></span> 
     </span>
     <span class='ocr_line' id='line_1_22' title="bbox 315 3663 1737 3772; baseline -0.002 -30"><span class='ocrx_word' id='word_1_162' title='bbox 315 3681 446 3772; x_wconf 88' lang='lat' dir='ltr'><strong>questa</strong></span> <span class='ocrx_word' id='word_1_163' title='bbox 457 3692 569 3770; x_wconf 86' lang='lat' dir='ltr'><strong>super</strong></span> <span class='ocrx_word' id='word_1_164' title='bbox 579 3666 669 3757; x_wconf 92' lang='lat' dir='ltr'><strong>boc,</strong></span> <span class='ocrx_word' id='word_1_165' title='bbox 684 3668 731 3746; x_wconf 92' lang='lat' dir='ltr'><strong>de</strong></span> <span class='ocrx_word' id='word_1_166' title='bbox 742 3667 920 3748; x_wconf 85' lang='lat' dir='ltr'><strong>mandato</strong></span> <span class='ocrx_word' id='word_1_167' title='bbox 930 3684 1070 3755; x_wconf 88' lang='lat' dir='ltr'><strong>nostro,</strong></span> <span class='ocrx_word' id='word_1_168' title='bbox 1083 3664 1194 3757; x_wconf 87' lang='lat' dir='ltr'><strong>facta,</strong></span> <span class='ocrx_word' id='word_1_169' title='bbox 1207 3694 1275 3771; x_wconf 90' lang='lat' dir='ltr'><strong>per</strong></span> <span class='ocrx_word' id='word_1_170' title='bbox 1284 3664 1387 3741; x_wconf 85' lang='lat' dir='ltr'><strong>curie</strong></span> <span class='ocrx_word' id='word_1_171' title='bbox 1398 3679 1525 3741; x_wconf 89' lang='lat' dir='ltr'><strong>nostre</strong></span> <span class='ocrx_word' id='word_1_172' title='bbox 1531 3663 1737 3770; x_wconf 86' lang='lat' dir='ltr'><strong>judicium,</strong></span> 
     </span>
     <span class='ocr_line' id='line_1_23' title="bbox 316 3793 1742 3903; baseline 0.001 -33"><span class='ocrx_word' id='word_1_173' title='bbox 316 3794 463 3871; x_wconf 90' lang='lat' dir='ltr'><strong>dictum</strong></span> <span class='ocrx_word' id='word_1_174' title='bbox 477 3794 550 3872; x_wconf 89' lang='lat' dir='ltr'><strong>fuit</strong></span> <span class='ocrx_word' id='word_1_175' title='bbox 567 3797 673 3901; x_wconf 93' lang='lat' dir='ltr'><strong>quod</strong></span> <span class='ocrx_word' id='word_1_176' title='bbox 685 3795 784 3875; x_wconf 90' lang='lat' dir='ltr'><strong>dicte</strong></span> <span class='ocrx_word' id='word_1_177' title='bbox 799 3796 974 3903; x_wconf 90' lang='lat' dir='ltr'><strong>religiose</strong></span> <span class='ocrx_word' id='word_1_178' title='bbox 988 3824 1055 3873; x_wconf 91' lang='lat' dir='ltr'><strong>sua</strong></span> <span class='ocrx_word' id='word_1_179' title='bbox 1070 3794 1305 3902; x_wconf 90' lang='lat' dir='ltr'><strong>possessione</strong></span> <span class='ocrx_word' id='word_1_180' title='bbox 1323 3795 1486 3871; x_wconf 87' lang='lat' dir='ltr'><strong>duorum</strong></span> <span class='ocrx_word' id='word_1_181' title='bbox 1500 3793 1742 3901; x_wconf 87' lang='lat' dir='ltr'><strong>prisionario-</strong></span> 
     </span>
     <span class='ocr_line' id='line_1_24' title="bbox 316 3923 1743 4034; baseline -0.002 -32"><span class='ocrx_word' id='word_1_182' title='bbox 316 3952 402 4002; x_wconf 91' lang='lat' dir='ltr'><strong>rum</strong></span> <span class='ocrx_word' id='word_1_183' title='bbox 413 3926 671 4029; x_wconf 88' lang='lat' dir='ltr'><strong>predictorum</strong></span> <span class='ocrx_word' id='word_1_184' title='bbox 683 3928 939 4016; x_wconf 87' lang='lat' dir='ltr'><strong>restituentur,</strong></span> <span class='ocrx_word' id='word_1_185' title='bbox 953 3944 992 4003; x_wconf 87' lang='lat' dir='ltr'><strong>et</strong></span> <span class='ocrx_word' id='word_1_186' title='bbox 1000 3926 1213 4034; x_wconf 88' lang='lat' dir='ltr'><strong>injunctum</strong></span> <span class='ocrx_word' id='word_1_187' title='bbox 1226 3924 1298 4002; x_wconf 86' lang='lat' dir='ltr'><strong>luit</strong></span> <span class='ocrx_word' id='word_1_188' title='bbox 1309 3924 1477 4030; x_wconf 89' lang='lat' dir='ltr'><strong>predicto</strong></span> <span class='ocrx_word' id='word_1_189' title='bbox 1489 3924 1627 4003; x_wconf 92' lang='lat' dir='ltr'><strong>ballivo</strong></span> <span class='ocrx_word' id='word_1_190' title='bbox 1638 3923 1743 4031; x_wconf 93' lang='lat' dir='ltr'><strong>quod</strong></span> 
     </span>
     <span class='ocr_line' id='line_1_25' title="bbox 318 4053 1744 4164; baseline 0.002 -35"><span class='ocrx_word' id='word_1_191' title='bbox 318 4057 399 4161; x_wconf 91' lang='lat' dir='ltr'><strong>ipse</strong></span> <span class='ocrx_word' id='word_1_192' title='bbox 415 4054 464 4130; x_wconf 93' lang='lat' dir='ltr'><strong>de</strong></span> <span class='ocrx_word' id='word_1_193' title='bbox 479 4053 589 4130; x_wconf 88' lang='lat' dir='ltr'><strong>dictis</strong></span> <span class='ocrx_word' id='word_1_194' title='bbox 602 4056 849 4162; x_wconf 87' lang='lat' dir='ltr'><strong>prisionariis,</strong></span> <span class='ocrx_word' id='word_1_195' title='bbox 867 4055 983 4133; x_wconf 90' lang='lat' dir='ltr'><strong>dictas</strong></span> <span class='ocrx_word' id='word_1_196' title='bbox 997 4056 1189 4164; x_wconf 90' lang='lat' dir='ltr'><strong>religiosas</strong></span> <span class='ocrx_word' id='word_1_197' title='bbox 1204 4056 1358 4133; x_wconf 88' lang='lat' dir='ltr'><strong>indilate</strong></span> <span class='ocrx_word' id='word_1_198' title='bbox 1373 4056 1479 4132; x_wconf 84' lang='lat' dir='ltr'><strong>saciat</strong></span> <span class='ocrx_word' id='word_1_199' title='bbox 1492 4055 1664 4132; x_wconf 86' lang='lat' dir='ltr'><strong>resaisiri.</strong></span> <span class='ocrx_word' id='word_1_200' title='bbox 1676 4056 1744 4135; x_wconf 92' lang='lat' dir='ltr'><strong>Ve-</strong></span> 
     </span>
     <span class='ocr_line' id='line_1_26' title="bbox 319 4184 1745 4292; baseline -0.003 -29"><span class='ocrx_word' id='word_1_201' title='bbox 319 4213 423 4275; x_wconf 87' lang='lat' dir='ltr'><strong>rum,</strong></span> <span class='ocrx_word' id='word_1_202' title='bbox 447 4184 537 4290; x_wconf 89' lang='lat' dir='ltr'><strong>quia</strong></span> <span class='ocrx_word' id='word_1_203' title='bbox 555 4185 807 4262; x_wconf 80' lang='lat' dir='ltr'><strong>intelleximus</strong></span> <span class='ocrx_word' id='word_1_204' title='bbox 822 4186 928 4291; x_wconf 90' lang='lat' dir='ltr'><strong>quod</strong></span> <span class='ocrx_word' id='word_1_205' title='bbox 945 4186 1068 4263; x_wconf 91' lang='lat' dir='ltr'><strong>dictus</strong></span> <span class='ocrx_word' id='word_1_206' title='bbox 1089 4186 1303 4292; x_wconf 89' lang='lat' dir='ltr'><strong>prepositus</strong></span> <span class='ocrx_word' id='word_1_207' title='bbox 1320 4201 1358 4261; x_wconf 89' lang='lat' dir='ltr'><strong>et</strong></span> <span class='ocrx_word' id='word_1_208' title='bbox 1376 4185 1433 4262; x_wconf 91' lang='lat' dir='ltr'><strong>sui</strong></span> <span class='ocrx_word' id='word_1_209' title='bbox 1450 4185 1652 4290; x_wconf 89' lang='lat' dir='ltr'><strong>complices</strong></span> <span class='ocrx_word' id='word_1_210' title='bbox 1667 4184 1745 4260; x_wconf 89' lang='lat' dir='ltr'><strong>dic-</strong></span> 
     </span>
     <span class='ocr_line' id='line_1_27' title="bbox 320 4315 1747 4423; baseline -0.001 -30"><span class='ocrx_word' id='word_1_211' title='bbox 320 4334 402 4393; x_wconf 90' lang='lat' dir='ltr'><strong>tum</strong></span> <span class='ocrx_word' id='word_1_212' title='bbox 422 4316 630 4423; x_wconf 87' lang='lat' dir='ltr'><strong>prioratum</strong></span> <span class='ocrx_word' id='word_1_213' title='bbox 655 4346 742 4394; x_wconf 93' lang='lat' dir='ltr'><strong>cum</strong></span> <span class='ocrx_word' id='word_1_214' title='bbox 763 4318 876 4394; x_wconf 90' lang='lat' dir='ltr'><strong>armis</strong></span> <span class='ocrx_word' id='word_1_215' title='bbox 893 4317 1075 4394; x_wconf 86' lang='lat' dir='ltr'><strong>violenter</strong></span> <span class='ocrx_word' id='word_1_216' title='bbox 1097 4319 1341 4404; x_wconf 89' lang='lat' dir='ltr'><strong>intraverunt,</strong></span> <span class='ocrx_word' id='word_1_217' title='bbox 1364 4316 1465 4394; x_wconf 84' lang='lat' dir='ltr'><strong>dicto</strong></span> <span class='ocrx_word' id='word_1_218' title='bbox 1484 4315 1623 4394; x_wconf 94' lang='lat' dir='ltr'><strong>ballivo</strong></span> <span class='ocrx_word' id='word_1_219' title='bbox 1642 4344 1747 4393; x_wconf 89' lang='lat' dir='ltr'><strong>man-</strong></span> 
     </span>
     <span class='ocr_line' id='line_1_28' title="bbox 323 4438 1745 4555; baseline -0.002 -31"><span class='ocrx_word' id='word_1_220' title='bbox 323 4447 474 4525; x_wconf 83' lang='lat' dir='ltr'><strong>dabitur</strong></span> <span class='ocrx_word' id='word_1_221' title='bbox 500 4438 695 4555; x_wconf 80' lang='lat' dir='ltr'><strong>quatinus,</strong></span> <span class='ocrx_word' id='word_1_222' title='bbox 715 4449 852 4528; x_wconf 80' lang='lat' dir='ltr'><strong>vocatis</strong></span> <span class='ocrx_word' id='word_1_223' title='bbox 876 4450 1090 4538; x_wconf 87' lang='lat' dir='ltr'><strong>evocandis,</strong></span> <span class='ocrx_word' id='word_1_224' title='bbox 1116 4448 1164 4524; x_wconf 90' lang='lat' dir='ltr'><strong>de</strong></span> <span class='ocrx_word' id='word_1_225' title='bbox 1188 4446 1402 4553; x_wconf 88' lang='lat' dir='ltr'><strong>portacione</strong></span> <span class='ocrx_word' id='word_1_226' title='bbox 1428 4474 1619 4523; x_wconf 88' lang='lat' dir='ltr'><strong>armorum</strong></span> <span class='ocrx_word' id='word_1_227' title='bbox 1641 4445 1745 4522; x_wconf 89' lang='lat' dir='ltr'><strong>etde</strong></span> 
     </span>
     <span class='ocr_line' id='line_1_29' title="bbox 323 4576 1747 4685; baseline -0.001 -31"><span class='ocrx_word' id='word_1_228' title='bbox 323 4577 504 4655; x_wconf 88' lang='lat' dir='ltr'><strong>violencia</strong></span> <span class='ocrx_word' id='word_1_229' title='bbox 520 4579 700 4685; x_wconf 80' lang='lat' dir='ltr'><strong>predictis</strong></span> <span class='ocrx_word' id='word_1_230' title='bbox 716 4578 1014 4657; x_wconf 83' lang='lat' dir='ltr'><strong>etde-omnibus</strong></span> <span class='ocrx_word' id='word_1_231' title='bbox 1033 4578 1116 4655; x_wconf 91' lang='lat' dir='ltr'><strong>aliis</strong></span> <span class='ocrx_word' id='word_1_232' title='bbox 1130 4578 1440 4669; x_wconf 87' lang='lat' dir='ltr'><strong>circumstanciis,</strong></span> <span class='ocrx_word' id='word_1_233' title='bbox 1458 4576 1643 4683; x_wconf 88' lang='lat' dir='ltr'><strong>inquirat,</strong></span> <span class='ocrx_word' id='word_1_234' title='bbox 1660 4604 1747 4653; x_wconf 92' lang='lat' dir='ltr'><strong>cum</strong></span> 
     </span>
     <span class='ocr_line' id='line_1_30' title="bbox 326 4707 1750 4816; baseline 0.001 -33"><span class='ocrx_word' id='word_1_235' title='bbox 326 4707 543 4816; x_wconf 86' lang='lat' dir='ltr'><strong>diligencia,</strong></span> <span class='ocrx_word' id='word_1_236' title='bbox 569 4712 780 4800; x_wconf 87' lang='lat' dir='ltr'><strong>veritatem,</strong></span> <span class='ocrx_word' id='word_1_237' title='bbox 801 4728 854 4800; x_wconf 88' lang='lat' dir='ltr'><strong>et,</strong></span> <span class='ocrx_word' id='word_1_238' title='bbox 881 4710 912 4786; x_wconf 91' lang='lat' dir='ltr'><strong>si</strong></span> <span class='ocrx_word' id='word_1_239' title='bbox 935 4708 1077 4787; x_wconf 90' lang='lat' dir='ltr'><strong>dictum</strong></span> <span class='ocrx_word' id='word_1_240' title='bbox 1097 4708 1332 4816; x_wconf 91' lang='lat' dir='ltr'><strong>prepositum</strong></span> <span class='ocrx_word' id='word_1_241' title='bbox 1352 4709 1412 4785; x_wconf 93' lang='lat' dir='ltr'><strong>vel</strong></span> <span class='ocrx_word' id='word_1_242' title='bbox 1434 4735 1522 4785; x_wconf 90' lang='lat' dir='ltr'><strong>suos</strong></span> <span class='ocrx_word' id='word_1_243' title='bbox 1547 4708 1750 4816; x_wconf 88' lang='lat' dir='ltr'><strong>complices</strong></span> 
     </span>
     <span class='ocr_line' id='line_1_31' title="bbox 327 4837 1750 4948; baseline 0.004 -36"><span class='ocrx_word' id='word_1_244' title='bbox 327 4838 487 4942; x_wconf 88' lang='lat' dir='ltr'><strong>reperiat</strong></span> <span class='ocrx_word' id='word_1_245' title='bbox 509 4840 715 4947; x_wconf 85' lang='lat' dir='ltr'><strong>culpabiles</strong></span> <span class='ocrx_word' id='word_1_246' title='bbox 734 4841 782 4918; x_wconf 89' lang='lat' dir='ltr'><strong>de</strong></span> <span class='ocrx_word' id='word_1_247' title='bbox 796 4840 1011 4947; x_wconf 90' lang='lat' dir='ltr'><strong>premissis,</strong></span> <span class='ocrx_word' id='word_1_248' title='bbox 1028 4841 1130 4948; x_wconf 91' lang='lat' dir='ltr'><strong>ipsos</strong></span> <span class='ocrx_word' id='word_1_249' title='bbox 1148 4837 1297 4945; x_wconf 89' lang='lat' dir='ltr'><strong>puniat,</strong></span> <span class='ocrx_word' id='word_1_250' title='bbox 1318 4856 1357 4916; x_wconf 92' lang='lat' dir='ltr'><strong>et</strong></span> <span class='ocrx_word' id='word_1_251' title='bbox 1374 4838 1482 4917; x_wconf 93' lang='lat' dir='ltr'><strong>nobis</strong></span> <span class='ocrx_word' id='word_1_252' title='bbox 1506 4855 1543 4915; x_wconf 91' lang='lat' dir='ltr'><strong>ct</strong></span> <span class='ocrx_word' id='word_1_253' title='bbox 1564 4838 1750 4945; x_wconf 89' lang='lat' dir='ltr'><strong>religiosis</strong></span> 
     </span>
     <span class='ocr_line' id='line_1_32' title="bbox 327 4966 1751 5081; baseline 0 -34"><span class='ocrx_word' id='word_1_254' title='bbox 327 4966 550 5073; x_wconf 88' lang='lat' dir='ltr'><strong>supradictis</strong></span> <span class='ocrx_word' id='word_1_255' title='bbox 571 4972 769 5049; x_wconf 89' lang='lat' dir='ltr'><strong>emendam</strong></span> <span class='ocrx_word' id='word_1_256' title='bbox 789 4973 1034 5081; x_wconf 88' lang='lat' dir='ltr'><strong>condignam,</strong></span> <span class='ocrx_word' id='word_1_257' title='bbox 1048 5000 1119 5080; x_wconf 92' lang='lat' dir='ltr'><strong>pro</strong></span> <span class='ocrx_word' id='word_1_258' title='bbox 1141 4971 1255 5049; x_wconf 88' lang='lat' dir='ltr'><strong>tantis</strong></span> <span class='ocrx_word' id='word_1_259' title='bbox 1275 4969 1503 5061; x_wconf 85' lang='lat' dir='ltr'><strong>excessibus,</strong></span> <span class='ocrx_word' id='word_1_260' title='bbox 1526 4966 1634 5047; x_wconf 84' lang='lat' dir='ltr'><strong>saciat</strong></span> <span class='ocrx_word' id='word_1_261' title='bbox 1649 4971 1751 5048; x_wconf 83' lang='lat' dir='ltr'><strong>exbi-</strong></span> 
     </span>
     <span class='ocr_line' id='line_1_33' title="bbox 328 5098 1414 5204; baseline 0.008 -27"><span class='ocrx_word' id='word_1_262' title='bbox 328 5098 559 5204; x_wconf 87' lang='lat' dir='ltr'><strong>beri‚prout</strong></span> <span class='ocrx_word' id='word_1_263' title='bbox 575 5101 690 5181; x_wconf 88' lang='lat' dir='ltr'><strong>luerit</strong></span> <span class='ocrx_word' id='word_1_264' title='bbox 701 5104 873 5183; x_wconf 86' lang='lat' dir='ltr'><strong>racionis.</strong></span> <span class='ocrx_word' id='word_1_265' title='bbox 1410 5116 1414 5121; x_wconf 81' lang='grc'><strong>’</strong></span> 
     </span>
    </p>
   </div>
   <div class='ocr_carea' id='block_1_4' title="bbox 415 5254 1625 5321">
    <p class='ocr_par' dir='ltr' id='par_1_4' title="bbox 415 5254 1625 5321">
     <span class='ocr_line' id='line_1_34' title="bbox 415 5254 1625 5321; baseline 0.003 -6"><span class='ocrx_word' id='word_1_266' title='bbox 415 5274 467 5319; x_wconf 70' lang='grc' dir='ltr'><strong>ιιι</strong></span> <span class='ocrx_word' id='word_1_267' title='bbox 488 5275 569 5318; x_wconf 77' lang='lat' dir='ltr'><strong>otiu.</strong></span> <span class='ocrx_word' id='word_1_268' title='bbox 593 5279 639 5321; x_wconf 92' lang='grc' dir='ltr'>ιιι.</span> <span class='ocrx_word' id='word_1_269' title='bbox 1584 5254 1625 5319; x_wconf 84' lang='grc'><strong>66</strong></span> 
     </span>
    </p>
   </div>
   <div class='ocr_carea' id='block_1_5' title="bbox 0 0 2255 6209">
    <p class='ocr_par' dir='ltr' id='par_1_5' title="bbox 0 0 2255 6209">
     <span class='ocr_line' id='line_1_35' title="bbox 0 0 2255 6209; baseline 0 0"><span class='ocrx_word' id='word_1_270' title='bbox 0 0 2255 6209; x_wconf 95' lang='lat' dir='ltr'><strong> </strong></span> 
     </span>
    </p>
   </div>
  </div>
 </body>
</html>
