4450 6209
742 691 1011 801 suoutrss
1035 711 1100 784 nr
1126 694 1339 785 rnocns
1680 709 1754 782 ses

333 847 432 930 tibus
458 850 588 958 plures
612 851 849 936 racionesad
874 853 988 930 linem
1015 853 1267 943 contrarium3
1294 851 1434 959 quibus
1455 849 1670 928 racionibus
1688 879 1756 957 per
1793 860 1985 924 anrrrlv.

332 982 474 1059 dictum
490 982 678 1060 Thomam
695 984 838 1092 negatis
856 1001 894 1062 et
910 984 972 1062 die
990 985 1170 1092 assignata
1186 984 1283 1062 inter
1295 999 1418 1089 partes
1432 981 1619 1089 predictas
1635 981 1683 1058 ad
1692 982 1756 1089 ju·
1856 951 1919 994 Μ’

328 1115 489 1191 randum
508 1141 621 1219 super
637 1115 795 1221 negatis,
811 1115 890 1221 ipsa
905 1114 983 1204 dic,
999 1112 1303 1220 comparentibus
1318 1113 1420 1191 dicto
1435 1114 1599 1204 Thema,
1616 1140 1754 1218 prose,

330 1261 369 1322 et
389 1260 628 1352 procuratore
651 1246 839 1324 dictorum
862 1244 1142 1354 religiosorum,
1164 1273 1234 1351 pro
1255 1244 1365 1322 dictis
1390 1244 1573 1352 religiosis
1597 1260 1757 1320 tantum·

330 1374 463 1465 modo,
483 1376 585 1454 dicto
598 1376 775 1485 magistro
793 1375 967 1454 Alberico
989 1377 1146 1454 minime
1168 1393 1425 1482 comparente,
1447 1375 1644 1483 prestitum
1666 1375 1754 1464 fuit,

330 1535 398 1612 per
418 1507 538 1586 dictos
558 1525 832 1613 comparentes,
847 1509 888 1584 in
906 1510 986 1614 ipsa
1002 1537 1128 1596 causa,
1140 1507 1395 1614 juramentum
1418 1523 1455 1583 et
1475 1507 1558 1584 dies
1576 1507 1758 1614 assignata

331 1637 378 1716 ad
393 1638 649 1745 probandum,
666 1639 806 1744 primo,
825 1669 867 1717 ex
883 1656 987 1746 parte
1007 1639 1196 1716 dictorum
1211 1638 1493 1747 religiosorum,
1510 1636 1605 1716 lacta
1621 1667 1758 1745 propo-

330 1767 399 1846 sita
414 1797 481 1876 per
495 1771 667 1858 eosdem;
683 1797 757 1875 qua
772 1769 847 1859 die,
860 1786 1103 1875 procuratore
1119 1769 1307 1847 dictorum
1322 1768 1598 1875 religiosorum,
1610 1770 1758 1874 predic-

329 1898 376 1976 tis
400 1899 583 2006 religiosis
608 1915 646 1976 et
666 1899 768 1978 dicto
793 1900 957 1988 Thoma,
979 1927 1048 2005 pro
1073 1927 1129 1988 se,
1152 1899 1472 2004 comparentibus,
1495 1899 1634 1976 obtulit
1653 1899 1754 1978 idem

328 2047 548 2135 procurator
570 2030 758 2107 dictorum
777 2029 1042 2138 religiosorum
1063 2028 1185 2108 lacere
1200 2030 1307 2136 quod
1328 2031 1405 2136 ipsa
1425 2029 1507 2108 dies
1521 2029 1755 2137 requirebat,

330 2161 431 2238 dicto
449 2161 596 2238 Thomu
616 2160 820 2269 procedere
837 2161 1113 2238 contradicente
1131 2177 1169 2238 et
1183 2161 1401 2249 recedente,
1419 2178 1660 2266 procuratore
1677 2162 1756 2238 dic-

328 2309 455 2370 torum
475 2291 737 2398 religiosorum
757 2291 905 2368 dicente
925 2292 1046 2397 quod,
1066 2291 1106 2366 in
1126 2290 1224 2368 dicta
1242 2289 1507 2396 appellacionis
1526 2319 1650 2379 causa,
1668 2293 1757 2368 sub-
1847 2287 1857 2304 ’

325 2421 508 2502 cumbere
525 2421 688 2499 debebat
702 2421 806 2498 idem
817 2423 995 2511 Thomas,
1012 2438 1166 2527 propter
1182 2421 1368 2527 desectum
1385 2420 1655 2527 supradictum,
1671 2438 1755 2498 tum

329 2551 416 2660 quia
435 2551 627 2661 negligens
647 2551 738 2630 alias
750 2551 888 2644 fuerat,
906 2568 949 2629 ut
965 2550 1128 2641 dicebat,
1148 2553 1188 2627 in
1203 2552 1472 2657 prosecucione
1489 2549 1756 2657 appellacionis

328 2709 396 2760 sue
413 2682 640 2790 supradicte,
665 2681 765 2763 dicto
786 2683 952 2772 Thoma,
971 2710 993 2759 e
1012 2682 1205 2760 contrario
1216 2682 1480 2789 proponendo,
1498 2683 1603 2791 quod
1618 2683 1698 2788 ipse
1719 2700 1756 2760 ct

194 2853 199 2860 ·
328 2812 449 2890 dictus
462 2814 637 2920 magister
649 2813 845 2892 Albericus
861 2813 1176 2892 concordaverant
1188 2813 1294 2919 quod
1310 2813 1473 2891 dimissis
1489 2815 1664 2921 boquetis
1680 2842 1756 2892 om·

327 2942 454 3035 nibus,
473 2961 573 3022 certa
589 2945 667 3034 die,
682 2945 951 3051 procederetur
966 2944 1014 3022 ad
1027 2944 1257 3022 decisionem
1270 2944 1387 3050 ipsius
1403 2966 1528 3033 cause,
1544 2947 1753 3023 secundum

327 3103 543 3180 processum
561 3076 733 3154 habitum
755 3077 794 3152 in
815 3076 917 3153 curia
938 3075 1246 3183 Sancti-Maglorii
1266 3075 1450 3181 predicta,
1471 3076 1542 3182 qui·
1558 3105 1754 3182 processus

328 3223 406 3283 erat
426 3207 466 3282 in
486 3206 651 3312 scriptis,
669 3207 790 3284 dictus
809 3234 897 3282 vero
917 3207 1131 3312 prepositus
1151 3207 1320 3283 raciones
1336 3206 1521 3312 predictas
1536 3235 1605 3312 per
1618 3236 1752 3312 procu·

328 3353 492 3414 ratorem
513 3337 702 3414 dictorum
725 3335 988 3440 religiosorum
1011 3335 1233 3441 prepositas,
1250 3365 1328 3413 non
1346 3336 1582 3414 obstantibus
1595 3338 1754 3414 racioni-

327 3466 401 3544 bus
419 3467 617 3573 predictis,
635 3495 704 3572 per
726 3466 868 3544 dictum
890 3468 1077 3545 Thomam
1095 3465 1315 3571 propositis,
1333 3496 1401 3572 per
1422 3496 1534 3544 suum
1544 3467 1749 3574 judicium,

327 3595 480 3675 admisit
502 3597 549 3674 ad
572 3597 827 3704 probandum,
855 3625 876 3674 a
902 3625 980 3704 quo
1004 3595 1162 3703 quidem
1178 3596 1363 3704 judicato,
1393 3614 1572 3704 tanquam
1594 3597 1688 3676 falso
1716 3616 1754 3676 et

326 3757 449 3833 pravo,
471 3728 594 3806 dictus
608 3728 774 3805 Thomas
790 3728 837 3806 ad
853 3745 1019 3806 nostram
1035 3725 1178 3804 curiam
1193 3727 1411 3832 appellavit:
1427 3729 1525 3810 Visis
1538 3728 1654 3837 igitur
1666 3757 1753 3834 pro-

327 3859 491 3936 cessibus
512 3887 705 3936 causarum
731 3858 1004 3964 predictarum,
1023 3887 1092 3964 per
1113 3858 1215 3935 curie
1236 3876 1361 3936 nostre
1377 3858 1583 3967 judicium,
1607 3859 1751 3937 dictum
1855 3872 1860 3878 '

326 3988 399 4064 fuit
417 3991 650 4093 prepositum
672 3989 887 4095 predictum
907 3992 1006 4069 bene
1019 3989 1208 4095 judicasse
1232 4006 1271 4066 et
1288 3991 1429 4069 dictum
1451 3990 1751 4069 Thomam'male

326 4118 548 4224 appellasse,
570 4136 608 4195 et
625 4118 730 4226 quod
749 4121 828 4224 ipse
849 4121 923 4198 hoc
945 4120 1173 4199 emendabit.

382 4249 559 4328 Mercurii
574 4267 659 4357 post
675 4251 854 4328 Sanctum
871 4251 1094 4358 Georgium,
1111 4279 1210 4329 anno
1224 4253 1490 4330 trecentesimo
1506 4252 1726 4328 undecimo,

382 4383 489 4462 Creci
508 4384 721 4488 reportavit.

384 4652 473 4728 titt.
498 4650 581 4728 Lite
596 4667 717 4739 mota,
735 4651 890 4728 incuria
910 4666 1052 4740 nosue,
1070 4650 1170 4728 inter
1181 4648 1346 4727 helidim
1362 4647 1410 4724 de
1425 4647 1613 4754 Verneyo‚
1633 4648 1753 4726 domi·

326 4807 413 4856 nam
430 4779 477 4856 de
494 4779 685 4888 Thureyo‚
702 4797 863 4887 exparte
879 4808 971 4870 una,
992 4797 1029 4858 et
1047 4779 1262 4857 Beraudum
1285 4779 1333 4856 de
1351 4777 1537 4856 Memorio
1564 4795 1602 4855 et
1621 4780 1753 4855 Henri·

326 4937 413 4986 cum
430 4908 477 4986 de
491 4913 625 5017 Royre,
641 4911 791 5000 milites,
809 4940 852 4988 ex
874 4909 1001 5000 altera,
1017 4936 1192 5015 supereo
1212 4909 1318 5015 quod
1332 4908 1430 4987 dicta
1444 4908 1587 4987 Aelidis
1606 4908 1753 4986 dicebat

326 5041 471 5117 dictum
495 5042 708 5120 Beraudum
738 5040 928 5148 quandam
954 5041 1184 5119 sentenciam
1214 5040 1429 5121 arbitralem
1457 5069 1525 5118 seu
1547 5038 1753 5118 ordinacio
