4450 6209
732 727 1003 835 sacoaras
1028 745 1093 818 rr
1119 725 1326 818 naoons.
1668 746 1737 818 257

317 902 433 966 nante
455 913 497 962 se
522 881 646 963 nullas
667 882 797 964 secisse
822 885 1020 992 surprisias
1037 913 1105 964 seu
1126 887 1307 968 novitates
1325 885 1513 964 indebitas
1532 888 1573 967 iu
1593 887 1645 964 eis
1666 915 1739 994 que
1780 894 1909 952 Passim
1923 895 1966 958 lv,

315 1019 395 1125 ipse
420 1043 536 1122 super
556 1015 735 1122 predictis
759 1016 862 1105 fecit,
888 1016 957 1094 sed
981 1016 1106 1123 cajus
1129 1032 1300 1131 nostrum
1317 1017 1572 1096 conservando
1592 1017 1739 1111 secisse,
1842 989 1904 1044 ¹³⁰⁷*

315 1149 481 1256 petendo
499 1175 539 1224 se
556 1146 695 1225 absolvi
712 1175 733 1224 a
749 1147 947 1254 predictis:
967 1147 1157 1236 Tandem,
1183 1148 1322 1226 auditis
1340 1149 1509 1255 parcium
1527 1149 1741 1228 racionibus

316 1280 408 1358 hinc
426 1295 465 1356 et
483 1275 592 1364 iude,
611 1276 687 1354 visa
707 1296 747 1356 et
766 1279 966 1387 diligenter
983 1278 1193 1356 examinata
1216 1279 1390 1387 inquesta
1414 1307 1527 1387 super
1549 1281 1742 1386 premissis

318 1409 565 1488 demandato
584 1409 687 1486 curie
712 1427 840 1488 nostra
854 1410 966 1500 lacta,
986 1411 1275 1517 pronunciatum
1296 1411 1385 1502 suit,
1406 1439 1475 1518 per,
1493 1413 1594 1490 curie
1615 1431 1741 1492 nostre

311 1539 517 1648 judicium,
535 1539 680 1617 dictum
696 1539 877 1620 ballivum
896 1540 1041 1619 nullam
1056 1542 1274 1647 surprisiam
1294 1569 1361 1620 sau
1376 1537 1585 1622 indebitam
1602 1545 1743 1622 novita-

316 1688 396 1750 tem
407 1670 539 1748 fecisse
558 1671 742 1777 capiendo
754 1672 898 1749 dictum
912 1671 1163 1752 Guillelrnum
1180 1672 1392 1753 inlocoubi
1412 1674 1623 1780 predictum
1635 1674 1743 1754 Guil-

316 1801 477 1879 lclmum
493 1801 606 1907 cepit,
625 1820 663 1878 et
677 1832 792 1909 super
810 1803 884 1879 hoc
900 1801 1021 1880 dictus
1039 1802 1200 1880 ballivus
1219 1831 1240 1879 a
1257 1804 1427 1910 predicta
1444 1805 1631 1910 peticione
1649 1807 1740 1886 dicti

264 2015 272 2023 ,
318 1931 587 2039 archiepiscopi
597 1931 670 2009 fuit
679 1932 885 2011 absolutus.
898 1934 1052 2012 Dictum
1066 1932 1138 2010 fuit
1149 1933 1269 2012 eciam
1284 1934 1388 2042 quod
1403 1933 1543 2014 tactum
1557 1936 1645 2014 dicti
1660 1936 1741 2014 bal-

317 2063 398 2154 livi,
415 2089 530 2169 super
545 2065 783 2169 reparacione
799 2064 986 2141 dictorum
1003 2064 1327 2154 stacionariorum,
1343 2065 1507 2156 tenebit,
1526 2067 1625 2144 salvo
1641 2068 1740 2145 dicto'
1848 2045 1850 2052 Ι

318 2194 598 2300 archiepiscopo
613 2195 700 2301 jure
719 2193 865 2274 censive
883 2223 951 2273 sue
971 2196 1012 2272 in
1034 2195 1144 2274 dictis
1167 2196 1413 2290 stacioneriis,
1436 2227 1477 2276 ac
1494 2201 1580 2306 jure
1600 2199 1740 2277 immu-

318 2325 445 2402 nitatis
462 2340 501 2401 et
518 2324 704 2404 libertatis
722 2327 762 2404 iu
782 2326 942 2415 eisdem,
965 2327 995 2405 si
1016 2343 1055 2404 et
1073 2342 1262 2433 quatenus
1277 2327 1346 2406 site
1362 2345 1453 2406 suut
1472 2330 1510 2406 in
1526 2329 1626 2406 dicto
1647 2331 1740 2407 atrio

318 2486 360 2533 ac
378 2456 495 2533 eciam
515 2455 555 2532 iu
574 2473 679 2562 parte
697 2486 811 2536 vacua
830 2459 913 2535 atrii
932 2457 1149 2563 supradicti.

372 2587 481 2664 Luae
495 2603 582 2693 post
594 2587 745 2666 octabas
759 2590 788 2664 E
791 2588 979 2694 piphanie.

374 2719 425 2796 Μ.
446 2718 670 2823 Pesquerius
687 2718 899 2825 reportavit

372 2985 495 3062 XLlll.
527 2984 627 3062 Cum
644 3009 758 3092 super
778 2983 940 3091 quadam
960 2987 1177 3092 portacione
1198 3013 1410 3074 armorum,
1433 3015 1474 3062 ac
1491 3009 1605 3093 super
1623 2987 1740 3093 pluri-

315 3114 388 3192 bus
407 3114 619 3194 excessibus
641 3133 679 3194 et
702 3115 910 3206 violenciis,
939 3132 977 3192 et
1000 3115 1191 3194 invasione
1211 3145 1279 3195 seu
1300 3117 1548 3225 occupacioue
1572 3117 1739 3223 plurium

316 3270 464 3334 rerum,
483 3244 723 3353 perpetratis,
740 3262 783 3323 ut
798 3247 946 3337 dicitur,
968 3262 1096 3324 contra
1116 3248 1269 3354 gardam
1285 3265 1451 3325 nostram
1466 3246 1681 3354 specialem,
1699 3277 1740 3324 ac

299 3365 588 3455 'mhibicionem
609 3377 863 3483 quorumdam
886 3378 1114 3455 servientum
1139 3395 1369 3467 nostrorum,
1390 3405 1458 3484 per
1477 3380 1668 3486 Begonem
1691 3377 1738 3456 de

316 3506 561 3599 Petra-Forti,
575 3507 881 3586 archidiaconum
899 3508 1173 3598 Contbeusem,
1196 3508 1237 3585 in
1258 3508 1413 3586 ecclesia
1430 3509 1681 3599 Ruthenensi,
1698 3507 1738 3584 in

316 3639 480 3743 quadam
491 3637 612 3718 domo
627 3667 695 3716 scu
709 3639 874 3744 prioratu
890 3638 939 3716 de
953 3638 1117 3731 Pehaco,
1134 3639 1278 3718 ordinis
1295 3639 1568 3727 Cluniacensis,
1586 3656 1624 3717 ct
1638 3635 1740 3745 adja-

318 3767 490 3846 centibus
502 3769 644 3860 eidem,
656 3770 934 3875 pertinentibus
948 3770 996 3846 ad
1006 3769 1172 3876 priorem
1184 3769 1420 3848 Sancti-Flori
1433 3769 1473 3846 in
1486 3767 1680 3858 Arvernia,
1691 3769 1737 3846 ad

317 3899 536 3977 instanciam
552 3901 643 3977 dicti
658 3902 793 4006 prioris
808 3931 877 4008 per
889 3899 1071 3979 ballivum
1087 3919 1260 3980 nostrum
1276 3918 1540 3981 montanarum
1562 3899 1740 3976 Arvernia

317 4057 431 4138 super
443 4032 639 4139 predictis,
654 4033 792 4110 vocatis
805 4032 992 4138 partibus,
1012 4032 1214 4140 diligenter
1232 4032 1371 4140 inquiri
1390 4029 1590 4108 fecerimus
1609 4031 1740 4106 verita-

317 4179 418 4240 tem:
438 4163 629 4253 Tandem,
647 4162 724 4240 visa
742 4165 915 4271 inquesta
935 4192 1047 4269 super
1065 4164 1140 4242 hoc
1159 4163 1268 4253 lacta,
1290 4193 1359 4270 per
1373 4163 1476 4241 curie
1497 4179 1624 4239 nostre
1634 4161 1739 4269 judi-

318 4293 437 4384 cium,
463 4293 607 4372 dictum
627 4293 701 4372 suit
726 4312 764 4372 et
789 4295 1079 4401 pronunciatum
1101 4292 1201 4370 bona
1222 4290 1444 4400 temporalia
1467 4292 1556 4370 dicti
1579 4292 1740 4398 Begonis

318 4424 458 4504 debere
470 4425 562 4532 poni
577 4424 617 4502 iu
629 4453 743 4502 manu
756 4442 901 4513 nostra,
916 4442 1160 4502 etremauere
1173 4450 1375 4531 quousque
1389 4422 1489 4499 dicto
1501 4419 1639 4499 ballivo
1650 4447 1739 4497 uos-

316 4572 377 4636 tro
396 4586 466 4664 pro
488 4557 600 4636 nobis
622 4555 737 4635 luerit
757 4547 827 4662 pro
849 4554 959 4634 dictis
978 4554 1190 4632 excessibus
1212 4555 1260 4634 de
1285 4581 1432 4632 summa
1450 4551 1740 4660 quingentart'uu

316 4685 498 4768 librarum
518 4717 719 4795 parvorum
736 4688 928 4766 bonorum
943 4686 1226 4765 Turonensium
1247 4685 1296 4766 de
1316 4683 1477 4762 emenda
1493 4681 1738 4777 satisfactum,

318 4834 357 4896 at
374 4819 476 4896 dicto
487 4819 623 4926 priori,
642 4845 711 4924 pro
725 4818 803 4896 suis
821 4817 996 4925 dampnis
1009 4835 1048 4894 et
1063 4817 1227 4925 injuriis,
1245 4816 1292 4894 de
1305 4841 1452 4894 summa
1466 4811 1742 4892 centum'libra-

317 4977 405 5034 rum
419 4949 591 5058 ejusdem
606 4965 777 5039 monete,
795 4977 838 5026 ae
855 4964 1073 5056 attemptata
1092 4964 1223 5026 contra
1242 4945 1386 5072 dictum
1402 4947 1584 5053 priorem,
1605 4945 1645 5020 in
1662 4973 1742 5051 pre-

314 5079 503 5188 judicium
523 5079 624 5157 dicte
641 5080 759 5188 garde
772 5095 918 5166 nostre,
940 5079 1079 5158 debere
1099 5078 1140 5156 in
1156 5093 1293 5158 statum
1313 5077 1513 5184 pristinum
1532 5074 1683 5182 reponi,
1703 5093 1741 5152 et

426 5255 479 5298 sss
499 5256 581 5299 oms.
605 5257 652 5300 ru.
1593 5233 1632 5294 33
