4450 6209
756 710 1025 818 snoutrss
1049 729 1114 802 nr
1140 709 1348 804 Pnocts
1689 738 1759 810 261

339 866 547 976 culpabiles
567 867 730 946 extitisse
748 870 787 946 in
804 869 1012 976 premissis,
1031 899 1101 977 per
1114 871 1218 950 curie
1239 887 1366 950 nostre
1382 872 1588 980 judicium,
1611 874 1766 954 luerunt
1805 887 1936 948 Panum
1948 891 1981 946 tv

236 1002 241 1010 “
339 1001 388 1079 ad
404 997 604 1078 emendam
628 999 738 1078 nobis
758 1002 919 1108 proinde
941 1002 1158 1081 solvendam
1182 1004 1459 1110 sentencialiter
1478 1006 1763 1114 condempnati;
1867 983 1929 1027 Μ’

339 1132 514 1210 videlicet
530 1130 654 1207 dictus
672 1131 804 1209 Petrus
818 1133 969 1224 Brison,
986 1151 1104 1226 sutor,
1125 1135 1164 1211 in
1184 1151 1336 1212 centum
1353 1135 1460 1214 libris
1478 1164 1679 1244 parvorum
1699 1137 1767 1218 bo-

338 1291 478 1343 norum
494 1264 795 1354 Turonensium,
815 1265 1023 1355 lohannes,
1036 1267 1126 1374 ejus
1143 1267 1267 1357 frater,
1290 1269 1329 1344 in
1350 1269 1536 1376 sexaginta
1558 1269 1681 1356 libris,
1698 1272 1766 1349 Pe-

339 1395 587 1484 trnsBrison,
604 1394 709 1472 filins
726 1395 827 1474 Petri
844 1397 1079 1486 Martellarii,
1095 1398 1136 1474 in
1156 1399 1345 1506 octoginta
1365 1399 1488 1490 libris,
1510 1401 1698 1478 lohannes
1719 1401 1766 1478 de

340 1523 483 1607 Vebrot
495 1527 535 1602 in
555 1527 742 1635 sexaginta
762 1527 886 1618 libris,
901 1527 1092 1608 lohannes
1113 1529 1161 1606 de
1181 1529 1269 1606 Bret
1288 1530 1328 1604 in
1348 1531 1533 1637 sexaginta
1546 1531 1668 1620 libris,
1680 1535 1769 1641 Ray-

339 1655 507 1736 mnndus
526 1656 655 1736 Garini
675 1659 716 1736 in
736 1661 924 1767 sexaginta
943 1659 1066 1750 libris,
1086 1661 1331 1767 Raymundns
1345 1661 1546 1738 Eremanni
1563 1663 1601 1738 in
1615 1663 1768 1770 triginta
1883 1663 1895 1680 '

338 1790 461 1876 libris,
483 1788 667 1878 Rolanda,
688 1817 783 1866 uxor
800 1791 980 1868 Bernardi
1000 1791 1164 1882 Triaire,
1182 1793 1222 1868 in
1238 1789 1370 1898 viginti
1381 1791 1503 1881 libris,
1519 1795 1651 1870 Petrus
1666 1795 1765 1872 Cha-

338 1919 509 1999 bannarii
533 1920 573 1996 in
598 1920 785 2028 sexaginta
808 1919 932 2013 libris,
959 1939 999 2000 et
1020 1922 1154 2000 Petrus
1180 1921 1374 2011 Columhi,
1395 1923 1540 2028 junior,
1567 1924 1607 2000 in
1633 1923 1775 2002 decem·

339 2052 449 2130 libris
467 2069 622 2129 monete
640 2052 823 2158 predicte.
933 2111 940 2124 .

395 2185 443 2261 Et
462 2199 519 2260 est
536 2183 761 2260 intensionis
784 2183 888 2260 curie
908 2201 1036 2262 nostre
1055 2185 1162 2291 quod
1181 2184 1293 2262 ceteri
1314 2211 1391 2261 non
1412 2186 1611 2276 nominati,
1634 2189 1699 2294 qui
1725 2188 1765 2264 in

339 2314 530 2424 premissis
550 2331 800 2403 excesserunt,
822 2314 997 2392 similiter
1015 2316 1101 2394 loco
1122 2333 1159 2394 et
1178 2332 1350 2421 tempore
1369 2315 1587 2421 puniantur.

394 2448 500 2524 Lune
513 2444 694 2551 predicta.
1264 2436 1267 2442 ’

395 2578 554 2656 Sanctus
571 2575 736 2654 Obertus
754 2578 967 2682 reportarit.

393 2709 465 2786 lste
483 2725 563 2788 tms
580 2707 753 2815 inqueste
775 2709 823 2786 de
843 2708 992 2787 Nantho
1009 2709 1139 2786 habui.

392 2971 548 3051 XLVlll.
580 2972 756 3078 lnqucsta
786 2971 1026 3063 Vivaricnsis,
1057 2999 1173 3078 super
1203 2970 1464 3050 combustione
1497 2988 1536 3049 ct
1566 2972 1761 3052 dirucione
1805 3003 1808 3012 ·

336 3102 585 3209 quarumdam
606 3103 827 3193 domorum,
845 3105 958 3180 estin
977 3102 1125 3181 sacculo
1145 3103 1259 3210 hujus
1277 3103 1520 3211 parlamenti,
1538 3120 1576 3180 et
1593 3131 1671 3181 non
1691 3103 1762 3179 fuit

332 3233 518 3340 judicata,
532 3233 622 3341 quia
635 3233 775 3339 placuit
787 3233 943 3312 domino
955 3233 1058 3340 Regi.
1085 3215 1089 3222 ’

390 3498 516 3576 XLIX.
547 3496 644 3576 Cum
659 3525 680 3572 a
695 3496 859 3601 quodam
871 3496 1041 3603 judicato
1060 3495 1158 3573 facto
1177 3517 1245 3602 per
1266 3493 1447 3602 majorem
1464 3494 1642 3572 clericum
1658 3495 1759 3570 curie

335 3627 511 3708 secularis
535 3627 687 3734 capituli
714 3626 1056 3705 Sancti-Mederici
1080 3626 1296 3704 Parisiensis
1320 3649 1388 3733 pro
1414 3626 1556 3704 Jacobo
1573 3625 1758 3716 Boucelli,

335 3777 463 3838 contra
481 3760 690 3836 lohannam
711 3759 1016 3866 Qui-Donnoye,
1036 3757 1264 3849 lohannam,
1287 3758 1368 3866 ejus
1387 3756 1520 3847 filiam,
1543 3757 1760 3863 Philippum

334 3891 531 3983 Bouvctin‚
543 3889 793 3996 Jaquclinam‚
807 3890 888 3999 ejus
897 3917 1069 3980 uxorem,
1079 3889 1274 3967 Nicolaum
1287 3889 1334 3966 de
1350 3889 1518 3978 Paciaco,
1531 3886 1757 3977 Emelinem‚

336 4022 417 4129 ejus
436 4049 611 4110 uxorem,
633 4021 838 4128 Symonem
857 4020 904 4098 de
924 4023 1043 4098 Pratis
1062 4038 1102 4097 et
1120 4021 1373 4127 Margaritam,
1396 4020 1477 4127 ejus
1497 4045 1669 4107 uxorem,
1687 4046 1760 4095 scu

333 4170 596 4257 procuratores
615 4154 803 4259 ipsorum,
823 4152 872 4229 ad
889 4152 1030 4229 curiam
1051 4151 1260 4228 secularem
1279 4151 1410 4230 decani
1430 4167 1468 4226 et
1487 4148 1639 4255 capituli
1658 4149 1760 4224 Pari·

335 4283 534 4374 densium,
555 4301 724 4392 exparte
744 4284 933 4361 dictomm
955 4282 1337 4388 condempnatorum,
1358 4297 1547 4386 tamquam
1568 4308 1589 4356 a
1609 4276 1699 4354 falso
1721 4295 1758 4354 et

334 4442 464 4519 pravo,
487 4415 714 4521 appellatum
740 4413 889 4506 fixisset3
909 4412 1063 4489 tandem
1085 4411 1315 4519 Reginaldus
1338 4410 1386 4488 de
1406 4410 1614 4496 Chemino,
1638 4436 1760 4484 came-

332 4546 454 4623 rarius
476 4546 604 4653 laycus
626 4547 725 4623 dicte
749 4544 965 4623 Parisiensis
990 4541 1163 4652 ecclesie,
1189 4559 1228 4618 et
1250 4541 1428 4648 magister
1445 4539 1571 4618 Gnido
1592 4539 1641 4616 de
1659 4540 1759 4616 Con·

333 4677 442 4767 dcte,
464 4677 637 4786 ejusdem
657 4676 873 4754 Parisiensis
897 4674 1053 4752 ecclesie
1080 4673 1298 4762 canonicus,
1324 4699 1368 4748 ex
1392 4670 1654 4748 commissione
1678 4669 1758 4746 dic-

330 4821 458 4884 tortnn
481 4807 612 4884 decani
634 4823 671 4883 et
693 4805 847 4913 capituli
867 4804 1130 4881 Parisiensinm
1151 4829 1265 4909 super
1285 4802 1358 4880 hoc
1378 4801 1432 4878 eis
1450 4799 1561 4887 lacta,
1583 4801 1623 4876 in
1644 4825 1754 4875 causa

332 4935 598 5042 appellacionis
611 4935 831 5046 hujusmodi
844 4934 1109 5043 procedentes,
1119 4932 1333 5040 judicatum
1342 4959 1453 5008 suum
1468 4929 1640 5008 tulerunt
1655 4930 1694 5004 in
1711 4953 1756 5003 ca

333 5095 400 5172 pro
427 5068 538 5145 dictis
564 5067 840 5176 appellantibus
868 5082 996 5143 contra
1013 5063 1205 5142 Jacobum
1229 5079 1497 5152 memoratum,
1524 5057 1754 5136 infirmando
