4450 6209
736 717 1004 828 nvoutrns
1030 738 1093 810 nv
1120 717 1327 812 moces.
1561 724 1566 731 ’
1670 736 1744 812 ssa

322 877 425 958 curie
441 893 569 957 nostre
577 877 781 986 judicium,
795 879 937 958 dictum
950 878 1024 957 luit
1032 880 1139 987 quod
1152 879 1280 958 omnia
1294 895 1511 986 attemptata
1523 905 1590 986 per
1600 876 1745 956 dictum
1783 889 1913 942 rmum
1926 884 1969 952 W.

322 1008 521 1088 dominum
542 1007 590 1087 de
607 1009 751 1088 Noeriis
770 1027 808 1088 et
826 1027 957 1122 gentes
974 1038 1058 1090 suas
1072 1011 1276 1118 predictas,
1298 1010 1338 1087 iu
1355 1007 1608 1117 prejudicium
1628 1008 1745 1116 ipsius
1844 983 1908 1030 ’Μ’

321 1139 499 1248 prepositi
515 1156 555 1218 et
568 1139 667 1220 dicte
683 1171 818 1220 manus
833 1158 978 1234 nostre,
994 1171 1064 1248 per
1078 1142 1313 1248 prepositum
1326 1158 1498 1219 nostrum
1511 1140 1743 1229 Ville-Nove,

223 1337 225 1344 ,
321 1271 369 1350 ad
388 1289 527 1351 statum
544 1273 719 1352 debitum
733 1291 978 1380 reponentur,
1001 1292 1038 1352 et
1057 1273 1163 1382 quod
1182 1273 1375 1380 predictus
1393 1250 1571 1351 dominus
1591 1272 1638 1350 de
1652 1274 1749 1351 Noe-

321 1403 406 1492 riis,
430 1404 519 1483 dicti
542 1404 760 1485 Florencius
782 1406 990 1486 Marescalli
1006 1423 1044 1485 et
1062 1406 1191 1486 Gnido
1212 1406 1261 1484 de
1285 1404 1416 1483 Briton
1433 1404 1597 1483 reddent
1616 1420 1654 1481 et
1671 1403 1748 1483 sol-

323 1553 412 1612 vent
431 1535 533 1614 dicto
548 1537 740 1645 preposito
759 1536 941 1616 ducentas
956 1537 1069 1616 libras
1080 1539 1338 1630 Turonenses,
1355 1563 1425 1643 pro
1445 1535 1634 1643 dampnis,
1655 1536 1750 1644 inju-

323 1667 389 1743 riis
407 1683 446 1744 et
463 1667 643 1746 interesse
663 1667 859 1775 predictis,
878 1685 915 1746 et
933 1668 1043 1747 nobls
1063 1669 1187 1747 dictus
1205 1667 1385 1745 dominus
1408 1666 1455 1743 de
1474 1667 1621 1745 Noeriis
1644 1666 1749 1744 mille

323 1795 439 1875 libras
456 1800 711 1888 Turonenses‚
724 1782 861 1877 'dictus
881 1799 1007 1878 Guido
1033 1799 1081 1878 de
1101 1799 1232 1877 Briton
1258 1797 1438 1875 ducentas
1457 1797 1590 1888 libras,
1609 1815 1647 1874 et
1672 1798 1751 1876 die-

320 1945 385 2006 tus
401 1929 619 2008 Floreneius
631 1930 903 2038 quinquaginta
920 1930 1034 2008 libras
1049 1933 1307 2020 Turonenses,
1324 1958 1393 2036 pro
1410 1929 1587 2019 emenda,
1608 1929 1751 2036 persol-

321 2076 426 2147 vent,
453 2077 491 2136 et
516 2061 621 2167 quod
646 2060 745 2138 illud
763 2059 868 2168 quod
890 2060 986 2140 alter
1006 2090 1139 2140 eorum
1165 2088 1245 2139 nou
1269 2060 1410 2168 poterit
1436 2059 1580 2139 solvere
1601 2059 1648 2138 ab
1675 2060 1748 2138 alio

320 2189 504 2297 exigetur.
737 2174 741 2179 .

378 2323 508 2402 Martis
521 2341 608 2432 post
622 2322 968 2401 Annunciacionem
989 2322 1231 2401 dominicam.

379 2454 481 2561 Roya
499 2454 710 2562 reportavit.

379 2717 518 2798 XLVII.
549 2718 633 2795 Lite
654 2734 771 2808 mota,
792 2717 949 2796 incuria
965 2734 1109 2807 nostra,
1127 2717 1226 2794 inter
1239 2717 1498 2825 pedagiarium
1511 2737 1684 2797 nostrum
1701 2723 1749 2800 de

320 2851 477 2939 Perona,
496 2877 540 2926 ex
553 2877 627 2926 una
644 2865 760 2956 parte,
779 2849 1037 2927 otJohannem
1048 2849 1243 2926 Britonem
1257 2847 1513 2926 etJobannem
1530 2850 1578 2927 de
1593 2850 1751 2929 Tribus-

324 2979 571 3069 Molendinis‚
588 2979 804 3088 pelliparios
816 2999 855 3058 et
869 2982 966 3058 cives
984 2979 1225 3069 Parisienses,
1245 3010 1290 3058 ex
1310 2981 1442 3072 altera,
1458 3010 1631 3088 supereo
1649 2983 1752 3062 vide·

324 3111 414 3189 licet
428 3113 530 3219 quod
548 3111 672 3190 dictus
685 3113 923 3220 pedagiarius
943 3111 1092 3190 dicebat
1109 3140 1180 3190 nos
1194 3139 1274 3190 esse
1290 3113 1332 3189 in
1346 3113 1481 3190 saisina
1494 3129 1532 3190 et
1546 3115 1661 3220 ipsos,
1684 3144 1752 3192 no-

326 3243 429 3318 mine
446 3260 586 3332 nostro,
605 3221 1145 3322 secundumconsuetudinem
1160 3243 1251 3320 dicti
1264 3242 1413 3349 pedagii
1428 3244 1564 3336 nostri,
1579 3247 1750 3351 capiendi

327 3390 365 3449 et
390 3371 558 3466 levandi,
581 3372 928 3480 quocienscumque
953 3400 1049 3479 opus
1079 3373 1242 3461 varium,
1268 3400 1338 3477 per
1363 3373 1507 3450 dictum
1532 3373 1749 3482 pedagium,

324 3503 525 3583 transitum
549 3504 721 3594 faciebat,
746 3532 815 3611 pro
840 3503 1014 3613 quolibet
1033 3521 1143 3582 cento
1163 3503 1324 3610 pellium
1343 3504 1545 3598 variarum,
1568 3506 1666 3585 duos
1685 3507 1752 3584 de-

325 3637 466 3726 narios,
484 3636 636 3744 quando
652 3635 886 3714 ducebantur
900 3635 940 3713 in
955 3665 1068 3714 curru
1081 3635 1141 3713 vel
1156 3637 1195 3713 in
1209 3635 1406 3742 quadriga,
1422 3636 1499 3712 sive
1513 3635 1554 3713 in
1566 3635 1750 3726 lardellis‚

324 3767 522 3856 trossellis,
536 3766 648 3845 doliis
657 3765 716 3844 vel
728 3766 841 3875 gibis,
856 3785 894 3845 et
906 3768 1100 3856 aliusnon,
1116 3765 1226 3844 dietis
1234 3765 1490 3875 burgensibus
1501 3768 1753 3846 asserentibus

327 3927 367 3977 se
383 3914 422 3976 et
434 3896 527 3975 alios
544 3895 749 4004 burgenses
764 3897 811 3976 de
826 3899 1003 3990 Parisius,
1021 3881 1260 4006 pelliparios,
1272 3899 1407 3994 essein
1423 3898 1556 3976 saisina
1568 3899 1749 3989 solvendi,

250 4075 256 4080 -
328 4030 368 4106 in
387 4028 486 4105 dicto
502 4028 677 4136 pedagio,
693 4057 761 4134 pro
783 4029 957 4135 quolibet
974 4029 1149 4109 trossello
1168 4059 1236 4109 seu
1256 4031 1406 4139 charga‚
1426 4029 1647 4110 facientibus
1668 4049 1752 4110 octo

328 4160 449 4238 millia
467 4159 626 4267 pellium
643 4159 840 4249 variarum,
860 4162 991 4238 decem
1012 4179 1049 4238 et
1068 4177 1155 4240 octo
1176 4137 1351 4239 denarios
1369 4191 1457 4240 cum
1476 4162 1592 4241 obolo
1611 4162 1754 4241 solum·

328 4292 459 4382 modo,
475 4289 801 4398 qualitercumque
814 4288 854 4367 in
870 4320 984 4368 curru
997 4290 1057 4367 vel
1068 4291 1109 4368 in
1125 4291 1306 4398 quadriga
1320 4291 1378 4370 vel
1392 4291 1510 4382 aliter,
1527 4320 1597 4399 per
1608 4294 1753 4371 dictum
1847 4277 1850 4280 ⁴

327 4422 545 4532 pedagium,
565 4418 664 4499 dicte
684 4419 804 4526 pelles
818 4419 917 4498 varie
938 4420 1201 4510 defferrentur,
1223 4447 1337 4526 super
1351 4419 1424 4498 boc
1441 4420 1581 4527 inquiri
1599 4422 1754 4500 manda·

327 4556 460 4645 vimus,
478 4568 609 4630 vocato
627 4550 676 4628 ad
691 4551 764 4629 boc
778 4566 1021 4658 procuratore
1039 4567 1170 4631 nostro
1192 4567 1229 4628 et
1242 4550 1326 4628 aliis
1345 4549 1544 4628 evocandis
1563 4580 1651 4628 curn
1668 4552 1755 4631 dili-

328 4685 467 4792 gencia,
488 4685 695 4771 veritatem,
715 4699 754 4760 et
767 4681 980 4789 inquestam
1000 4711 1114 4790 super
1133 4684 1207 4761 boc
1221 4681 1354 4760 saetam
1370 4681 1419 4759 ad
1430 4697 1597 4761 nostram
1613 4684 1755 4762 curiam

328 4818 534 4924 reportari:
558 4816 643 4910 Qua
660 4815 737 4892 visa
763 4828 801 4892 et
820 4813 1021 4922 diligenter
1041 4815 1222 4921 inspecta,
1245 4812 1334 4920 quia
1357 4813 1552 4891 inventum
1570 4830 1628 4893 est
1649 4816 1755 4922 quod

330 4948 451 5026 dictus
474 4946 711 5054 pedagiarius
729 4964 858 5025 noster
877 4945 1015 5024 melius
1037 4963 1074 5026 et
1092 4975 1161 5053 per
1179 4945 1306 5052 plures
1323 4962 1437 5025 testes
1455 4973 1561 5025 suam
1580 4945 1754 5023 saisinam

330 5079 550 5187 probaverat
563 5078 603 5156 iu
616 5077 794 5184 predictis
808 5105 922 5187 quam
934 5079 1143 5186 burgenses
1151 5075 1325 5185 superius
1336 5078 1533 5170 nominati,
1545 5106 1615 5184 per
1625 5093 1753 5156 nostre

413 5255 466 5299 LES
486 5255 571 5299 obtat.
594 5255 640 5296 111.
