4450 6209
745 703 1012 813 mortuus
1038 721 1102 794 nr
1129 701 1334 796 raucus.
1678 729 1752 804 sao

388 865 479 943 VIII.
510 863 594 942 Lito
613 879 731 954 mota,
753 891 879 940 coram
897 861 1088 970 preposito
1107 861 1323 953 Parisiensi,
1349 864 1451 942 inter
1471 864 1661 973 hogerum
1685 870 1755 950 Ca·
1792 875 1981 941 Pssumis,

331 995 503 1104 raingus,
526 1011 707 1083 actorem,
731 1023 775 1072 ex
792 1022 868 1074 una
881 1012 1005 1102 parte,
1025 1011 1063 1072 et
1077 995 1289 1072 Iohannem
1309 995 1537 1084 Scutellarii,
1555 998 1750 1106 juvenem,
1852 966 1916 1010 Μ’

332 1127 588 1216 defensorem,
601 1155 645 1204 ex
662 1126 792 1216 altera,
814 1155 929 1234 super
948 1154 995 1205 eo
1009 1125 1114 1233 quod
1134 1126 1238 1203 idem
1253 1129 1422 1235 hogerus
1437 1128 1626 1207 asserebat
1636 1159 1695 1222 se,
1711 1159 1755 1211 ex

332 1287 441 1338 causa
466 1257 607 1346 mutui,
631 1285 850 1334 numerasse
873 1257 1044 1335 Iohanne
1069 1255 1287 1335 Scutellarie
1312 1256 1509 1353 delimate,
1535 1261 1645 1339 matri
1666 1261 1756 1342 dicti

331 1389 511 1468 Iohannis
527 1391 737 1496 quondam,
756 1388 863 1497 cnjus
878 1388 983 1467 idem
999 1389 1191 1468 Iohannes
1207 1387 1399 1468 confessus
1412 1389 1486 1470 fuit
1499 1391 1540 1469 in
1553 1391 1700 1501 judicio
1717 1425 1757 1475 se

332 1519 454 1598 filium
475 1538 513 1599 et
532 1520 712 1599 heredem
731 1517 956 1613 insolidum,
973 1536 1088 1626 prout
1112 1519 1216 1598 idem
1234 1521 1404 1629 Rogems
1423 1517 1647 1614 affirmabat,
1667 1553 1759 1633 qua-

333 1652 546 1760 dringentas
572 1653 842 1761 quinquaginta
867 1651 981 1731 libras
1009 1651 1197 1730 honorum
1218 1652 1485 1732 Parisiencium
1514 1655 1754 1752 sticarium,

331 1783 507 1862 videlicet
526 1784 705 1862 ducentas
723 1781 837 1860 libras
855 1782 992 1890 primo,
1007 1783 1088 1859 sine
1108 1782 1260 1874 litteris,
1281 1783 1355 1860 suh
1373 1784 1543 1891 pignoris
1561 1789 1754 1875 cautione:

331 1915 439 2004 item,
458 1915 639 1994 ducentas
653 1915 925 2023 quinquaginta
942 1912 1056 1991 lihras
1071 1914 1255 2004 secundo,
1274 1914 1322 1992 de
1337 1915 1479 2021 quihus
1494 1917 1574 2025 ipse
1594 1919 1758 1999 hahebat

329 2045 470 2124 litteras
484 2045 692 2138 Castelleti,
714 2064 755 2125 et
771 2047 935 2124 domum
949 2073 1062 2153 quam
1081 2045 1317 2139 inhabitabat
1334 2045 1432 2124 dicta
1450 2047 1638 2141 Iohanne,
1658 2068 1757 2130 tem-

330 2205 421 2283 pore
445 2179 571 2256 mutui
600 2177 671 2255 sihi
698 2176 801 2266 facti,
831 2176 1116 2284 ypothecatrmt
1140 2205 1257 2283 quare
1282 2177 1433 2283 petebat
1459 2178 1563 2256 idem
1588 2182 1757 2289 Rogatus

332 2309 474 2385 dictum
495 2309 724 2396 Iohannem,
747 2325 790 2385 ut
810 2305 932 2384 filium
953 2323 992 2384 et
1014 2307 1196 2384 heredem
1217 2307 1423 2384 insolidum
1441 2308 1542 2386 dicte
1563 2311 1753 2404 Iohanne,

331 2439 600 2546 condempnari
625 2439 673 2516 ad
697 2437 937 2516 reddendum
963 2437 1034 2518 sihi
1054 2455 1240 2515 trecentas
1258 2437 1505 2548 quadraginta
1524 2438 1637 2518 libras
1654 2443 1757 2521 Pari·

332 2570 513 2647 siencium
531 2569 739 2656 honorum,
757 2567 928 2644 residuas
947 2567 995 2643 de
1014 2567 1183 2672 predicta
1200 2568 1560 2673 quadringentarum
1575 2573 1759 2679 quinqua.

330 2703 434 2808 ginta
453 2699 633 2778 librarum
653 2723 816 2786 summa,
834 2695 1006 2773 deductis
1023 2723 1066 2772 ex
1085 2695 1216 2772 eadem
1232 2723 1380 2773 summa
1398 2716 1552 2776 centum
1569 2718 1609 2778 et
1622 2702 1754 2782 decern

331 2832 454 2921 libris,
475 2857 568 2938 quas
589 2826 869 2915 tandummodo,
893 2855 937 2903 ex
955 2825 1178 2918 condicione
1196 2826 1312 2932 partis
1334 2827 1521 2906 dictorum
1538 2830 1753 2939 pignonum

329 2965 423 3041 sacta
442 2989 511 3071 per
534 2977 751 3040 executores
774 2958 875 3036 'dicte
896 2957 1085 3046 Iohanne,
1109 2957 1158 3034 de
1183 2985 1370 3036 consensu
1389 2958 1480 3036 dicti
1498 2961 1696 3055 Iohannis,
1716 2993 1756 3044 se

331 3095 505 3173 hahuisse
525 3091 786 3179 confitebatur,
804 3106 842 3167 et
854 3088 1062 3196 predictam
1082 3087 1241 3165 domum
1256 3088 1327 3166 sibi
1346 3105 1540 3197 tamquam
1553 3095 1757 3200 ypotheca·

331 3243 405 3301 tam
431 3222 653 3330 adjudicari,
676 3221 878 3299 tenendam
905 3236 943 3295 et
967 3219 1248 3325 explantandam
1269 3246 1338 3325 pro
1363 3220 1464 3300 dicto
1486 3222 1631 3315 debito,
1650 3227 1757 3335 juxta

333 3353 646 3433 consuetudinem
667 3350 771 3428 curie
788 3347 1001 3438 Castelletis
1024 3348 1127 3426 dicto
1145 3349 1317 3428 Iohanne
1336 3377 1380 3425 ex
1399 3350 1554 3430 adverso
1577 3374 1752 3463 negante,

333 3477 448 3565 dictas
464 3485 602 3590 primas
614 3483 795 3559 ducentas
809 3480 924 3558 libras
937 3479 1035 3556 dicte
1045 3479 1232 3569 Iohanne,
1249 3481 1359 3557 matri
1374 3509 1459 3572 sue,
1474 3483 1522 3560 ah
1537 3484 1672 3562 eodem
1683 3487 1756 3566 Ilo-

331 3645 434 3729 ger0,
448 3616 507 3695 vel
522 3615 595 3692 alio
604 3614 698 3722 'ejus
712 3613 882 3701 nomine,
899 3627 1084 3688 mutuatas
1099 3610 1233 3700 fuisse,
1253 3629 1292 3688 et
1306 3629 1467 3720 uagante
1482 3614 1600 3692 eciam
1613 3643 1654 3694 se
1668 3644 1757 3695 con—

331 3749 469 3826 sessum
488 3745 601 3824 luisse
620 3774 659 3824 se
675 3743 856 3822 heredem
872 3741 1077 3857 insolidum
1092 3743 1222 3819 matris
1239 3771 1322 3831 sue,
1339 3742 1407 3820 sed
1420 3772 1490 3850 pro
1506 3763 1638 3852 quarta
1651 3766 1755 3853 parte

333 3880 525 3966 duntaxat,
558 3904 644 3954 cum
671 3876 746 3952 sint
771 3891 934 3981 quatuor
958 3872 1068 3952 liberi
1094 3874 1312 3980 superstites
1341 3903 1386 3952 ex
1414 3875 1546 3952 eadem
1568 3878 1753 3964 Iohanna,

332 4024 453 4086 matre
467 4035 549 4100 sua,
563 4034 633 4112 pro
644 4006 734 4082 ratis
747 4005 842 4093 suis,
858 4003 1101 4082 succedentes
1116 4003 1259 4097 eidem,
1274 4004 1525 4084 confitebatur
1536 4023 1664 4084 tamen
1677 4035 1758 4086 me-

332 4156 499 4217 moratus
522 4137 712 4215 Iohannes
733 4151 909 4212 mutuum
929 4134 977 4211 de
1003 4135 1177 4214 ducentis
1201 4135 1471 4244 quinquaginta
1492 4136 1599 4215 libris
1617 4137 1756 4217 Iactum

332 4270 446 4351 fuisse
461 4270 586 4348 eidem
599 4267 789 4358 Iohanne,
807 4265 915 4342 matri
930 4291 1016 4354 sue,
1035 4282 1072 4342 et
1092 4264 1237 4342 dictmn
1256 4269 1443 4373 Rogsrum
1466 4266 1513 4344 de
1529 4269 1673 4346 eisdem
1692 4271 1758 4345 ha·
1805 4279 1808 4283 ’

331 4403 422 4482 here
442 4402 584 4480 litteras
604 4397 808 4511 Castelleti,
831 4421 998 4476 asserens
1020 4394 1248 4474 satisfactum
1267 4394 1382 4474 luisse
1403 4396 1525 4475 eidem
1549 4400 1697 4508 Rogero
1716 4401 1755 4476 in

333 4551 485 4613 centum
501 4550 539 4610 et
552 4533 703 4639 triginta
715 4530 885 4638 quinque
900 4528 1008 4607 libris
1022 4544 1060 4604 et
1073 4527 1276 4605 duodecim
1294 4527 1473 4618 denariis,
1488 4547 1566 4606 tam
1581 4557 1650 4635 per
1663 4529 1756 4606 fina-

333 4665 409 4744 lem
436 4680 655 4773 compotum
680 4689 794 4770 quam
820 4687 865 4738 ex
890 4660 1018 4767 precio
1042 4660 1156 4766 partis
1182 4659 1369 4738 dictorum
1395 4660 1616 4768 pignorum,
1640 4687 1756 4768 quare

333 4796 484 4902 petebat
502 4796 605 4874 idem
623 4796 813 4873 Iohannes
833 4819 873 4871 se
892 4791 1030 4872 absolvi
1047 4773 1076 4870 a*
1086 4791 1273 4900 peticione
1291 4791 1381 4868 dicti
1403 4792 1556 4902 Rogeri,
1572 4791 1756 4871 satisfacto

334 4927 458 5005 eidem
475 4927 521 5005 de
537 4928 722 5034 sexaginta
733 4924 935 5004 tresdecim
950 4922 1056 5002 libris
1074 4923 1206 5001 decem
1221 4941 1407 5001 stactem
1425 4922 1556 5001 solidis
1573 4940 1612 5000 et
1625 4923 1755 5003 decem

334 5059 512 5150 denariis,
528 5058 689 5136 residuis
706 5057 754 5135 de
768 5082 916 5135 summa
930 5055 1178 5133 ducentamm
1193 5054 1464 5164 quinquaginta
1476 5053 1658 5132 librarum
1670 5081 1756 5160 pre-
