4450 6209
520 724 570 800 30
1103 730 1194 804 Lus
1228 728 1372 805 OLIM.

292 874 480 938 emansstv,
518 898 595 977 que
622 870 855 949 declaratum
874 868 948 949 {isit
966 872 1148 980 majorem
1175 890 1213 951 et
1239 872 1389 980 juratos
1407 872 1598 979 pnetbotos
1622 900 1700 953 non
1722 873 1864 953 babere
1884 876 1946 983 jus

355 969 417 1011 lm
518 1003 752 1111 impediendi
768 1004 889 1081 dictos
901 1004 1111 1113 religiosos,
1127 1005 1311 1112 capiendo
1329 1004 1454 1082 hostie
1467 1004 1697 1083 ellonem
1712 1004 1752 1081 in
1764 1004 1945 1085 uastando

520 1134 709 1213 dictorum
725 1135 1009 1244 religiosorum,
1028 1164 1097 1241 pro
1110 1135 1227 1214 taillia
1242 1134 1348 1227 ville,
1365 1136 1496 1215 addito
1508 1136 1549 1213 in
1568 1136 1671 1213 dicta
1688 1136 1943 1215 deelarecione

518 1265 623 1373 quod
650 1268 752 1345 cnria
779 1295 858 1345 nen
885 1265 1107 1345 intendebat
1132 1267 1280 1373 aliquid
1298 1266 1491 1345 declarare
1521 1268 1627 1375 quod
1653 1267 1744 1345 dicti
1765 1268 1887 1375 major
1908 1288 1944 1346 et

514 1397 630 1501 jurati
647 1414 801 1503 possent
817 1395 878 1473 vel
897 1426 975 1475 non
995 1416 1152 1504 possent
1171 1419 1305 1505 capere
1325 1397 1365 1474 in
1382 1396 1563 1476 tredendo
1580 1397 1772 1477 dictorum
1789 1398 1941 1506 relifflo·

517 1549 668 1617 sorum,
694 1556 764 1635 pro
783 1528 886 1606 tallia
912 1528 1010 1606 dicte
1028 1529 1134 1621 ville,
1155 1530 1314 1609 mobilia
1335 1546 1373 1607 et
1393 1528 1541 1618 catellae
1569 1518 1865 1637 propterquod,
1887 1529 1942 1607 di-

518 1659 654 1737 cebant
683 1659 774 1737 dicti
804 1660 925 1767 major
949 1676 988 1735 et
1007 1660 1124 1766 jurati
1149 1660 1392 1767 ptonunciari
1424 1660 1582 1752 debere,
1610 1660 1748 1739 virtute
1772 1660 1941 1766 inqueste

517 1792 704 1900 predicte,
732 1791 833 1898 ipsos
853 1789 993 1867 hebere
1016 1790 1082 1898 jus
1108 1792 1281 1898 sepiendi
1310 1791 1467 1871 mobilia
1494 1810 1531 1869 et
1551 1790 1681 1869 catalla
1707 1792 1747 1869 itt
1766 1790 1941 1869 trelimdo

519 1923 709 2001 dictorum
724 1923 992 2033 religiosorum
1011 1952 1081 2031 pro
1100 1923 1205 2001 tallia
1225 1924 1333 2013 ville,
1355 1924 1467 2002 dictis
1486 1923 1622 2003 abbate
1642 1940 1682 2001 et
1700 1940 1886 2001 conventu
1904 1924 1940 1999 in

519 2055 751 2133 contrarium
775 2055 1027 2133 asserentibus
1051 2055 1294 2163 pronunciari
1317 2055 1457 2134 debere
1484 2057 1589 2161 ipsos
1616 2054 1798 2160 majorem
1823 2071 1861 2133 et
1882 2054 1942 2161 ju-

519 2203 619 2265 ratos
637 2216 716 2265 non
733 2186 875 2264 babere
887 2186 953 2293 jus
969 2186 1143 2294 capiendi
1161 2186 1201 2263 in
1222 2186 1401 2263 trefundo
1420 2186 1613 2291 predicto,
1634 2212 1703 2291 pro
1721 2183 1826 2263 tallia
1847 2186 1940 2263 dicte

518 2316 622 2410 ville,
640 2317 798 2396 mobilia
813 2337 851 2396 et
866 2320 1008 2397 catella.
1025 2320 1218 2410 Pretcrea,
1236 2346 1341 2406 cum,
1360 2346 1404 2393 ex
1418 2334 1521 2423 parte
1538 2316 1728 2395 dictorum
1744 2315 1889 2395 abbatis
1904 2333 1941 2393 et

517 2466 739 2539 conventus,
764 2448 897 2527 luisset
926 2449 1164 2556 propositum
1188 2449 1295 2556 quod
1315 2448 1355 2523 in
1380 2448 1506 2554 primo
1529 2444 1700 2554 judicato
1726 2445 1845 2523 nichil
1867 2464 1940 2525 eret

516 2582 809 2687 pronunciatum
843 2582 892 2659 de
928 2580 1112 2659 divisione
1146 2580 1473 2689 preposituretum
1506 2598 1576 2655 nec
1610 2576 1658 2655 de
1689 2576 1801 2669 halis,
1831 2602 1939 2683 super

517 2712 657 2821 qulbus
672 2714 743 2819 ipsi
759 2715 999 2819 pronunciari
1016 2712 1213 2819 petebant,
1231 2730 1384 2818 propter
1400 2710 1528 2819 quod,
1539 2710 1580 2785 in
1595 2707 1847 2787 declaratione
1863 2737 1940 2814 pre—

517 2845 638 2936 dicta,
661 2844 764 2920 curie
784 2860 929 2934 nostra,
951 2872 1068 2950 super
1085 2843 1405 2950 pronunciecione
1414 2842 1699 2950 predictorum,
1720 2857 1814 2919 vanc
1829 2869 1940 2919 reser-

518 2975 712 3052 racionem
731 2974 870 3051 feceret
889 2975 938 3051 ad
951 2974 1055 3051 aliud
1073 2975 1352 3081 parlamentum
1371 3008 1380 3052 ε
1401 2973 1591 3065 Tandem,
1608 2973 1683 3051 visa
1698 2972 1837 3051 iterum
1858 2971 1940 3049 dili-

517 3123 652 3215 genter
665 3106 839 3213 inqueste
852 3107 1035 3213 predicte,
1051 3106 1236 3215 quianon
1258 3107 1331 3184 fuit
1345 3106 1540 3186 inventum
1556 3105 1747 3213 predictos
1761 3104 1938 3212 majorem

518 3253 558 3314 et
570 3238 717 3345 juratos
729 3238 956 3344 peticionem
976 3266 1044 3316 seu
1063 3238 1241 3317 articulos
1256 3237 1387 3318 fecisse
1407 3266 1522 3346 super
1541 3238 1717 3344 capcione
1741 3234 1938 3313 mobilium

518 3387 555 3445 et
575 3369 811 3460 catellorum,
833 3399 902 3476 pro
930 3369 1035 3448 tallie
1059 3371 1158 3448 dicte
1188 3370 1295 3459 ville,
1310 3370 1609 3477 pronunciatum
1634 3367 1723 3457 luit,
1744 3395 1813 3474 per
1839 3366 1939 3445 curie

517 3518 645 3579 nostre
667 3500 873 3610 judicium,
903 3528 1066 3609 nospes
1096 3502 1235 3579 dictam
1256 3502 1476 3609 inquestam
1509 3499 1675 3577 disserite
1704 3526 1783 3575 non
1804 3494 1938 3575 debere

518 3630 640 3710 dictos
665 3634 847 3739 majorem
867 3652 906 3709 et
920 3633 1067 3741 juratos
1092 3633 1232 3709 habere
1253 3632 1312 3710 vel
1332 3655 1410 3710 non
1431 3631 1572 3709 habere
1589 3632 1653 3739 jus
1673 3628 1844 3736 capiendi
1863 3656 1940 3705 mo-

517 3761 609 3839 bilia
633 3781 672 3839 et
699 3763 845 3856 catalla,
869 3792 939 3870 pro
963 3763 1067 3841 tallia
1088 3763 1318 3871 supradicta,
1344 3783 1402 3842 set
1426 3762 1537 3841 faciet
1564 3763 1665 3841 curia
1692 3778 1818 3839 nostra
1846 3759 1940 3839 inter

517 3909 642 3998 partes
656 3892 807 4000 justicie
827 3894 1168 4001 complementum,
1190 3924 1278 3973 cum
1298 3894 1414 3974 fuerit
1427 3895 1619 4004 requisita.
1640 3895 1761 4000 Super
1783 3888 1937 3969 articulo

518 4051 605 4101 vero
625 4025 965 4131 preposituramm,
986 4028 1277 4135 pronunciatum
1306 4028 1378 4106 fuit
1403 4028 1506 4134 quod
1535 4025 1650 4104 abbas
1670 4042 1708 4102 et
1737 4039 1939 4105 conventus

446 4174 454 4180 '
517 4156 839 4262 Compendienses
859 4184 927 4263 per
947 4159 1184 4265 prepositum
1200 4186 1311 4236 sumn
1324 4158 1517 4268 justiciare
1533 4173 1717 4264 poterunt
1737 4155 1777 4235 ln
1795 4152 1938 4231 casibus

512 4286 662 4395 justicie
676 4287 716 4363 in
737 4287 837 4364 dicto
854 4288 980 4395 primo
994 4288 1165 4399 judicato
1181 4290 1404 4399 adjudicatis
1425 4289 1570 4366 eisdem
1585 4308 1623 4367 et
1638 4286 1732 4367 locis
1746 4285 1786 4361 in
1804 4286 1938 4363 eodem

517 4418 719 4512 contentis,
742 4447 812 4495 nec
832 4418 921 4496 dicti
941 4420 1063 4530 major
1082 4437 1121 4499 et
1141 4422 1257 4530 jurati
1278 4438 1458 4529 poterunt
1485 4448 1524 4497 se
1544 4418 1797 4498 intromittere
1818 4416 1857 4493 in
1882 4444 1940 4493 oa·

516 4550 620 4627 sibus
632 4551 784 4657 justicie
802 4552 1025 4660 adjudicatis
1041 4554 1151 4632 dictis
1166 4554 1368 4662 religiosis,
1383 4578 1453 4631 nec
1472 4552 1573 4657 ipsos
1588 4550 1783 4659 religiosos
1799 4547 1939 4653 alique-

515 4696 627 4758 tenus
648 4682 844 4789 impsdire.
861 4686 984 4793 Major
997 4714 1104 4775 vero,
1119 4704 1301 4793 tanquam
1316 4683 1529 4792 prepositus
1542 4683 1643 4761 dicte
1660 4680 1765 4769 ville.
1783 4676 1938 4758 nomine

515 4838 601 4900 suo,
618 4812 831 4918 juratomm
855 4832 895 4893 et
914 4817 1130 4894 communie
1150 4816 1318 4923 predicte
1337 4814 1444 4907 ville,
1461 4816 1507 4893 'in
1526 4812 1673 4893 casibus
1695 4823 1738 4891 'et‘
1755 4809 1850 4889 loeis
1865 4807 1937 4893 sibi

516 4939 739 5047 adjudicatis
753 4975 822 5052 per
833 4946 1046 5055 judicatum
1060 4945 1502 5054 predictum,'justicia1e
1518 4961 1726 5051 poterone,
1738 4972 1807 5027 nec
1827 4938 1938 5017 ³1th

515 5088 554 5149 et
574 5092 777 5154 conventus
796 5095 978 5183 poterunt
997 5106 1038 5155 se
1054 5077 1307 5157 intromittere
1326 5077 1366 5153 in
1386 5076 1532 5156 casibus
1546 5075 1696 5182 justicie
1717 5068 1939 5181 adjudicetis
