4450 6209
491 757 564 836 690
1068 763 1159 836 LES
1187 762 1326 840 OLlM.

263 927 393 980 Parnm
407 923 450 988 vv,
489 934 607 1015 gnon,
628 935 671 986 ex
690 923 795 1014 parte
810 931 903 996 una,
925 922 963 983 et
983 906 1141 984 domum
1164 905 1362 986 Guillelmi
1376 906 1465 986 dicti
1481 909 1645 1016 Bovgne,
1660 933 1706 984 ex
1725 906 1854 996 altera,
1871 909 1912 986 in

325 1017 389 1060 ¹³¹¹'
489 1037 633 1116 censiva
660 1039 796 1146 prioris
825 1037 1374 1148 Sancti-Martini-de-Campis,
1401 1041 1595 1148 adipsum
1621 1039 1832 1118 iohannem
1863 1040 1910 1118 de

490 1171 611 1248 Mares
624 1169 878 1277 pertinebant,
895 1197 939 1248 ex
950 1169 1159 1248 donacione
1170 1167 1242 1248 sibi
1252 1170 1345 1248 lacta
1360 1201 1428 1279 per
1440 1171 1678 1252 Gilebertum
1692 1170 1741 1248 de
1754 1170 1909 1249 Grandi-

489 1301 727 1392 Molendin'o,
745 1301 880 1408 quise,
899 1301 939 1378 in
955 1325 1067 1379 manu
1082 1302 1172 1380 dicti
1189 1303 1385 1411 prepositi,
1404 1303 1632 1392 divestierat,
1649 1331 1692 1379 ex
1709 1329 1910 1408 causapre-

490 1431 603 1520 dicta,
617 1449 654 1510 et
669 1431 892 1510 dissaisierat
904 1431 951 1509 de
966 1431 1074 1510 dictis
1085 1434 1217 1524 rebus;
1231 1450 1269 1510 et
1281 1433 1383 1511 idem
1396 1435 1627 1542 prepositus,
1641 1433 1752 1511 dictis
1764 1431 1909 1510 divesti-

487 1583 570 1642 tnra
591 1582 628 1644 et
644 1564 838 1644 dissaisina
853 1565 1029 1672 receptis,
1051 1565 1098 1642 de
1114 1565 1306 1650 voluntate
1318 1582 1357 1642 et
1369 1593 1521 1644 assensu
1532 1564 1694 1672 predicti
1709 1561 1905 1652 Gileberti,

489 1697 654 1775 eundern
672 1697 880 1774 iohannem
902 1695 949 1772 de
972 1697 1092 1775 Mares
1112 1698 1349 1774 investiverat
1362 1713 1401 1774 et
1420 1699 1588 1775 saisierat
1605 1695 1653 1771 de
1670 1693 1829 1782 eisdem,
1845 1721 1909 1800 per

487 1827 735 1904 tradicionem
758 1826 992 1932 quarundam
1013 1825 1222 1904 litterarum
1245 1855 1358 1932 super
1377 1845 1571 1906 contractu
1591 1824 1809 1902 donacionis
1830 1851 1910 1929 pre·

490 1956 589 2032 dicte
605 1955 875 2044 confectarum,
893 1985 985 2062 quas
1000 1983 1060 2033 res
1075 1955 1146 2032 sibi
1162 1956 1334 2046 donatas,
1351 1972 1395 2035 ut
1412 1957 1637 2062 premissum
1650 1971 1721 2046 est,
1738 1953 1829 2030 dicti
1847 1954 1910 2030 de·

490 2086 687 2163 fendentes
705 2085 831 2162 minus
846 2086 947 2194 juste
966 2086 1187 2163 detinebant
1207 2103 1421 2192 occupatas,
1439 2104 1484 2164 ut
1502 2089 1607 2166 idem
1623 2101 1726 2162 actor
1744 2084 1905 2173 diceban

489 2245 605 2325 quare
620 2217 786 2332 petebat,
807 2245 875 2324 per
896 2216 1037 2293 dictum
1056 2217 1305 2323 prepositum,
1325 2217 1503 2294 declarari
1519 2217 1636 2294 dictas
1649 2243 1710 2292 res
1726 2214 1908 2321 adipsum

488 2349 676 2456 pertinere
705 2365 743 2424 et
765 2347 852 2437 sibi,
874 2373 944 2454 per
966 2348 1112 2424 dictum
1131 2346 1382 2453 prepositum,
1405 2346 1612 2456 adjudicari
1634 2363 1673 2423 et
1692 2344 1906 2434 deliber-eri,

489 2480 667 2588 predictis
694 2479 986 2558 defendentibus
1000 2478 1138 2557 multas
1160 2479 1332 2557 raciones
1348 2478 1648 2587 proponentibus
1668 2503 1712 2554 er
1737 2477 1907 2565 adverso,

491 2611 630 2688 auditis
642 2611 755 2718 igitur
766 2611 934 2720 parcium
947 2611 1160 2688 racionibus
1169 2610 1440 2717 predictarum,
1456 2611 1580 2688 dictus
1590 2607 1819 2715 prepositus,
1832 2634 1910 2714 pre·

490 2743 609 2820 dictos
634 2740 881 2820 defendentes
906 2743 952 2820 ab
978 2742 1220 2850 impeticione
1239 2740 1407 2847 predicta
1430 2741 1520 2819 dicti
1540 2740 1691 2831 actoris,
1712 2767 1909 2846 persuum

484 2873 690 2980 judicium,
711 2872 889 2964 absolvit3
911 2902 933 2950 a
955 2901 1031 2981 quo
1052 2874 1242 2982 judicato,
1266 2890 1448 2980 tanquam
1474 2872 1568 2951 salso
1588 2888 1626 2951 et
1644 2899 1778 2980 pravo,
1809 2870 1908 2947 idem

492 3021 594 3081 actor
609 3003 657 3080 ad
676 3021 842 3084 nostram
863 3005 1004 3082 curiam
1016 3006 1233 3112 appellavit:
1249 3005 1399 3084 Auditis
1418 3006 1535 3115 igitar
1556 3004 1665 3082 dictis
1684 3003 1856 3111 partibus
1871 3004 1909 3079 in

434 3137 437 3142 ’
492 3160 598 3212 causa
618 3134 885 3242 appellacionis
897 3139 1081 3245 predicte,
1098 3155 1137 3215 et
1147 3139 1226 3216 viso
1239 3137 1337 3215 dicte
1350 3162 1460 3215 cause
1472 3135 1669 3245 principali
1679 3163 1858 3242 processu
1870 3163 1910 3212 ac

490 3266 662 3373 pluribus
686 3267 944 3346 instrumentis
967 3287 1006 3347 et
1025 3269 1263 3376 processibus
1279 3268 1361 3348 aliis
1376 3297 1491 3377 super
1506 3269 1581 3346 boc
1601 3268 1691 3344 hinc
1709 3266 1800 3343 inde
1815 3265 1908 3344 exbi-

490 3398 581 3476 bitis
596 3399 797 3508 diligenter
816 3401 1008 3508 inspectis,
1028 3402 1135 3508 quia,
1157 3427 1226 3507 per
1245 3401 1427 3507 predicta,
1445 3417 1683 3507 compertum
1698 3415 1756 3476 est
1769 3397 1908 3475 medie·

489 3547 604 3606 tatem
624 3531 716 3608 dicti
738 3531 887 3608 dimidii
908 3530 1004 3610 stalli
1020 3533 1067 3609 de
1082 3531 1227 3609 censiva
1244 3548 1371 3608 nostra
1390 3559 1487 3621 esse,
1503 3547 1542 3608 et
1555 3531 1799 3609 medietatem
1814 3527 1905 3605 dicte

490 3659 627 3739 domus
642 3661 689 3737 de
704 3663 848 3739 censiva
856 3663 993 3769 prioris
1002 3662 1291 3742 Sancti-Martini
1308 3662 1556 3767 existere,per
1565 3663 1667 3738 curie
1677 3677 1806 3738 nostre
1809 3658 1905 3768 judi·

491 3791 609 3880 cium,
632 3791 774 3870 dictum
793 3793 866 3870 fuit
884 3794 1097 3898 predictum
1118 3793 1371 3900 prepositum,
1393 3809 1578 3899 quantum
1603 3791 1652 3868 ad
1670 3790 1902 3868 medietatem

491 3919 581 3997 dicti
601 3921 752 3999 dimidii
773 3922 889 4012 stalli,
909 3924 1024 4012 bene,
1046 3941 1085 4001 et
1099 3941 1285 4031 quantum
1305 3923 1353 4000 ad
1368 3923 1612 4001 medietatem
1633 3922 1733 4001 dicte
1754 3923 1900 4008 domus,

492 4049 559 4128 site
581 4050 621 4126 in
634 4053 779 4129 censiva
795 4051 1106 4144 Sancti-Martini,
1124 4055 1171 4133 de
1190 4083 1263 4164 qua
1284 4054 1407 4132 dictus
1422 4055 1636 4162 prepositus
1653 4053 1826 4131 saisinam
1839 4067 1902 4128 tra-

492 4181 641 4260 diderat
658 4180 759 4261 dicto
779 4185 911 4275 actori,
934 4184 1031 4266 male
1051 4187 1329 4293 pronunciasse.

545 4311 722 4390 Mercurii
743 4314 922 4420 predicta.

546 4445 597 4522 Μ.
619 4443 664 4522 G.
687 4444 734 4520 de
755 4447 850 4522 Usco
870 4447 1082 4553 reportavit.

545 4706 636 4786 LIV.
671 4709 767 4786 Cum
782 4708 908 4799 nobis,
920 4737 963 4786 ex
976 4726 1079 4815 parte
1090 4709 1294 4800 Guidonis,
1307 4709 1453 4788 domini
1470 4708 1518 4786 de
1534 4707 1746 4797 Severiaeo,
1762 4703 1900 4790 militis,

488 4852 526 4911 et
538 4837 732 4914 bertrandi
749 4838 795 4917 de
810 4839 1045 4948 balaguerio,
1059 4839 1268 4931 domicelli,
1285 4857 1323 4919 et
1334 4840 1494 4919 nliomm
1510 4837 1827 4916 condominorum
1839 4859 1902 4911 cae

486 4966 533 5042 tri
551 4967 598 5045 de
613 4969 771 5060 Panaco,
791 4970 937 5062 luisset,
953 4973 1239 5079 conquerendo,
1257 4987 1506 5050 monstratum
1522 4969 1644 5076 quod,
1662 4996 1752 5046 cum
1766 4965 1851 5074 ipsi,
1866 4979 1903 5040 ut

489 5097 677 5191 dicebant,
694 5101 878 5180 haberent
890 5119 928 5180 ct
939 5103 1158 5192 habuerint,
1170 5133 1191 5179 a
1205 5121 1377 5211 tempore
1392 5103 1501 5211 cujus
1514 5100 1697 5180 memoria
1708 5098 1901 5177 bominum
