4450 6209
499 710 578 783 ·152
1084 705 1177 782 [ΕΒ
1207 705 1347 784 OLIM.

272 864 461 925 arvernem,
490 869 750 959 peterentque
770 851 862 934 dicti
883 848 1049 958 religiosi
1075 848 1220 927 dictum
1245 847 1563 955 impedimentum
1585 845 1751 926 amoveri
1771 864 1811 923 et
1832 875 1872 924 se
1894 847 1931 924 in

335 957 398 998 '³⁰⁴'
490 980 1142 1094 eaisrnepreneapausasset,
1162 980 1479 1088 evateupruas
1496 979 1567 1058 siu
1584 980 1710 1072 reddi,
1728 980 1934 1058 diorisma-

495 1117 603 1222 jore,
620 1116 758 1223 juratis
775 1133 815 1194 et
831 1113 1052 1194 communia
1069 1113 1303 1193 contrarium
1324 1112 1596 1203 asserentibus,
1617 1129 1655 1190 et
1674 1113 1893 1218 patentibus
1911 1143 1932 1190 a

494 1248 678 1354 predictis
692 1278 731 1328 sa
745 1247 909 1328 absolvi:
926 1249 998 1326 Per
1011 1246 1117 1326 idem
1124 1247 1333 1356 judicium,
1348 1247 1492 1327 dictum
1505 1247 1578 1324 luit
1588 1263 1626 1324 ot
1638 1246 1929 1351 pronunciatum

497 1380 620 1460 dictos
638 1380 837 1489 religiosos
855 1381 1010 1490 pacifice
1029 1380 1217 1463 tenendos
1241 1407 1320 1458 esse
1340 1379 1379 1456 in
1400 1379 1536 1473 saisina
1555 1378 1730 1484 capiendi
1748 1379 1846 1456 dicta
1868 1379 1931 1458 de—

495 1514 610 1601 veria,
629 1530 667 1589 et
686 1511 876 1620 gagiandi,
896 1538 966 1618 pro
986 1510 1062 1590 illis
1082 1511 1193 1590 dictis
1214 1510 1349 1591 diebus
1369 1525 1408 1594 et
1427 1509 1619 1600 noctibas,
1639 1509 1725 1587 illos
1744 1511 1812 1623 qui
1833 1512 1930 1589 dicta

490 1646 643 1724 deveris
669 1643 813 1722 solvere
834 1643 1015 1730 deficient
1032 1643 1092 1721 vel
1116 1643 1325 1722 cessabunt.
1347 1642 1446 1720 Dicti
1470 1657 1598 1720 tamon
1620 1644 1742 1750 major
1761 1659 1800 1720 et
1814 1644 1928 1750 jurati

495 1779 537 1854 in
548 1778 652 1866 dicto
664 1775 836 1855 districtu
850 1775 1091 1868 violenciam,
1103 1777 1135 1854 si
1150 1803 1264 1881 super
1278 1775 1352 1852 hoc
1365 1774 1474 1852 dictis
1489 1773 1674 1881 religiosis
1688 1774 1813 1864 fieret,
1828 1805 1929 1858 amo-

496 1908 656 1999 vebunt,
675 1923 714 1986 ot
733 1907 879 1987 ibidem
898 1906 1047 2015 gagiare
1064 1922 1263 2013 potarunt,
1282 1923 1436 2012 proptor
1446 1907 1542 1998 hoc,
1559 1907 1589 1982 si
1607 1937 1631 1986 a
1652 1905 1762 1986 dictis
1778 1908 1927 2016 religio-

493 2040 547 2121 sis
565 2038 726 2121 suerunt
740 2067 856 2145 super
874 2039 949 2116 hoc
970 2039 1156 2144 requisiti,

553 2172 657 2250 lovis
673 2188 761 2280 post
779 2171 1010 2251 Brandones.

530 2440 676 2516 XXIX.
708 2441 806 2520 Cum
833 2439 932 2522 inter
954 2438 1166 2520 lohannam
1188 2442 1236 2522 de
1264 2441 1611 2532 Sancto-Martino.‚
1639 2472 1683 2522 ex
1709 2463 1924 2550 unaparte,

494 2587 537 2658 et
556 2572 711 2650 Petrum
733 2571 978 2662 lnsvdarium,
997 2574 1078 2682 ejus
1098 2574 1295 2664 maritum,
1313 2603 1357 2654 ax
1374 2573 1506 2664 altera,
1526 2591 1595 2681 per
1613 2575 1755 2655 curiam
1773 2576 1925 2654 ecclesie

496 2700 650 2780 divoreii
666 2704 857 2782 sentencia
869 2703 942 2783 lata
954 2704 1102 2797 luisset,
1119 2706 1289 2813 predicta
1302 2707 1473 2785 lohanna
1490 2734 1616 2786 coram
1629 2708 1827 2788 Parisiensi
1842 2737 1925 2815 pre·
2054 2774 2056 2778 .

495 2833 620 2940 posito
636 2834 811 2942 Alaydim
826 2839 1100 2950 Norpnannam,
1120 2838 1210 2917 dicti
1230 2840 1329 2916 Petri
1346 2857 1518 2930 matrem,
1536 2857 1573 2920 et
1589 2840 1754 2919 eundem
1770 2841 1923 2920 Petrum

496 2964 606 3082 traxit
623 2965 663 3054 in
678 2963 844 3055 causam,
865 2983 997 3073 petens
1017 2969 1117 3046 dicta
1135 2971 1307 3050 lohanna
1328 2971 1399 3050 sibi
1421 2972 1548 3062 reddi,
1565 2974 1612 3051 ab
1633 2972 1786 3052 adversa
1802 2991 1920 3080 parte,
2020 2981 2023 2989 “

497 3097 678 3177 ducentas
703 3097 833 3192 libras,
855 3099 981 3184 cidem
1003 3102 1115 3180 Petro
1135 3103 1337 3209 promissas
1363 3104 1401 3184 in
1429 3105 1626 3212 maritagio
1648 3133 1734 3184 cum
1755 3106 1924 3185 Jolranm

495 3228 898 3331 predictacontracto,
924 3261 1074 3310 necnon
1099 3235 1148 3311 ad
1174 3235 1465 3314 deliberandum
1487 3253 1525 3313 et
1552 3237 1823 3316 dimittendum
1854 3239 1922 3344 ipsi

490 3358 683 3451 iohanne,
697 3389 768 3466 pro
788 3389 857 3448 suo
878 3361 1075 3456 dotalicio,
1092 3395 1153 3444 res
1168 3367 1415 3448 hereditarias
1431 3369 1518 3448 sitas
1532 3369 1633 3476 apud
1645 3369 1921 3450 Romaiu-Villa

494 3492 775 3610 et·l}0igueaus,
797 3523 894 3600 que,
915 3513 1089 3602 tempore
1104 3497 1195 3574 dicti
1214 3500 1445 3580 matrimonii
1465 3501 1665 3590 contracti,
1689 3501 1827 3580 donate
1846 3503 1922 3580 lire-

492 3640 580 3712 tant
594 3624 721 3709 eidem
742 3627 872 3715 Petro,
892 3627 1101 3706 donacione
1122 3631 1356 3710 irrevocabili
1380 3631 1451 3708 sibi
1471 3630 1566 3714 sacta
1586 3631 1820 3726 interrivos,
1844 3663 1922 3712 om-

494 3753 634 3858 niaque
652 3755 751 3842 bona
771 3756 860 3834 dicti
880 3759 979 3848 Petri
1003 3761 1075 3840 sibi
1099 3763 1324 3870 adjudicari,
1341 3765 1492 3842 racione
1513 3765 1605 3844 dicti
1621 3764 1795 3857 divorcii,
1814 3768 1921 3875 culpa

495 3885 586 3960 dicti
610 3887 709 3967 Petri
735 3889 833 3966 inter
858 3920 923 3970 eos
947 3892 1147 3983 celebrati;
1174 3895 1240 4002 qui
1264 3897 1478 4002 prepositus
1502 3899 1630 3976 omnia
1648 3899 1833 4005 predicta,
1856 3929 1921 4006 per

493 4015 632 4093 dictam
649 4019 860 4099 lohannam
880 4025 1014 4130 petita,
1035 4027 1315 4111 sentencialiter
1330 4029 1512 4135 judicavit
1531 4030 1605 4108 sibi
1624 4008 1920 4137 elseprestanda

494 4165 533 4240 et
551 4146 736 4242 facienda,
757 4169 902 4259 partem
922 4155 1115 4234 adversam
1140 4158 1440 4266 in'predictis,>a
1464 4160 1561 4239 dicta
1583 4161 1754 4240 Johanna
1773 4163 1917 4268 petitis,

493 4308 560 4384 per
580 4311 694 4360 snum
715 4285 905 4392 judicium
926 4288 1265 4396 condempnand03
1283 4321 1304 4368 a
1323 4322 1401 4399 qno
1414 4293 1604 4400 judicato,
1627 4312 1806 4401 tanquam
1828 4295 1919 4372 [also

493 4427 531 4488 ct
548 4441 678 4517 pravo,
699 4416 749 4503 ad
768 4435 934 4496 nostram
959 4421 1081 4498 extitit
1107 4424 1507 4532 curiamappcllatnm
1529 4456 1537 4499 :
1558 4425 1709 4504 Auditis
1728 4425 1855 4534 igitur,
1883 4429 1919 4502 in

493 4567 601 4621 musa
623 4544 722 4622 dicte
742 4548 1024 4654 appellacionis,
1054 4555 1224 4661 parcium
1254 4555 1489 4650 racionibus,
1517 4575 1556 4634 et
1580 4558 1667 4634 visis
1685 4585 1864 4664 processu
1883 4573 1920 4636 et

486 4672 657 4778 judicato
675 4680 871 4783 predictiS,
899 4684 987 4789 quia
1013 4685 1209 4764 inventum
1229 4688 1303 4776 fata
1321 4687 1705 4800 dictumjudleatum.
1720 4690 1761 4766 in
1786 4691 1918 4799 majori

490 4804 549 4884 sui
565 4824 670 4911 parte
689 4810 823 4898 salsum
843 4842 923 4894 esse
944 4832 981 4894 et
999 4846 1173 4923 pravum,
1195 4849 1264 4926 per
1285 4822 1388 4900 anie
1403 4837 1530 4902 nostre
1549 4821 1752 4929 judicium,
1775 4823 1916 4900 dictum

490 4935 563 5014 fuit
582 4955 621 5013 et
639 4945 946 5046 pronunciatum,
967 4950 1170 5053 reprobato
1192 4951 1364 5059 judicato
1389 4955 1577 5060 predicto,
1607 4954 1713 5061 quod
1739 4953 1839 5032 dicta
1857 4956 1916 5032 Jo-

491 5068 613 5151 hauna
639 5072 797 5155 habebit
821 5093 860 5160 et
883 5078 955 5159 sibi
978 5080 1160 5159 retinebit
1176 5083 1277 5164 bona
1300 5084 1511 5162 immobilia
1535 5102 1579 5164 et
1597 5083 1860 5191 parslernalr'a,
1886 5085 1915 5162 si
