4450 6209
503 693 578 768 538
1084 693 1176 766 tas
1206 691 1349 767 OLIM.

276 847 408 900 Parnm
418 844 462 907 1v‚
501 837 704 945 quamdam
729 835 890 914 domum
909 831 1020 912 sitam
1043 834 1222 929 Parisius,
1246 835 1287 912 in
1311 835 1393 914 vico
1417 833 1482 943 qui
1501 833 1706 942 vulgariter
1724 834 1937 942 appellatur

339 939 401 982 Μ’
501 969 603 1046 vicus
622 967 797 1048 Balduini
816 965 1048 1076 Pron-Gage,
1075 998 1163 1048 cum
1180 969 1344 1076 quadam
1369 967 1463 1048 aleia
1484 969 1638 1076 propria
1656 968 1757 1050 dicte
1779 971 1934 1066 domus,

503 1101 547 1178 ad
571 1131 610 1180 se
631 1101 725 1178 etin
749 1099 914 1179 solidum
933 1101 1143 1207 pertinere;
1162 1101 1262 1179 dicta
1274 1130 1363 1180 vero
1378 1099 1464 1180 Gila
1477 1100 1629 1180 dicebat
1643 1101 1782 1180 dictam
1800 1101 1935 1182 aleiam

503 1234 572 1312 sibi
595 1250 635 1312 et
655 1234 753 1314 dicte
772 1232 944 1312 Johanne
965 1259 1046 1312 esse
1067 1261 1326 1324 communem,
1344 1251 1383 1312 et
1401 1261 1442 1314 se
1462 1261 1543 1312 esse
1558 1251 1597 1314 et
1611 1232 1742 1325 luisse,
1761 1261 1831 1342 per
1846 1253 1937 1314 ten>

501 1395 572 1473 pus
599 1365 808 1455 sufficiens,
833 1365 873 1442 in
904 1364 1036 1444 saisina
1062 1365 1122 1444 vel
1153 1367 1261 1474 qussi
1290 1364 1409 1444 eundi
1437 1383 1476 1444 et
1498 1365 1675 1444 veniendi
1699 1394 1769 1475 per
1797 1365 1936 1446 dictatu

500 1498 634 1576 aleiam
656 1497 701 1576 ad
723 1498 848 1576 vicum
872 1498 1104 1606 predictum,
1127 1527 1276 1607 prose,
1298 1496 1441 1576 familia
1459 1527 1528 1577 sua
1550 1516 1590 1578 et
1613 1499 1936 1583 omnibusvolen·

500 1629 603 1710 tibus
622 1631 678 1708 ire
699 1645 737 1708 et
754 1629 883 1707 venire
899 1632 948 1708 ad
960 1630 1120 1708 domum
1138 1630 1237 1710 dicte
1252 1630 1354 1720 Gile,
1371 1655 1487 1737 quam
1501 1628 1618 1708 habet
1634 1629 1852 1738 contiguam
1868 1630 1935 1710 do-

501 1761 580 1840 mui
606 1761 704 1839 dicte
725 1761 915 1852 lobanne,
940 1780 979 1840 et
998 1763 1105 1870 quod
1128 1762 1224 1871 ipsa,
1246 1791 1316 1870 pro
1334 1761 1434 1840 dicta
1453 1760 1563 1854 aleia,
1585 1761 1787 1854 reddebat,
1807 1779 1847 1840 et
1864 1764 1936 1843 sol·
1993 1743 2000 1756 .

502 1893 610 1972 vebat
619 1894 777 1974 nomine
788 1895 903 1973 annui
915 1912 954 1972 et
963 1895 1137 2002 perpetui
1151 1924 1304 1984 census,
1317 1893 1416 1973 dicte
1427 1895 1761 2004 lobanne,viginti
1774 1894 1933 1984 solidos,

453 2107 456 2114 ,
501 2043 665 2140 quatuor
678 2025 851 2106 terminis
868 2028 1079 2119 consuetis3
1097 2028 1195 2106 dieta
1209 2027 1381 2107 Johanna
1396 2027 1437 2104 in
1450 2028 1680 2107 eontrarium
1693 2044 1884 2106 asserente
1899 2047 1936 2108 et

503 2157 651 2236 dicente
672 2157 793 2265 quod,
813 2157 845 2236 si
868 2156 966 2236 dicta
988 2157 1088 2248 Gila,
1110 2159 1192 2267 ejus
1211 2157 1367 2250 familia,
1389 2158 1447 2237 vel
1464 2157 1535 2237 alie
1551 2176 1697 2269 gentes,
1714 2187 1783 2266 per
1798 2158 1936 2238 dicum

500 2288 634 2368 aleiam
651 2288 810 2378 iverant,
826 2291 900 2369 boc
914 2289 1036 2368 fuerat
1050 2319 1119 2398 per
1138 2291 1346 2399 locagium,
1363 2309 1402 2370 et
1415 2291 1521 2399 quod
1537 2290 1687 2369 nullum
1698 2291 1764 2401 jus
1779 2291 1822 2368 in
1839 2291 1935 2369 dicta

500 2419 594 2498 aleia
614 2421 739 2500 eidem
766 2421 1020 2530 competebat,
1043 2423 1166 2502 dictus
1185 2423 1345 2502 ballivus
1363 2423 1627 2531 pronunciavit
1644 2423 1782 2502 dietam
1803 2422 1935 2502 aleiam

501 2552 549 2629 ad
569 2551 705 2630 dictam
724 2553 934 2632 Johannam
956 2553 1166 2633 insolidum
1185 2555 1434 2663 pertinere;a
1457 2583 1535 2664 quo
1551 2555 1739 2664 judicato,
1757 2573 1934 2663 tanquam

499 2680 592 2763 falso
613 2701 651 2764 et
670 2713 801 2792 pravo,
824 2685 923 2764 dicta
937 2685 1022 2766 Gila
1038 2687 1085 2764 ad
1100 2703 1268 2766 nostram
1284 2687 1427 2766 curiam
1443 2685 1662 2796 appellavit:
1679 2686 1848 2778 Auditis,
1865 2704 1933 2765 etc.

500 2832 539 2892 et
553 2816 630 2896 viso
645 2845 825 2923 processu
835 2817 1022 2924 predicto,
1033 2847 1107 2926 ‚per
1124 2819 1227 2897 curie
1243 2837 1371 2898 nostre
1382 2817 1590 2928 judicium,
1605 2819 1750 2924 dietum
1766 2817 1840 2897 luit
1852 2847 1936 2927 pre·

502 2947 647 3025 dictum
665 2947 847 3026 ballivum
867 2948 966 3028 bene
981 2949 1172 3058 judicasse
1188 2968 1227 3030 et
1241 2951 1379 3029 dictam
1395 2951 1520 3031 Gilam
1535 2949 1636 3048 male
1652 2950 1877 3060 appellasse,
1898 2967 1935 3029 et

447 3113 450 3122 ·
502 3076 609 3186 quod
629 3078 708 3186 ipsa
727 3080 803 3158 boc
823 3080 1051 3158 emendabit.

556 3210 755 3290 Dominica
780 3230 863 3291 ante
889 3210 1233 3294 Annunciacionem
1254 3214 1491 3295 dominicam.

557 3342 660 3452 Roya
684 3344 895 3453 reportavit.

555 3610 731 3690 XXXVII.
763 3611 937 3720 lnquesta
949 3612 1130 3720 quadarn,
1147 3612 1355 3691 secundum
1371 3629 1554 3690 arrestum
1568 3614 1672 3692 curie
1686 3631 1831 3703 nostre,
1842 3611 1934 3690 lacta

501 3760 628 3820 contra
647 3759 766 3820 certas
783 3771 978 3848 personas,
996 3743 1093 3820 cives
1114 3761 1152 3821 et
1172 3742 1400 3823 habitatores
1413 3743 1498 3822 ville
1517 3743 1806 3836 Aurelianensis,
1823 3773 1934 3852 super

500 3872 671 3977 pluribus
686 3873 833 3982 injuriis
851 3892 890 3952 et
908 3873 1101 3952 violenciis
1119 3902 1188 3981 per
1207 3903 1273 3954 eos
1293 3875 1419 3968 illatis,
1435 3894 1478 3954 ut
1495 3876 1699 3967 dicebatur,
1718 3875 1934 3956 doctoribus

501 4021 539 4081 et
557 4004 759 4084 scolaribus
782 4006 820 4083 in
840 4007 938 4086 dicta
957 4005 1041 4084 villa
1062 4007 1317 4099 studentibus,
1338 4027 1377 4087 et
1395 4009 1444 4086 ad
1459 4028 1625 4088 nostram
1644 4009 1786 4098 curiam
1806 4036 1934 4116 repon

499 4153 592 4226 tata,
614 4136 690 4215 visa
707 4156 744 4217 et
766 4138 966 4246 diligenter
984 4139 1210 4230 examinata,
1227 4141 1316 4248 quia
1335 4159 1529 4248 repertum
1544 4160 1600 4221 est
1622 4143 1662 4220 in
1682 4171 1725 4220 ea
1743 4139 1872 4248 plures
1887 4139 1931 4218 de

500 4267 608 4346 dictis
639 4270 783 4350 civibus
806 4269 941 4350 multas
966 4258 1148 4380 injurias,
1167 4273 1282 4350 verbo
1311 4291 1350 4352 et
1373 4271 1488 4365 lacto,
1519 4273 1629 4352 dictis
1651 4272 1872 4353 doctoribus
1897 4290 1934 4349 et

465 4387 468 4392 ¹
500 4400 703 4479 scolaribus
723 4401 911 4496 intulisse,
925 4404 1099 4483 videlicet
1117 4405 1261 4512 aliquos
1277 4435 1322 4483 ex
1341 4405 1430 4511 ipsis
1447 4404 1589 4483 civibus
1601 4407 1811 4513 impetuose
1826 4433 1867 4484 se
1881 4406 1933 4483 in-

499 4533 654 4638 gessisse
670 4533 899 4613 interdictos
914 4535 1073 4614 scolares
1088 4555 1331 4645 congregatos
1346 4555 1384 4614 et
1397 4537 1571 4616 sedentes
1584 4538 1625 4615 in
1638 4538 1752 4617 domo
1761 4539 1933 4616 Fratmm

499 4663 802 4758 Predicatorum,
819 4697 888 4774 pro
905 4669 1091 4748 audienda
1106 4669 1363 4777 publicacione
1377 4671 1627 4776 quarumdam
1647 4671 1932 4750 ordinacionum

499 4795 687 4900 papalium
705 4827 818 4905 super
838 4802 1005 4908 regimen
1027 4803 1141 4881 studii
1160 4801 1454 4894 Aurelianensis,
1477 4803 1688 4910 dictamque
1708 4803 1933 4910 publicacio-

499 4953 605 5014 nem,
624 4957 667 5004 ex
687 4932 880 5036 proposito
898 4951 936 5012 et
955 4934 1080 5012 habita
1101 4934 1391 5026 deliberacione,
1412 4936 1666 5043 impedivisse,
1678 4963 1931 5043 magnumque

499 5056 641 5138 ibidem
659 5060 863 5141 tumultum
877 5062 1069 5156 faciendo,
1091 5095 1132 5143 ac
1151 5066 1296 5174 aliquos
1314 5095 1446 5146 eorum
1466 5067 1514 5144 ad
1530 5083 1691 5147 mortem
1712 5067 1931 5146 clericorum
