4450 6209
496 676 569 747 128
1077 667 1168 740 LES
1200 664 1339 756 OLJM.

264 829 454 890 Ptumrslv.
488 815 704 920 dictamque
727 811 887 890 domum
906 809 956 888 ad
975 810 1076 916 ipsos
1094 809 1181 918 jure
1204 805 1443 916 proprietatis
1469 823 1507 886 et
1525 805 1684 884 dominii
1711 807 1912 914 pertinere,

329 923 393 965 Μ’
491 961 531 1022 et
555 973 626 1052 per
652 943 757 1020 idem
776 941 968 1050 judicium
994 939 1084 1016 dicti
1110 937 1273 1020 Michael
1297 955 1336 1017 et
1359 936 1441 1044 ejus
1466 965 1571 1024 uxor,
1604 964 1717 1043 super
1740 939 1915 1044 predictis

490 1093 620 1155 contra
646 1075 748 1182 ipsos
777 1073 922 1181 petitis,
951 1101 1031 1152 non
1062 1069 1299 1149 obstantibus
1326 1069 1530 1178 propositis
1558 1097 1579 1146 a
1609 1087 1715 1175 parte
1748 1070 1913 1162 adversa,

488 1207 645 1285 fuerunt
664 1202 943 1284 sentencialiter
961 1201 1137 1280 absoluti.

546 1337 647 1416 tovis
666 1353 754 1416 ante
773 1334 1041 1428 Candelosam‚
1062 1362 1164 1413 anno
1184 1333 1450 1413 trecentesimo
1469 1333 1600 1414 tercio.

541 1603 636 1680 XIX.
667 1601 792 1707 Super
809 1599 945 1677 saisina
963 1597 1132 1676 donandi
1154 1595 1397 1706 capellaniam
1421 1596 1678 1676 Sancti-Petri
1703 1596 1744 1674 in
1765 1597 1916 1678 ecclesia

487 1730 890 1812 Sancti-Bartholomei
916 1729 965 1807 de
990 1729 1198 1819 Bedunia,
1226 1757 1294 1808 scu
1321 1728 1563 1836 presentandi
1590 1729 1639 1806 ad
1661 1729 1841 1821 eandem,
1871 1732 1916 1808 de

487 1893 563 1971 qua
592 1880 650 1941 est
678 1861 929 1941 controversia
958 1859 1057 1937 inter
1084 1859 1291 1966 capitulum
1324 1859 1442 1965 ipsius
1467 1859 1622 1938 ecclesie
1651 1879 1690 1938 et
1717 1860 1916 1939 dominum

487 2012 661 2072 nostrum
680 1997 845 2101 Regem:
866 1992 963 2074 Visis
983 1991 1290 2098 deposicionibus
1314 1991 1468 2069 testium
1497 1991 1696 2072 hincinde
1717 1993 1917 2099 producto-

488 2157 591 2218 rum,
605 2143 644 2203 et
658 2124 889 2232 quibusdam
903 2123 1038 2202 litteris
1055 2122 1220 2230 episcopi
1233 2121 1519 2214 Attrahatensis,
1532 2152 1600 2231 per
1614 2125 1755 2202 curiam
1775 2126 1916 2204 dictum

489 2257 562 2336 lisit
585 2257 692 2363 quod
716 2283 794 2336 non
816 2254 1037 2333 consuletur
1055 2254 1211 2334 domino
1232 2254 1324 2361 Regi
1337 2253 1443 2363 quod
1462 2254 1540 2362 ipse
1562 2254 1728 2334 dimittat
1746 2256 1915 2334 saisinam

489 2389 529 2464 in
544 2417 620 2495 qua
633 2403 829 2493 repertum
845 2404 917 2480 est,
935 2415 1003 2492 per
1016 2385 1201 2493 predicta,
1216 2386 1341 2493 ipsum
1357 2413 1437 2464 esse
1457 2387 1624 2464 donandi
1641 2386 1780 2466 dictam
1797 2386 1915 2496 capel-

489 2521 650 2610 laniam,
673 2520 748 2597 sive
772 2518 1017 2626 presentandi
1035 2516 1085 2596 ad
1103 2519 1281 2608 eandem,
1304 2517 1405 2596 salvo
1420 2517 1508 2626 jure
1528 2547 1642 2626 super
1661 2519 1735 2598 hoe
1758 2519 1799 2596 in
1822 2518 1916 2626 peti-

489 2651 588 2730 torio
609 2651 711 2729 dicto
732 2649 912 2758 capitulo,
934 2650 966 2726 si
985 2648 1122 2726 viderit
1140 2649 1328 2756 expedire.

548 2782 679 2860 Martis
698 2799 783 2859 ante
802 2780 1084 2871 Assensiouem,
1105 2807 1204 2859 anno
1223 2780 1488 2860 trecentesimo
1503 2799 1648 2889 quarto.

548 3045 628 3122 XX.
658 3045 836 3152 lnquesta
862 3071 932 3150 pro
958 3041 1089 3151 regina
1105 3042 1263 3120 Navarra
1287 3040 1397 3132 facta,
1420 3071 1534 3150 super
1552 3061 1715 3124 ressorto
1741 3047 1851 3126 castri
1871 3046 1916 3124 de

494 3175 724 3268 Soullaines,
745 3203 823 3253 non
841 3173 915 3253 luit
924 3173 1108 3283 judicata,
1129 3174 1218 3282 quia
1237 3173 1451 3252 commissio
1471 3202 1549 3254 oon
1567 3175 1794 3254 extendebat
1811 3205 1853 3258 se
1871 3177 1917 3256 ad

493 3308 587 3397 hoc,
608 3333 678 3384 nec
695 3305 884 3392 invenitur
901 3304 1008 3414 quod
1025 3306 1102 3384 Rex
1120 3304 1234 3383 luerit
1248 3321 1410 3388 vocatus,

548 3570 642 3646 XXI.
674 3569 773 3648 Cum
790 3587 896 3649 mota
910 3571 1099 3650 discordia
1113 3599 1238 3650 coram
1254 3569 1445 3678 preposito
1462 3587 1592 3649 nostro
1610 3571 1807 3650 Parisiensi
1823 3573 1918 3650 inter

492 3700 725 3777 Bertaudum
748 3700 785 3776 le
804 3699 984 3780 Flauteur
1003 3719 1042 3780 et
1054 3702 1307 3811 Margaritam‚
1326 3701 1407 3810 ejus
1422 3730 1576 3780 uxorem
1592 3731 1709 3792 nunc,
1725 3703 1916 3810 quondam

493 3857 581 3906 vero
606 3858 763 3908 uxorem
786 3830 957 3910 defuncti
975 3833 1157 3912 Bertaudi
1179 3831 1345 3922 Anode,
1362 3832 1549 3941 junioris,
1575 3861 1618 3910 es
1639 3861 1715 3910 una
1734 3851 1858 3940 parte,
1883 3852 1919 3912 et

372 3970 378 3980 '
494 3957 722 4037 Gaulridum
736 3963 992 4041 Teuche-Feu
1007 3993 1049 4040 ac
1064 3961 1260 4041 Nicolaum
1277 3962 1465 4053 Boucelfi,
1485 3981 1727 4048 executorem
1745 3964 1917 4046 delrmcte

492 4087 648 4198 Agnetis
667 4088 830 4182 duodo,
850 4094 932 4201 ejus
951 4093 1145 4201 quondam
1162 4094 1303 4186 uxoris,
1321 4111 1359 4171 et
1378 4111 1546 4171 tutorem
1568 4123 1635 4172 seu
1654 4111 1867 4174 curatorem
1881 4114 1919 4174 et

492 4220 723 4327 legittimum
743 4223 1085 4302 administratorem
1103 4225 1300 4315 iohannis,
1316 4221 1386 4302 filii
1402 4226 1477 4317 sui,
1495 4225 1653 4304 minoris
1667 4228 1793 4317 annis,
1811 4244 1850 4304 et
1863 4255 1918 4336 ga·

493 4353 734 4430 rantissorem
758 4352 848 4430 dicti
874 4354 1062 4448 Gaufridi‚
1089 4357 1174 4463 qui,
1199 4356 1239 4432 in
1263 4357 1551 4465 garantissorem
1573 4357 1751 4444 advoatus
1774 4388 1795 4436 a
1819 4358 1917 4437 dicto

492 4479 677 4570 Gaulrido
701 4510 828 4560 coram
854 4484 1052 4562 Parisiensi
1076 4485 1287 4592 preposito,
1310 4487 1392 4593 ejus
1414 4487 1632 4594 garendiam
1659 4487 1799 4568 dicitur
1818 4517 1917 4567 rece-

493 4612 607 4716 pisse,
622 4641 691 4690 suo
707 4631 747 4690 et
759 4615 1018 4720 predictorum
1033 4617 1205 4706 nomine,
1222 4644 1266 4692 ex
1280 4615 1412 4706 altera,
1429 4645 1598 4724 supereo
1611 4619 1716 4726 quod
1730 4619 1822 4697 dicti
1837 4648 1916 4699 oon·

487 4741 620 4847 juges,
641 4744 790 4830 racione
816 4745 915 4823 dicte
936 4745 1157 4856 Margarite‚
1183 4774 1253 4854 pro
1277 4776 1346 4826 suo
1367 4748 1565 4842 dotalicio,
1585 4749 1784 4856 petebant,
1807 4779 1916 4859 supra

493 4869 654 4959 domum
673 4873 763 4956 dicti
783 4874 976 4966 Gaufridi,
999 4877 1047 4954 de
1063 4905 1140 4983 qna
1160 4878 1327 4960 ostensio
1345 4877 1417 4962 luit
1435 4877 1549 4970 facta,
1572 4880 1816 4960 medietatem
1836 4909 1915 4990 sep-

492 5019 571 5079 tem
592 5001 774 5094 librarum
794 5036 880 5087 cum
903 5007 1034 5093 decem
1056 5006 1189 5085 solidis
1210 5008 1481 5094 Parisiensibus
1504 5039 1724 5092 censusseu
1744 5013 1914 5092 redditus
