4450 6209
435 763 442 772 ·
491 728 564 800 228
1046 723 1139 795 LES
1169 719 1309 796 OLIM.

262 879 393 934 Panum
406 877 451 940 tv,
489 865 849 974 auditores,qnibus
863 863 1035 941 tradetur
1046 863 1087 941 id
1099 861 1206 970 qnod
1217 889 1286 969 par
1296 861 1417 938 dictos
1429 857 1703 938 commissarios
1716 860 1911 965 superbos

324 971 387 1013 Μ’
490 999 609 1076 extitit
629 996 860 1074 inchoatum.

544 1131 585 1206 ln
605 1126 700 1205 festo
720 1125 822 1204 beati
841 1123 1003 1202 Andros.

544 1261 594 1340 M.
614 1261 646 1337 J.
667 1257 882 1338 Anthonius
900 1255 1115 1362 reportavit.

542 1521 618 1598 Vll.
649 1520 765 1607 Cum,
787 1517 995 1626 aquodam
1015 1517 1204 1625 judicato,
1230 1519 1460 1625 porcariam
1483 1515 1688 1602 secularem
1708 1515 1855 1596 abbatis
1875 1537 1912 1598 et

487 1668 691 1729 conventus
709 1647 1046 1730 SancteGenovefs
1065 1649 1282 1728 Parisiensis
1301 1676 1371 1757 pro
1390 1647 1528 1728 lacobo
1547 1648 1732 1738 Boucelli,
1754 1651 1832 1727 cive
1852 1652 1911 1728 Pa·

488 1782 652 1869 risiensi,
678 1781 755 1859 lato
779 1797 908 1868 contra
932 1779 1152 1889 magistrum
1178 1779 1422 1859 lambertum
1451 1779 1498 1856 de
1523 1780 1739 1888 Voyssiaeo,
1767 1781 1909 1858 domini

489 1913 600 2020 Regis
621 1912 819 2002 clericum,
840 1940 908 2018 per
930 1909 1036 2019 quod
1053 1911 1265 2020 judicatum
1288 1909 1578 2018 pronunciatum
1601 1909 1673 1988 fuit
1691 1912 1814 2018 quod,
1835 1941 1909 1990 non

492 2045 729 2124 obstantibus
747 2042 963 2121 nacionibus
989 2071 1033 2119 ex
1058 2059 1163 2150 parte
1190 2041 1279 2119 dicti
1298 2041 1465 2148 magistri
1485 2039 1674 2119 Lamberti
1693 2041 1907 2150 propositis,

490 2176 612 2253 dictus
629 2173 808 2264 lacobus,
826 2190 955 2252 contra
969 2172 1206 2250 defensiones
1221 2189 1381 2280 exparte
1402 2172 1490 2249 dicti
1504 2169 1669 2280 magistri
1683 2173 1908 2279 propositas,

489 2321 637 2413 poterat
653 2304 849 2410 replicare,
867 2332 936 2411 per
952 2302 1097 2381 dictum
1110 2303 1329 2411 magistrum
1346 2303 1589 2380 lambertum
1607 2305 1656 2380 ad
1671 2303 1814 2380 curiam
1828 2331 1911 2384 nos·

488 2455 583 2514 tram
603 2434 832 2542 appellatum
856 2434 1010 2513 fuisset:
1031 2433 1181 2512 Auditis
1204 2454 1318 2540 super
1337 2435 1410 2512 hoc
1434 2433 1602 2544 partibus
1621 2435 1661 2510 in
1681 2463 1791 2512 causa
1815 2434 1910 2512 dicte

489 2567 771 2675 appellacionis‚
789 2585 829 2645 et
839 2567 918 2644 viso
936 2593 1114 2673 processu
1133 2581 1171 2643 et
1185 2564 1357 2673 judicato
1371 2565 1567 2672 predictis,
1583 2593 1652 2673 per
1666 2566 1772 2643 curie
1787 2581 1910 2644 nostre

485 2699 692 2808 judicium,
710 2698 853 2776 dictum
868 2698 942 2777 luit
953 2715 991 2775 et
1003 2697 1293 2804 pronunciatum
1309 2697 1407 2774 bene
1420 2696 1534 2774 luisse
1544 2695 1757 2803 judicatum
1769 2722 1839 2802 per
1851 2726 1911 2774 cu·

490 2829 584 2908 riam
610 2829 798 2905 dictorum
822 2825 1108 2937 religiosorum,
1131 2843 1169 2904 et
1188 2827 1402 2935 predictum
1425 2827 1645 2934 magistrum
1669 2827 1910 2905 Lambertum

490 2959 588 3036 male
604 2957 825 3064 appellasse,
844 2973 884 3034 et
901 2955 1084 3034 redibunt
1094 2973 1218 3062 pa1tes
1234 2957 1279 3034 ad
1294 2957 1480 3036 dictorum
1494 2957 1756 3067 religiosorum
1771 2957 1910 3037 curiam

491 3089 679 3166 incorum
698 3086 893 3194 principali
913 3115 1023 3165 causa
1042 3086 1201 3167 ulterius
1219 3115 1449 3196 processura.

488 3292 492 3299 .
545 3218 721 3297 Mercurii
741 3217 785 3294 in'
805 3216 899 3296 festo
917 3218 1028 3297 beate
1046 3218 1161 3296 Lucis
1182 3217 1345 3328 virginis.

546 3351 670 3428 Monoi
683 3349 896 3457 reportavit.

545 3598 636 3676 Vlll.
669 3596 768 3675 Cum
788 3613 869 3700 orta
888 3614 985 3674 esset
997 3595 1186 3676 discordia
1205 3625 1330 3675 coram
1345 3597 1521 3706 gentibus
1539 3597 1676 3676 nostris
1696 3599 1910 3678 tenentibus

489 3727 571 3805 dies
590 3729 817 3814 Trecenses,
841 3726 942 3802 inter
965 3726 1140 3805 abbatem
1165 3745 1203 3804 et
1226 3746 1452 3806 conventum
1478 3729 1694 3818 monasterii
1719 3729 1768 3806 de
1791 3731 1908 3821 Base,

487 3857 637 3935 racione
662 3858 766 3934 curie
789 3855 967 3933 secularis
987 3885 1137 3946 eorum,
1160 3886 1204 3936 cx
1224 3887 1299 3937 nna
1324 3876 1443 3966 parte,
1466 3877 1504 3937 et
1523 3859 1747 3940 Henriotum
1768 3861 1909 3938 dictum
2012 3926 2019 3941 .

489 3987 639 4077 Lodier,
662 4004 701 4064 et
719 3987 954 4075 lohannem,
975 3986 1058 4092 ejus
1083 3986 1228 4078 lilium,
1251 4017 1294 4065 ex
1321 3989 1457 4081 altera,
1480 4017 1659 4097 supereo
1684 3990 1789 4096 quod
1812 3991 1910 4068 Hen-

488 4119 608 4196 riotus
629 4134 667 4194 et
682 4117 873 4194 lohannes
887 4115 1063 4222 predicti,
1080 4137 1335 4226 proponentes
1355 4120 1461 4226 quod
1476 4121 1578 4198 curia
1596 4120 1773 4198 secularis
1794 4120 1910 4198 dicto·

488 4279 574 4328 rum
591 4246 855 4356 religiosorum
870 4246 1085 4340 Luciotam,
1107 4277 1264 4328 uxorem
1284 4251 1456 4329 Henrioti
1479 4251 1655 4358 predicti,
1678 4251 1827 4328 racione
1847 4280 1909 4329 cu-

485 4379 634 4488 jusdam
656 4378 849 4487 burgesie,
870 4395 1034 4485 ceperat,
1060 4398 1098 4456 et
1115 4381 1260 4459 tamdiu
1281 4381 1319 4458 in
1346 4410 1491 4458 carcere
1516 4397 1689 4460 tenuerat
1707 4382 1815 4488 quod
1833 4382 1910 4488 ipsa

488 4510 631 4588 ibidem
653 4508 834 4602 decessit,
861 4508 1040 4616 petebant
1062 4511 1135 4591 sibi
1157 4541 1269 4618 super
1288 4513 1360 4590 boc
1382 4512 1572 4620 justiciam
1593 4513 1780 4602 exhiberi,
1802 4513 1910 4595 dictis

487 4638 687 4745 religiosis,
703 4641 751 4716 ad
769 4641 938 4749 ipsorum
953 4657 991 4717 et
1008 4641 1112 4718 curie
1129 4671 1195 4720 sue
1215 4641 1390 4720 secularis
1405 4643 1662 4720 innocenciam
1683 4669 1796 4750 snper
1814 4642 1909 4721 lacto

486 4769 657 4875 predicto
685 4771 941 4876 purgandam,
970 4771 1010 4846 in
1034 4773 1261 4850 contrarium
1288 4773 1587 4879 proponentibus
1606 4775 1734 4881 quod,
1760 4775 1790 4851 si
1813 4774 1908 4852 dicta

487 4898 643 4976 Luciota
665 4918 704 4977 st
725 4901 944 4989 Henriotus,
967 4900 1048 5008 ejus
1073 4904 1248 4996 maritus,
1271 4931 1339 5011 per
1359 4920 1489 5012 gentes
1512 4931 1663 4995 eorum,
1688 4905 1738 4982 ob
1763 4933 1907 4982 causam

487 5030 678 5137 burgesie,
701 5030 798 5139 capti
818 5030 979 5121 lueraut,
1000 5031 1075 5112 hoc
1089 5035 1202 5142 juste·
1215 5052 1253 5113 et
1274 5033 1375 5112 licite
1394 5033 1513 5112 facere
1533 5051 1755 5140 potuerunt,
1777 5064 1908 5114 secun·
