<?xml version="1.0" encoding="UTF-8"?>
<!DOCTYPE html PUBLIC "-//W3C//DTD XHTML 1.0 Transitional//EN"
    "http://www.w3.org/TR/xhtml1/DTD/xhtml1-transitional.dtd">
<html xmlns="http://www.w3.org/1999/xhtml" xml:lang="en" lang="en">
 <head>
  <title>
</title>
<meta http-equiv="Content-Type" content="text/html;charset=utf-8" />
  <meta name='ocr-system' content='tesseract 3.04.00' />
  <meta name='ocr-capabilities' content='ocr_page ocr_carea ocr_par ocr_line ocrx_word'/>
</head>
<body>
  <div class='ocr_page' id='page_1' title='image "./lesolimouregist00parigoog_0513.png"; bbox 0 0 4450 6209; ppageno 0'>
   <div class='ocr_carea' id='block_1_1' title="bbox 503 685 1345 762">
    <p class='ocr_par' dir='ltr' id='par_1_1' title="bbox 503 685 1345 762">
     <span class='ocr_line' id='line_1_1' title="bbox 503 685 1345 762; baseline 0 -1"><span class='ocrx_word' id='word_1_1' title='bbox 503 685 576 761; x_wconf 79' lang='lat' dir='ltr'>tlt</span> <span class='ocrx_word' id='word_1_2' title='bbox 1070 688 1195 761; x_wconf 77' lang='lat' dir='ltr'>tus</span> <span class='ocrx_word' id='word_1_3' title='bbox 1205 688 1345 762; x_wconf 84' lang='lat' dir='ltr'>0t1tt.</span> 
     </span>
    </p>
   </div>
   <div class='ocr_carea' id='block_1_2' title="bbox 278 828 1973 5135">
    <p class='ocr_par' dir='ltr' id='par_1_2' title="bbox 278 828 1922 941">
     <span class='ocr_line' id='line_1_2' title="bbox 278 828 1922 941; baseline 0.006 -38"><span class='ocrx_word' id='word_1_4' title='bbox 278 851 356 903; x_wconf 77' lang='lat' dir='ltr'>rain</span> <span class='ocrx_word' id='word_1_5' title='bbox 359 842 465 905; x_wconf 58' lang='grc' dir='ltr'>ΜΝ</span> <span class='ocrx_word' id='word_1_6' title='bbox 502 828 708 920; x_wconf 84' lang='lat' dir='ltr'>Desiderii‚</span> <span class='ocrx_word' id='word_1_7' title='bbox 722 830 948 937; x_wconf 86' lang='lat' dir='ltr'>peticionem</span> <span class='ocrx_word' id='word_1_8' title='bbox 964 858 1031 909; x_wconf 84' lang='lat' dir='ltr'>seu</span> <span class='ocrx_word' id='word_1_9' title='bbox 1047 839 1277 938; x_wconf 59' lang='lat' dir='ltr'>ecquonam·</span> <span class='ocrx_word' id='word_1_10' title='bbox 1273 829 1418 909; x_wconf 76' lang='lat' dir='ltr'>lacerat</span> <span class='ocrx_word' id='word_1_11' title='bbox 1432 830 1789 937; x_wconf 79' lang='lat' dir='ltr'>suparaosidclicet</span> <span class='ocrx_word' id='word_1_12' title='bbox 1800 835 1922 941; x_wconf 68' lang='lat' dir='ltr'>prod</span> 
     </span>
    </p>

    <p class='ocr_par' dir='ltr' id='par_1_3' title="bbox 340 940 1973 5135">
     <span class='ocr_line' id='line_1_3' title="bbox 340 940 1923 1110; baseline 0.003 -71.033"><span class='ocrx_word' id='word_1_13' title='bbox 340 940 404 986; x_wconf 72' lang='lat'>&#39;³⁰⁰&#39;</span> <span class='ocrx_word' id='word_1_14' title='bbox 506 988 592 1039; x_wconf 90' lang='lat' dir='ltr'>cum</span> <span class='ocrx_word' id='word_1_15' title='bbox 604 960 821 1041; x_wconf 80' lang='lat' dir='ltr'>defunctus</span> <span class='ocrx_word' id='word_1_16' title='bbox 817 961 1009 1041; x_wconf 87' lang='lat' dir='ltr'>lohannes</span> <span class='ocrx_word' id='word_1_17' title='bbox 1030 962 1078 1041; x_wconf 85' lang='lat' dir='ltr'>do</span> <span class='ocrx_word' id='word_1_18' title='bbox 1098 962 1241 1051; x_wconf 84' lang='lat' dir='ltr'>Falevi</span> <span class='ocrx_word' id='word_1_19' title='bbox 1252 961 1365 1039; x_wconf 81' lang='lat' dir='ltr'>miles</span> <span class='ocrx_word' id='word_1_20' title='bbox 1371 978 1502 1068; x_wconf 80' lang='lat' dir='ltr'>‚pateo</span> <span class='ocrx_word' id='word_1_21' title='bbox 1511 962 1651 1110; x_wconf 87' lang='lat' dir='ltr'>ipsius</span> <span class='ocrx_word' id='word_1_22' title='bbox 1638 980 1835 1109; x_wconf 65' lang='lat' dir='ltr'>mnnpore</span> <span class='ocrx_word' id='word_1_23' title='bbox 1849 992 1923 1071; x_wconf 79' lang='lat' dir='ltr'>qno</span> 
     </span>
     <span class='ocr_line' id='line_1_4' title="bbox 504 1086 1926 1199; baseline 0.004 -31"><span class='ocrx_word' id='word_1_24' title='bbox 504 1093 584 1199; x_wconf 85' lang='lat' dir='ltr'>ipsc</span> <span class='ocrx_word' id='word_1_25' title='bbox 604 1091 766 1184; x_wconf 79' lang='lat' dir='ltr'>vivebat,</span> <span class='ocrx_word' id='word_1_26' title='bbox 779 1086 945 1171; x_wconf 85' lang='lat' dir='ltr'>luisset</span> <span class='ocrx_word' id='word_1_27' title='bbox 926 1108 966 1169; x_wconf 89' lang='lat' dir='ltr'>et</span> <span class='ocrx_word' id='word_1_28' title='bbox 984 1109 1082 1171; x_wconf 80' lang='lat' dir='ltr'>asset</span> <span class='ocrx_word' id='word_1_29' title='bbox 1099 1092 1390 1199; x_wconf 81' lang='lat' dir='ltr'>inpoceatoione</span> <span class='ocrx_word' id='word_1_30' title='bbox 1411 1109 1451 1171; x_wconf 88' lang='lat' dir='ltr'>et</span> <span class='ocrx_word' id='word_1_31' title='bbox 1466 1093 1604 1171; x_wconf 79' lang='lat' dir='ltr'>saisim</span> <span class='ocrx_word' id='word_1_32' title='bbox 1618 1093 1791 1171; x_wconf 63' lang='lat' dir='ltr'>omnum</span> <span class='ocrx_word' id='word_1_33' title='bbox 1808 1094 1926 1173; x_wconf 88' lang='lat' dir='ltr'>bono-</span> 
     </span>
     <span class='ocr_line' id='line_1_5' title="bbox 504 1222 1922 1331; baseline 0.001 -30"><span class='ocrx_word' id='word_1_34' title='bbox 504 1254 590 1307; x_wconf 84' lang='lat' dir='ltr'>rum</span> <span class='ocrx_word' id='word_1_35' title='bbox 610 1223 925 1302; x_wconf 85' lang='lat' dir='ltr'>hereditariorum</span> <span class='ocrx_word' id='word_1_36' title='bbox 941 1252 1016 1330; x_wconf 84' lang='lat' dir='ltr'>qne</span> <span class='ocrx_word' id='word_1_37' title='bbox 1036 1222 1186 1303; x_wconf 78' lang='lat' dir='ltr'>luerent</span> <span class='ocrx_word' id='word_1_38' title='bbox 1206 1223 1375 1303; x_wconf 73' lang='lat' dir='ltr'>defuncti</span> <span class='ocrx_word' id='word_1_39' title='bbox 1395 1224 1922 1331; x_wconf 68' lang='lat' dir='ltr'>comitisquonthml&#39;ontiri,</span> 
     </span>
     <span class='ocr_line' id='line_1_6' title="bbox 505 1346 1925 1463; baseline -0.001 -28"><span class='ocrx_word' id='word_1_40' title='bbox 505 1356 621 1463; x_wconf 86' lang='lat' dir='ltr'>patris</span> <span class='ocrx_word' id='word_1_41' title='bbox 636 1356 726 1435; x_wconf 86' lang='lat' dir='ltr'>dicti</span> <span class='ocrx_word' id='word_1_42' title='bbox 741 1356 890 1447; x_wconf 86' lang='lat' dir='ltr'>militis,</span> <span class='ocrx_word' id='word_1_43' title='bbox 907 1372 945 1433; x_wconf 88' lang='lat' dir='ltr'>ct</span> <span class='ocrx_word' id='word_1_44' title='bbox 960 1356 1008 1433; x_wconf 90' lang='lat' dir='ltr'>de</span> <span class='ocrx_word' id='word_1_45' title='bbox 1025 1356 1169 1463; x_wconf 86' lang='lat' dir='ltr'>quibus</span> <span class='ocrx_word' id='word_1_46' title='bbox 1182 1355 1306 1435; x_wconf 80' lang='lat' dir='ltr'>dicttu</span> <span class='ocrx_word' id='word_1_47' title='bbox 1322 1355 1451 1445; x_wconf 82' lang='lat' dir='ltr'>miles,</span> <span class='ocrx_word' id='word_1_48' title='bbox 1472 1346 1745 1444; x_wconf 52' lang='lat' dir='ltr'>dum&#39;riuebaa</span> <span class='ocrx_word' id='word_1_49' title='bbox 1762 1355 1874 1435; x_wconf 88' lang='lat' dir='ltr'>nobis</span> <span class='ocrx_word' id='word_1_50' title='bbox 1887 1374 1925 1433; x_wconf 86' lang='lat' dir='ltr'>et</span> 
     </span>
     <span class='ocr_line' id='line_1_7' title="bbox 505 1484 1921 1596; baseline 0.004 -35"><span class='ocrx_word' id='word_1_51' title='bbox 505 1485 587 1563; x_wconf 86' lang='lat' dir='ltr'>aliis</span> <span class='ocrx_word' id='word_1_52' title='bbox 607 1486 772 1565; x_wconf 86' lang='lat' dir='ltr'>dominis</span> <span class='ocrx_word' id='word_1_53' title='bbox 789 1484 1080 1591; x_wconf 68' lang='lat' dir='ltr'><strong>temporalibus,</strong></span> <span class='ocrx_word' id='word_1_54' title='bbox 1092 1484 1519 1591; x_wconf 76' lang='lat' dir='ltr'>aquibustanabaatur,</span> <span class='ocrx_word' id='word_1_55' title='bbox 1535 1484 1675 1565; x_wconf 80' lang='lat' dir='ltr'>lecerat</span> <span class='ocrx_word' id='word_1_56' title='bbox 1688 1487 1921 1596; x_wconf 76' lang='lat' dir='ltr'>homagium,</span> 
     </span>
     <span class='ocr_line' id='line_1_8' title="bbox 507 1615 1924 1725; baseline 0.004 -34"><span class='ocrx_word' id='word_1_57' title='bbox 507 1617 703 1724; x_wconf 84' lang='lat' dir='ltr'>dictusque</span> <span class='ocrx_word' id='word_1_58' title='bbox 726 1615 1039 1696; x_wconf 82' lang='lat' dir='ltr'>lohanneodioto</span> <span class='ocrx_word' id='word_1_59' title='bbox 1058 1615 1189 1706; x_wconf 84' lang='lat' dir='ltr'>militi,</span> <span class='ocrx_word' id='word_1_60' title='bbox 1210 1634 1390 1723; x_wconf 82' lang='lat' dir='ltr'>tanquam</span> <span class='ocrx_word' id='word_1_61' title='bbox 1410 1618 1493 1725; x_wconf 75' lang='lat' dir='ltr'>ejus</span> <span class='ocrx_word' id='word_1_62' title='bbox 1512 1616 1792 1724; x_wconf 68' lang='lat' dir='ltr'>primogenims</span> <span class='ocrx_word' id='word_1_63' title='bbox 1812 1632 1850 1694; x_wconf 84' lang='lat' dir='ltr'>et</span> <span class='ocrx_word' id='word_1_64' title='bbox 1869 1618 1924 1696; x_wconf 73' lang='lat' dir='ltr'>bs</span> 
     </span>
     <span class='ocr_line' id='line_1_9' title="bbox 506 1746 1923 1855; baseline -0.001 -29"><span class='ocrx_word' id='word_1_65' title='bbox 506 1776 581 1837; x_wconf 85' lang='lat' dir='ltr'>ros,</span> <span class='ocrx_word' id='word_1_66' title='bbox 594 1747 756 1826; x_wconf 87' lang='lat' dir='ltr'>inbonis</span> <span class='ocrx_word' id='word_1_67' title='bbox 766 1746 945 1855; x_wconf 77' lang='lat' dir='ltr'><strong>predictis</strong></span> <span class='ocrx_word' id='word_1_68' title='bbox 956 1764 1199 1835; x_wconf 81' lang='lat' dir='ltr'>successerat,</span> <span class='ocrx_word' id='word_1_69' title='bbox 1213 1765 1267 1835; x_wconf 86' lang='lat' dir='ltr'>et,</span> <span class='ocrx_word' id='word_1_70' title='bbox 1280 1764 1371 1853; x_wconf 81' lang='lat' dir='ltr'>post</span> <span class='ocrx_word' id='word_1_71' title='bbox 1377 1747 1461 1855; x_wconf 80' lang='lat' dir='ltr'>ejus</span> <span class='ocrx_word' id='word_1_72' title='bbox 1470 1746 1637 1837; x_wconf 84' lang='lat' dir='ltr'>obitum,</span> <span class='ocrx_word' id='word_1_73' title='bbox 1653 1748 1923 1854; x_wconf 78' lang='lat' dir='ltr'>possessionem</span> 
     </span>
     <span class='ocr_line' id='line_1_10' title="bbox 508 1876 1926 1985; baseline 0.001 -30"><span class='ocrx_word' id='word_1_74' title='bbox 508 1876 698 1985; x_wconf 81' lang='lat' dir='ltr'>pacificam</span> <span class='ocrx_word' id='word_1_75' title='bbox 727 1877 950 1981; x_wconf 82' lang='lat' dir='ltr'>eorumdem</span> <span class='ocrx_word' id='word_1_76' title='bbox 970 1876 1158 1955; x_wconf 82' lang='lat' dir='ltr'>babuerat</span> <span class='ocrx_word' id='word_1_77' title='bbox 1177 1877 1427 1965; x_wconf 74' lang='lat' dir='ltr'>etsaisinaut,</span> <span class='ocrx_word' id='word_1_78' title='bbox 1447 1876 1634 1984; x_wconf 81' lang='lat' dir='ltr'>nobisque</span> <span class='ocrx_word' id='word_1_79' title='bbox 1654 1877 1794 1957; x_wconf 78' lang='lat' dir='ltr'>etaliis</span> <span class='ocrx_word' id='word_1_80' title='bbox 1812 1876 1926 1957; x_wconf 78' lang='lat' dir='ltr'>douai·</span> 
     </span>
     <span class='ocr_line' id='line_1_11' title="bbox 510 2002 1923 2116; baseline -0.001 -29"><span class='ocrx_word' id='word_1_81' title='bbox 510 2012 569 2087; x_wconf 85' lang='lat' dir='ltr'>nie</span> <span class='ocrx_word' id='word_1_82' title='bbox 588 2002 877 2114; x_wconf 80' lang='lat' dir='ltr'>temporalibus,</span> <span class='ocrx_word' id='word_1_83' title='bbox 899 2036 920 2083; x_wconf 87' lang='lat' dir='ltr'>a</span> <span class='ocrx_word' id='word_1_84' title='bbox 938 2007 1077 2114; x_wconf 89' lang='lat' dir='ltr'>quihus</span> <span class='ocrx_word' id='word_1_85' title='bbox 1094 2008 1529 2116; x_wconf 76' lang='lat' dir='ltr'>tenentur‚·homagiuna</span> <span class='ocrx_word' id='word_1_86' title='bbox 1545 2006 1685 2088; x_wconf 77' lang='lat' dir='ltr'>fecerat</span> <span class='ocrx_word' id='word_1_87' title='bbox 1702 2007 1752 2087; x_wconf 90' lang='lat' dir='ltr'>dc</span> <span class='ocrx_word' id='word_1_88' title='bbox 1770 2008 1923 2099; x_wconf 84' lang='lat' dir='ltr'>eisdem,</span> 
     </span>
     <span class='ocr_line' id='line_1_12' title="bbox 510 2138 1927 2248; baseline 0 -31"><span class='ocrx_word' id='word_1_89' title='bbox 510 2159 555 2217; x_wconf 90' lang='lat' dir='ltr'>nt</span> <span class='ocrx_word' id='word_1_90' title='bbox 575 2140 738 2229; x_wconf 83' lang='lat' dir='ltr'>dicebat;</span> <span class='ocrx_word' id='word_1_91' title='bbox 760 2138 1031 2219; x_wconf 81' lang='lat' dir='ltr'>nichilominus</span> <span class='ocrx_word' id='word_1_92' title='bbox 1054 2138 1275 2245; x_wconf 87' lang='lat' dir='ltr'>Radulpbus</span> <span class='ocrx_word' id='word_1_93' title='bbox 1293 2138 1342 2219; x_wconf 88' lang='lat' dir='ltr'>de</span> <span class='ocrx_word' id='word_1_94' title='bbox 1362 2138 1522 2247; x_wconf 62' lang='lat' dir='ltr'>Nigetla</span> <span class='ocrx_word' id='word_1_95' title='bbox 1535 2139 1761 2248; x_wconf 70' lang='lat' dir='ltr'>armigenet</span> <span class='ocrx_word' id='word_1_96' title='bbox 1777 2156 1927 2246; x_wconf 81' lang='lat' dir='ltr'>patruus</span> 
     </span>
     <span class='ocr_line' id='line_1_13' title="bbox 511 2270 1928 2381; baseline -0.001 -32"><span class='ocrx_word' id='word_1_97' title='bbox 511 2272 680 2379; x_wconf 84' lang='lat' dir='ltr'>ejusdem</span> <span class='ocrx_word' id='word_1_98' title='bbox 695 2271 894 2360; x_wconf 76' lang='lat' dir='ltr'>lobannis,</span> <span class='ocrx_word' id='word_1_99' title='bbox 912 2271 952 2347; x_wconf 90' lang='lat' dir='ltr'>in</span> <span class='ocrx_word' id='word_1_100' title='bbox 970 2270 1107 2351; x_wconf 85' lang='lat' dir='ltr'>saisina·</span> <span class='ocrx_word' id='word_1_101' title='bbox 1124 2271 1291 2381; x_wconf 82' lang='lat' dir='ltr'>predicta</span> <span class='ocrx_word' id='word_1_102' title='bbox 1309 2271 1458 2350; x_wconf 87' lang='lat' dir='ltr'>dictum</span> <span class='ocrx_word' id='word_1_103' title='bbox 1469 2271 1688 2351; x_wconf 82' lang='lat' dir='ltr'>lobannem</span> <span class='ocrx_word' id='word_1_104' title='bbox 1706 2270 1875 2350; x_wconf 76' lang='lat' dir='ltr'>indebite</span> <span class='ocrx_word' id='word_1_105' title='bbox 1892 2286 1928 2347; x_wconf 90' lang='lat' dir='ltr'>ct</span> 
     </span>
     <span class='ocr_line' id='line_1_14' title="bbox 511 2401 1928 2511; baseline 0.001 -28"><span class='ocrx_word' id='word_1_106' title='bbox 511 2406 590 2483; x_wconf 88' lang='lat' dir='ltr'>sine</span> <span class='ocrx_word' id='word_1_107' title='bbox 610 2430 718 2484; x_wconf 87' lang='lat' dir='ltr'>causa</span> <span class='ocrx_word' id='word_1_108' title='bbox 730 2402 971 2511; x_wconf 76' lang='lat' dir='ltr'>perwrbabat</span> <span class='ocrx_word' id='word_1_109' title='bbox 984 2402 1284 2510; x_wconf 66' lang='lat' dir='ltr'>&#39;scimpodishaa</span> <span class='ocrx_word' id='word_1_110' title='bbox 1298 2404 1400 2483; x_wconf 83' lang='lat' dir='ltr'>bona</span> <span class='ocrx_word' id='word_1_111' title='bbox 1410 2402 1601 2483; x_wconf 77' lang='lat' dir='ltr'>dictemus</span> <span class='ocrx_word' id='word_1_112' title='bbox 1611 2401 1928 2510; x_wconf 74' lang='lat' dir='ltr'>bereditagiorum</span> 
     </span>
     <span class='ocr_line' id='line_1_15' title="bbox 510 2532 1930 2642; baseline 0 -31"><span class='ocrx_word' id='word_1_113' title='bbox 510 2533 668 2611; x_wconf 83' lang='lat' dir='ltr'>levando</span> <span class='ocrx_word' id='word_1_114' title='bbox 690 2550 728 2611; x_wconf 89' lang='lat' dir='ltr'>et</span> <span class='ocrx_word' id='word_1_115' title='bbox 747 2534 864 2613; x_wconf 85' lang='lat' dir='ltr'>eciam</span> <span class='ocrx_word' id='word_1_116' title='bbox 884 2534 1132 2639; x_wconf 58' lang='lat' dir='ltr'>asportanda</span> <span class='ocrx_word' id='word_1_117' title='bbox 1155 2560 1274 2642; x_wconf 82' lang='lat' dir='ltr'>quare</span> <span class='ocrx_word' id='word_1_118' title='bbox 1294 2532 1447 2642; x_wconf 87' lang='lat' dir='ltr'>petebat</span> <span class='ocrx_word' id='word_1_119' title='bbox 1465 2532 1590 2611; x_wconf 77' lang='lat' dir='ltr'>diona</span> <span class='ocrx_word' id='word_1_120' title='bbox 1606 2533 1797 2613; x_wconf 86' lang='lat' dir='ltr'>lebannes</span> <span class='ocrx_word' id='word_1_121' title='bbox 1814 2533 1930 2638; x_wconf 85' lang='lat' dir='ltr'>impc-</span> 
     </span>
     <span class='ocr_line' id='line_1_16' title="bbox 513 2662 1930 2777; baseline 0.001 -36"><span class='ocrx_word' id='word_1_122' title='bbox 513 2666 726 2745; x_wconf 87' lang='lat' dir='ltr'>dimentum</span> <span class='ocrx_word' id='word_1_123' title='bbox 751 2693 820 2770; x_wconf 85' lang='lat' dir='ltr'>per</span> <span class='ocrx_word' id='word_1_124' title='bbox 840 2664 985 2755; x_wconf 80' lang='lat' dir='ltr'>dictum</span> <span class='ocrx_word' id='word_1_125' title='bbox 1005 2664 1264 2772; x_wconf 81' lang='lat' dir='ltr'>Radutphum.</span> <span class='ocrx_word' id='word_1_126' title='bbox 1277 2664 1319 2744; x_wconf 91' lang='lat' dir='ltr'>in</span> <span class='ocrx_word' id='word_1_127' title='bbox 1344 2665 1480 2745; x_wconf 79' lang='lat' dir='ltr'>saisina</span> <span class='ocrx_word' id='word_1_128' title='bbox 1498 2662 1762 2777; x_wconf 61' lang='lat' dir='ltr'>predieupihi</span> <span class='ocrx_word' id='word_1_129' title='bbox 1787 2664 1930 2771; x_wconf 84' lang='lat' dir='ltr'>apposi-</span> 
     </span>
     <span class='ocr_line' id='line_1_17' title="bbox 512 2794 1929 2903; baseline -0.001 -30"><span class='ocrx_word' id='word_1_130' title='bbox 512 2816 597 2874; x_wconf 85' lang='lat' dir='ltr'>tum</span> <span class='ocrx_word' id='word_1_131' title='bbox 612 2796 793 2885; x_wconf 83' lang='lat' dir='ltr'>amoveri,</span> <span class='ocrx_word' id='word_1_132' title='bbox 811 2812 849 2873; x_wconf 88' lang='lat' dir='ltr'>et</span> <span class='ocrx_word' id='word_1_133' title='bbox 863 2796 964 2875; x_wconf 91' lang='lat' dir='ltr'>bona</span> <span class='ocrx_word' id='word_1_134' title='bbox 976 2796 1110 2875; x_wconf 81' lang='lat' dir='ltr'>exinde</span> <span class='ocrx_word' id='word_1_135' title='bbox 1121 2809 1199 2903; x_wconf 82' lang='lat' dir='ltr'>&#39;per</span> <span class='ocrx_word' id='word_1_136' title='bbox 1211 2796 1356 2875; x_wconf 86' lang='lat' dir='ltr'>dictum</span> <span class='ocrx_word' id='word_1_137' title='bbox 1370 2794 1612 2902; x_wconf 83' lang='lat' dir='ltr'>Radulphum</span> <span class='ocrx_word' id='word_1_138' title='bbox 1628 2794 1799 2877; x_wconf 72' lang='lat' dir='ltr'>indebite</span> <span class='ocrx_word' id='word_1_139' title='bbox 1818 2794 1929 2874; x_wconf 81' lang='lat' dir='ltr'>levata</span> 
     </span>
     <span class='ocr_line' id='line_1_18' title="bbox 515 2924 1929 3034; baseline 0 -31"><span class='ocrx_word' id='word_1_140' title='bbox 515 2945 554 3003; x_wconf 88' lang='lat' dir='ltr'>et</span> <span class='ocrx_word' id='word_1_141' title='bbox 572 2944 772 3032; x_wconf 86' lang='lat' dir='ltr'>asportata,</span> <span class='ocrx_word' id='word_1_142' title='bbox 794 2926 864 3003; x_wconf 89' lang='lat' dir='ltr'>sibi</span> <span class='ocrx_word' id='word_1_143' title='bbox 887 2926 1052 3019; x_wconf 86' lang='lat' dir='ltr'>restitui,</span> <span class='ocrx_word' id='word_1_144' title='bbox 1074 2927 1276 3033; x_wconf 77' lang='lat' dir='ltr'>ipsumque</span> <span class='ocrx_word' id='word_1_145' title='bbox 1296 2928 1335 3006; x_wconf 91' lang='lat' dir='ltr'>in</span> <span class='ocrx_word' id='word_1_146' title='bbox 1356 2956 1425 3007; x_wconf 84' lang='lat' dir='ltr'>sua</span> <span class='ocrx_word' id='word_1_147' title='bbox 1443 2926 1580 3007; x_wconf 67' lang='lat' dir='ltr'>sucina</span> <span class='ocrx_word' id='word_1_148' title='bbox 1596 2925 1764 3033; x_wconf 82' lang='lat' dir='ltr'>predicta</span> <span class='ocrx_word' id='word_1_149' title='bbox 1782 2924 1929 3034; x_wconf 83' lang='lat' dir='ltr'>pacifice</span> 
     </span>
     <span class='ocr_line' id='line_1_19' title="bbox 516 3056 1932 3166; baseline 0.002 -33"><span class='ocrx_word' id='word_1_150' title='bbox 516 3058 723 3136; x_wconf 86' lang='lat' dir='ltr'>conservari</span> <span class='ocrx_word' id='word_1_151' title='bbox 740 3057 835 3136; x_wconf 89' lang='lat' dir='ltr'>etab</span> <span class='ocrx_word' id='word_1_152' title='bbox 846 3059 950 3140; x_wconf 86' lang='lat' dir='ltr'>omni</span> <span class='ocrx_word' id='word_1_153' title='bbox 963 3056 1145 3139; x_wconf 76' lang='lat' dir='ltr'>violencia</span> <span class='ocrx_word' id='word_1_154' title='bbox 1158 3058 1345 3166; x_wconf 86' lang='lat' dir='ltr'>etinjuria</span> <span class='ocrx_word' id='word_1_155' title='bbox 1359 3057 1530 3148; x_wconf 76' lang='lat' dir='ltr'>delendi,</span> <span class='ocrx_word' id='word_1_156' title='bbox 1542 3086 1628 3137; x_wconf 90' lang='lat' dir='ltr'>cum</span> <span class='ocrx_word' id='word_1_157' title='bbox 1647 3057 1787 3139; x_wconf 85' lang='lat' dir='ltr'>adhoc</span> <span class='ocrx_word' id='word_1_158' title='bbox 1799 3056 1932 3138; x_wconf 68' lang='lat' dir='ltr'>lucica</span> 
     </span>
     <span class='ocr_line' id='line_1_20' title="bbox 516 3170 1931 3298; baseline 0.002 -32"><span class='ocrx_word' id='word_1_159' title='bbox 516 3188 624 3277; x_wconf 85' lang='lat' dir='ltr'>dum,</span> <span class='ocrx_word' id='word_1_160' title='bbox 647 3190 695 3267; x_wconf 88' lang='lat' dir='ltr'>de</span> <span class='ocrx_word' id='word_1_161' title='bbox 720 3189 993 3269; x_wconf 85' lang='lat' dir='ltr'>consuetudine</span> <span class='ocrx_word' id='word_1_162' title='bbox 1016 3190 1137 3298; x_wconf 90' lang='lat' dir='ltr'>patrie</span> <span class='ocrx_word' id='word_1_163' title='bbox 1156 3170 1307 3270; x_wconf 86' lang='lat' dir='ltr'>notoria</span> <span class='ocrx_word' id='word_1_164' title='bbox 1328 3218 1374 3269; x_wconf 83' lang='lat' dir='ltr'>ae</span> <span class='ocrx_word' id='word_1_165' title='bbox 1398 3190 1516 3270; x_wconf 85' lang='lat' dir='ltr'>eciam</span> <span class='ocrx_word' id='word_1_166' title='bbox 1535 3189 1596 3269; x_wconf 83' lang='lat' dir='ltr'>de·</span> <span class='ocrx_word' id='word_1_167' title='bbox 1609 3190 1790 3271; x_wconf 84' lang='lat' dir='ltr'>mandato</span> <span class='ocrx_word' id='word_1_168' title='bbox 1807 3206 1931 3269; x_wconf 83' lang='lat' dir='ltr'>nostm</span> 
     </span>
     <span class='ocr_line' id='line_1_21' title="bbox 514 3317 1932 3427; baseline 0 -30"><span class='ocrx_word' id='word_1_169' title='bbox 514 3320 688 3425; x_wconf 84' lang='lat' dir='ltr'>speciali,</span> <span class='ocrx_word' id='word_1_170' title='bbox 706 3320 828 3399; x_wconf 87' lang='lat' dir='ltr'>dictus</span> <span class='ocrx_word' id='word_1_171' title='bbox 841 3321 1000 3400; x_wconf 86' lang='lat' dir='ltr'>ballivus</span> <span class='ocrx_word' id='word_1_172' title='bbox 1016 3337 1229 3410; x_wconf 72' lang='lat' dir='ltr'>teneretur,</span> <span class='ocrx_word' id='word_1_173' title='bbox 1238 3337 1283 3399; x_wconf 88' lang='lat' dir='ltr'>ut</span> <span class='ocrx_word' id='word_1_174' title='bbox 1297 3320 1461 3410; x_wconf 63' lang='lat' dir='ltr'>diceban</span> <span class='ocrx_word' id='word_1_175' title='bbox 1478 3320 1584 3404; x_wconf 78' lang='lat' dir='ltr'>dicto,</span> <span class='ocrx_word' id='word_1_176' title='bbox 1597 3319 1796 3426; x_wconf 83' lang='lat' dir='ltr'>Rndulpbo</span> <span class='ocrx_word' id='word_1_177' title='bbox 1810 3317 1932 3427; x_wconf 78' lang='lat' dir='ltr'>planes</span> 
     </span>
     <span class='ocr_line' id='line_1_22' title="bbox 513 3450 1933 3561; baseline -0.001 -35"><span class='ocrx_word' id='word_1_178' title='bbox 513 3450 683 3531; x_wconf 76' lang='lat' dir='ltr'>raciones</span> <span class='ocrx_word' id='word_1_179' title='bbox 699 3478 742 3529; x_wconf 82' lang='lat' dir='ltr'>ex</span> <span class='ocrx_word' id='word_1_180' title='bbox 761 3451 916 3531; x_wconf 77' lang='lat' dir='ltr'>adverso</span> <span class='ocrx_word' id='word_1_181' title='bbox 930 3470 1188 3560; x_wconf 81' lang='lat' dir='ltr'>proponente,</span> <span class='ocrx_word' id='word_1_182' title='bbox 1202 3468 1240 3533; x_wconf 82' lang='lat' dir='ltr'>ct</span> <span class='ocrx_word' id='word_1_183' title='bbox 1259 3452 1408 3533; x_wconf 84' lang='lat' dir='ltr'>dicente</span> <span class='ocrx_word' id='word_1_184' title='bbox 1425 3450 1775 3561; x_wconf 81' lang='lat' dir='ltr'>quodpeticionem</span> <span class='ocrx_word' id='word_1_185' title='bbox 1792 3478 1862 3529; x_wconf 88' lang='lat' dir='ltr'>seu</span> <span class='ocrx_word' id='word_1_186' title='bbox 1878 3476 1933 3525; x_wconf 84' lang='lat' dir='ltr'>ne·</span> 
     </span>
     <span class='ocr_line' id='line_1_23' title="bbox 514 3580 1934 3689; baseline 0.004 -28"><span class='ocrx_word' id='word_1_187' title='bbox 514 3600 685 3688; x_wconf 85' lang='lat' dir='ltr'>questam</span> <span class='ocrx_word' id='word_1_188' title='bbox 705 3581 913 3687; x_wconf 81' lang='lat' dir='ltr'>predictam</span> <span class='ocrx_word' id='word_1_189' title='bbox 929 3582 1019 3659; x_wconf 91' lang='lat' dir='ltr'>dicti</span> <span class='ocrx_word' id='word_1_190' title='bbox 1034 3583 1217 3661; x_wconf 74' lang='lat' dir='ltr'>lobannis</span> <span class='ocrx_word' id='word_1_191' title='bbox 1235 3581 1368 3689; x_wconf 82' lang='lat' dir='ltr'>prelati</span> <span class='ocrx_word' id='word_1_192' title='bbox 1385 3582 1546 3661; x_wconf 82' lang='lat' dir='ltr'>ballivus</span> <span class='ocrx_word' id='word_1_193' title='bbox 1563 3598 1604 3661; x_wconf 86' lang='lat' dir='ltr'>ct</span> <span class='ocrx_word' id='word_1_194' title='bbox 1621 3581 1799 3665; x_wconf 79' lang='lat' dir='ltr'>bominac</span> <span class='ocrx_word' id='word_1_195' title='bbox 1816 3580 1934 3667; x_wconf 57' lang='lat' dir='ltr'>leod&amp;</span> 
     </span>
     <span class='ocr_line' id='line_1_24' title="bbox 515 3710 1934 3818; baseline 0 -30"><span class='ocrx_word' id='word_1_196' title='bbox 515 3712 571 3789; x_wconf 84' lang='lat' dir='ltr'>les</span> <span class='ocrx_word' id='word_1_197' title='bbox 590 3712 711 3791; x_wconf 80' lang='lat' dir='ltr'>lacere</span> <span class='ocrx_word' id='word_1_198' title='bbox 730 3712 888 3789; x_wconf 86' lang='lat' dir='ltr'>minime</span> <span class='ocrx_word' id='word_1_199' title='bbox 907 3710 1146 3802; x_wconf 87' lang='lat' dir='ltr'>tenebantur,</span> <span class='ocrx_word' id='word_1_200' title='bbox 1158 3739 1227 3817; x_wconf 84' lang='lat' dir='ltr'>pro</span> <span class='ocrx_word' id='word_1_201' title='bbox 1248 3740 1294 3789; x_wconf 88' lang='lat' dir='ltr'>eo</span> <span class='ocrx_word' id='word_1_202' title='bbox 1312 3712 1535 3818; x_wconf 70' lang='lat' dir='ltr'>quodcum</span> <span class='ocrx_word' id='word_1_203' title='bbox 1553 3711 1679 3794; x_wconf 87' lang='lat' dir='ltr'>dictus</span> <span class='ocrx_word' id='word_1_204' title='bbox 1694 3735 1822 3791; x_wconf 85' lang='lat' dir='ltr'>comes</span> <span class='ocrx_word' id='word_1_205' title='bbox 1840 3711 1934 3789; x_wconf 89' lang='lat' dir='ltr'>Pon·</span> 
     </span>
     <span class='ocr_line' id='line_1_25' title="bbox 516 3840 1933 3963; baseline 0.001 -47"><span class='ocrx_word' id='word_1_206' title='bbox 516 3843 599 3932; x_wconf 86' lang='lat' dir='ltr'>tivi,</span> <span class='ocrx_word' id='word_1_207' title='bbox 612 3858 718 3963; x_wconf 57' lang='lat' dir='ltr'>pappa</span> <span class='ocrx_word' id='word_1_208' title='bbox 730 3840 819 3922; x_wconf 88' lang='lat' dir='ltr'>dicti</span> <span class='ocrx_word' id='word_1_209' title='bbox 833 3840 1039 3947; x_wconf 85' lang='lat' dir='ltr'>Radulphi,</span> <span class='ocrx_word' id='word_1_210' title='bbox 1051 3859 1223 3949; x_wconf 84' lang='lat' dir='ltr'>ternpore</span> <span class='ocrx_word' id='word_1_211' title='bbox 1237 3870 1318 3948; x_wconf 91' lang='lat' dir='ltr'>quo</span> <span class='ocrx_word' id='word_1_212' title='bbox 1327 3844 1408 3949; x_wconf 84' lang='lat' dir='ltr'>ipse</span> <span class='ocrx_word' id='word_1_213' title='bbox 1417 3842 1577 3932; x_wconf 72' lang='lat' dir='ltr'>visebat,</span> <span class='ocrx_word' id='word_1_214' title='bbox 1590 3858 1630 3922; x_wconf 87' lang='lat' dir='ltr'>at</span> <span class='ocrx_word' id='word_1_215' title='bbox 1638 3842 1760 3924; x_wconf 78' lang='lat' dir='ltr'>eciam</span> <span class='ocrx_word' id='word_1_216' title='bbox 1767 3857 1933 3947; x_wconf 79' lang='lat' dir='ltr'>tempore</span> 
     </span>
     <span class='ocr_line' id='line_1_26' title="bbox 517 3970 1934 4080; baseline 0.001 -33"><span class='ocrx_word' id='word_1_217' title='bbox 517 3998 593 4079; x_wconf 93' lang='lat' dir='ltr'>qno</span> <span class='ocrx_word' id='word_1_218' title='bbox 614 3972 693 4077; x_wconf 89' lang='lat' dir='ltr'>ipse</span> <span class='ocrx_word' id='word_1_219' title='bbox 714 3971 887 4059; x_wconf 82' lang='lat' dir='ltr'>decessit,</span> <span class='ocrx_word' id='word_1_220' title='bbox 901 3970 1059 4052; x_wconf 83' lang='lat' dir='ltr'>haberat</span> <span class='ocrx_word' id='word_1_221' title='bbox 1073 3988 1112 4049; x_wconf 90' lang='lat' dir='ltr'>et</span> <span class='ocrx_word' id='word_1_222' title='bbox 1131 3972 1341 4079; x_wconf 78' lang='lat' dir='ltr'>possideret</span> <span class='ocrx_word' id='word_1_223' title='bbox 1357 3973 1465 4080; x_wconf 77' lang='lat' dir='ltr'>plura</span> <span class='ocrx_word' id='word_1_224' title='bbox 1485 3974 1586 4057; x_wconf 86' lang='lat' dir='ltr'>bona</span> <span class='ocrx_word' id='word_1_225' title='bbox 1604 3973 1848 4061; x_wconf 80' lang='lat' dir='ltr'>hereditaria,</span> <span class='ocrx_word' id='word_1_226' title='bbox 1861 3989 1934 4049; x_wconf 84' lang='lat' dir='ltr'>tam</span> 
     </span>
     <span class='ocr_line' id='line_1_27' title="bbox 517 4102 1935 4213; baseline 0.002 -35"><span class='ocrx_word' id='word_1_227' title='bbox 517 4104 556 4181; x_wconf 93' lang='lat' dir='ltr'>in</span> <span class='ocrx_word' id='word_1_228' title='bbox 566 4103 807 4183; x_wconf 79' lang='lat' dir='ltr'>Viromandis</span> <span class='ocrx_word' id='word_1_229' title='bbox 817 4132 931 4210; x_wconf 87' lang='lat' dir='ltr'>quam</span> <span class='ocrx_word' id='word_1_230' title='bbox 948 4102 1207 4186; x_wconf 76' lang='lat' dir='ltr'>insselvacinio</span> <span class='ocrx_word' id='word_1_231' title='bbox 1220 4123 1259 4183; x_wconf 91' lang='lat' dir='ltr'>et</span> <span class='ocrx_word' id='word_1_232' title='bbox 1273 4105 1379 4195; x_wconf 65' lang='lat' dir='ltr'>aliha</span> <span class='ocrx_word' id='word_1_233' title='bbox 1392 4105 1591 4213; x_wconf 68' lang='lat' dir='ltr'>dictaque</span> <span class='ocrx_word' id='word_1_234' title='bbox 1605 4104 1829 4210; x_wconf 72' lang='lat' dir='ltr'>badulphus</span> <span class='ocrx_word' id='word_1_235' title='bbox 1839 4103 1935 4184; x_wconf 86' lang='lat' dir='ltr'>dicto</span> 
     </span>
     <span class='ocr_line' id='line_1_28' title="bbox 517 4230 1936 4343; baseline 0 -30"><span class='ocrx_word' id='word_1_236' title='bbox 517 4235 661 4323; x_wconf 86' lang='lat' dir='ltr'>comiti,</span> <span class='ocrx_word' id='word_1_237' title='bbox 678 4248 869 4342; x_wconf 77' lang='lat' dir='ltr'>tamquam</span> <span class='ocrx_word' id='word_1_238' title='bbox 892 4234 1067 4343; x_wconf 80' lang='lat' dir='ltr'>ejusdem,</span> <span class='ocrx_word' id='word_1_239' title='bbox 1082 4234 1186 4319; x_wconf 84' lang='lat' dir='ltr'>lilius</span> <span class='ocrx_word' id='word_1_240' title='bbox 1205 4237 1343 4315; x_wconf 88' lang='lat' dir='ltr'>ultimo</span> <span class='ocrx_word' id='word_1_241' title='bbox 1362 4254 1488 4326; x_wconf 84' lang='lat' dir='ltr'>natus,</span> <span class='ocrx_word' id='word_1_242' title='bbox 1502 4238 1541 4319; x_wconf 83' lang='lat' dir='ltr'>in</span> <span class='ocrx_word' id='word_1_243' title='bbox 1559 4230 1936 4342; x_wconf 79' lang='lat' dir='ltr'>bottisprcdictispro</span> 
     </span>
     <span class='ocr_line' id='line_1_29' title="bbox 517 4363 1936 4473; baseline -0.001 -32"><span class='ocrx_word' id='word_1_244' title='bbox 517 4367 627 4443; x_wconf 85' lang='lat' dir='ltr'>certis</span> <span class='ocrx_word' id='word_1_245' title='bbox 645 4366 889 4471; x_wconf 90' lang='lat' dir='ltr'>porcionibus</span> <span class='ocrx_word' id='word_1_246' title='bbox 908 4367 956 4444; x_wconf 90' lang='lat' dir='ltr'>ad</span> <span class='ocrx_word' id='word_1_247' title='bbox 977 4367 1122 4473; x_wconf 88' lang='lat' dir='ltr'>ipsum,</span> <span class='ocrx_word' id='word_1_248' title='bbox 1144 4368 1193 4447; x_wconf 87' lang='lat' dir='ltr'>de</span> <span class='ocrx_word' id='word_1_249' title='bbox 1208 4368 1488 4451; x_wconf 79' lang='lat' dir='ltr'>&#39;consuetudine</span> <span class='ocrx_word' id='word_1_250' title='bbox 1507 4366 1660 4447; x_wconf 69' lang='lat' dir='ltr'>notens</span> <span class='ocrx_word' id='word_1_251' title='bbox 1680 4366 1856 4446; x_wconf 84' lang='lat' dir='ltr'>locorum</span> <span class='ocrx_word' id='word_1_252' title='bbox 1874 4363 1936 4444; x_wconf 93' lang='lat' dir='ltr'>ubi</span> 
     </span>
     <span class='ocr_line' id='line_1_30' title="bbox 518 4494 1937 4607; baseline -0.002 -34"><span class='ocrx_word' id='word_1_253' title='bbox 518 4497 615 4573; x_wconf 88' lang='lat' dir='ltr'>dicta</span> <span class='ocrx_word' id='word_1_254' title='bbox 629 4496 729 4574; x_wconf 89' lang='lat' dir='ltr'>bona</span> <span class='ocrx_word' id='word_1_255' title='bbox 749 4498 975 4589; x_wconf 89' lang='lat' dir='ltr'>consistunt,</span> <span class='ocrx_word' id='word_1_256' title='bbox 992 4498 1287 4607; x_wconf 81' lang='lat' dir='ltr'>pertinentibus,</span> <span class='ocrx_word' id='word_1_257' title='bbox 1308 4497 1543 4586; x_wconf 81' lang='lat' dir='ltr'>successerit,</span> <span class='ocrx_word' id='word_1_258' title='bbox 1564 4495 1740 4581; x_wconf 66' lang='lat' dir='ltr'>videlieet</span> <span class='ocrx_word' id='word_1_259' title='bbox 1751 4494 1792 4571; x_wconf 88' lang='lat' dir='ltr'>in</span> <span class='ocrx_word' id='word_1_260' title='bbox 1808 4494 1937 4601; x_wconf 77' lang='lat' dir='ltr'>qrunta</span> 
     </span>
     <span class='ocr_line' id='line_1_31' title="bbox 516 4624 1936 4741; baseline -0.004 -37"><span class='ocrx_word' id='word_1_261' title='bbox 516 4645 621 4734; x_wconf 82' lang='lat' dir='ltr'>parte</span> <span class='ocrx_word' id='word_1_262' title='bbox 636 4628 835 4706; x_wconf 81' lang='lat' dir='ltr'>feodorum</span> <span class='ocrx_word' id='word_1_263' title='bbox 850 4629 1113 4718; x_wconf 79' lang='lat' dir='ltr'>Viromandis,</span> <span class='ocrx_word' id='word_1_264' title='bbox 1132 4644 1170 4706; x_wconf 92' lang='lat' dir='ltr'>et</span> <span class='ocrx_word' id='word_1_265' title='bbox 1190 4627 1231 4706; x_wconf 92' lang='lat' dir='ltr'>in</span> <span class='ocrx_word' id='word_1_266' title='bbox 1250 4630 1366 4707; x_wconf 87' lang='lat' dir='ltr'>tercia</span> <span class='ocrx_word' id='word_1_267' title='bbox 1383 4646 1488 4736; x_wconf 80' lang='lat' dir='ltr'>parte</span> <span class='ocrx_word' id='word_1_268' title='bbox 1502 4627 1707 4741; x_wconf 69' lang='lat' dir='ltr'>leodorurn</span> <span class='ocrx_word' id='word_1_269' title='bbox 1723 4624 1936 4714; x_wconf 80' lang='lat' dir='ltr'>Beltecinii‚</span> 
     </span>
     <span class='ocr_line' id='line_1_32' title="bbox 520 4749 1939 4866; baseline -0.001 -32"><span class='ocrx_word' id='word_1_270' title='bbox 520 4776 557 4834; x_wconf 89' lang='lat' dir='ltr'>et</span> <span class='ocrx_word' id='word_1_271' title='bbox 575 4758 614 4833; x_wconf 89' lang='lat' dir='ltr'>in</span> <span class='ocrx_word' id='word_1_272' title='bbox 635 4759 760 4837; x_wconf 89' lang='lat' dir='ltr'>media</span> <span class='ocrx_word' id='word_1_273' title='bbox 776 4777 880 4866; x_wconf 89' lang='lat' dir='ltr'>parte</span> <span class='ocrx_word' id='word_1_274' title='bbox 901 4760 1062 4838; x_wconf 85' lang='lat' dir='ltr'>aliorum</span> <span class='ocrx_word' id='word_1_275' title='bbox 1080 4760 1272 4839; x_wconf 87' lang='lat' dir='ltr'>bonorum</span> <span class='ocrx_word' id='word_1_276' title='bbox 1287 4759 1520 4838; x_wconf 83' lang='lat' dir='ltr'>censualium</span> <span class='ocrx_word' id='word_1_277' title='bbox 1535 4758 1768 4865; x_wconf 86' lang='lat' dir='ltr'>ubicumque</span> <span class='ocrx_word' id='word_1_278' title='bbox 1783 4749 1939 4833; x_wconf 76' lang='lat' dir='ltr'>existen-</span> 
     </span>
     <span class='ocr_line' id='line_1_33' title="bbox 518 4887 1973 4998; baseline -0.004 -30"><span class='ocrx_word' id='word_1_279' title='bbox 518 4888 636 4977; x_wconf 86' lang='lat' dir='ltr'>oium;</span> <span class='ocrx_word' id='word_1_280' title='bbox 659 4889 857 4997; x_wconf 79' lang='lat' dir='ltr'>dictusque</span> <span class='ocrx_word' id='word_1_281' title='bbox 882 4891 1121 4998; x_wconf 72' lang='lat' dir='ltr'>liudulphus,</span> <span class='ocrx_word' id='word_1_282' title='bbox 1143 4893 1410 4998; x_wconf 37' lang='lat' dir='ltr'>postiobitum·</span> <span class='ocrx_word' id='word_1_283' title='bbox 1425 4891 1704 4979; x_wconf 72' lang='lat' dir='ltr'>dieutecmitis,</span> <span class='ocrx_word' id='word_1_284' title='bbox 1726 4888 1842 4995; x_wconf 78' lang='lat' dir='ltr'>patris</span> <span class='ocrx_word' id='word_1_285' title='bbox 1864 4887 1936 4975; x_wconf 90' lang='lat' dir='ltr'>sui,</span> <span class='ocrx_word' id='word_1_286' title='bbox 1968 4966 1973 4977; x_wconf 68' lang='grc'>,</span> 
     </span>
     <span class='ocr_line' id='line_1_34' title="bbox 519 5016 1938 5135; baseline 0 -40"><span class='ocrx_word' id='word_1_287' title='bbox 519 5018 691 5098; x_wconf 81' lang='lat' dir='ltr'>fueritin</span> <span class='ocrx_word' id='word_1_288' title='bbox 706 5021 839 5102; x_wconf 83' lang='lat' dir='ltr'>saisina</span> <span class='ocrx_word' id='word_1_289' title='bbox 850 5022 1050 5104; x_wconf 70' lang='lat' dir='ltr'>bonosum</span> <span class='ocrx_word' id='word_1_290' title='bbox 1065 5023 1324 5130; x_wconf 75' lang='lat' dir='ltr'>predictorum</span> <span class='ocrx_word' id='word_1_291' title='bbox 1339 5052 1410 5131; x_wconf 84' lang='lat' dir='ltr'>pro</span> <span class='ocrx_word' id='word_1_292' title='bbox 1424 5022 1669 5131; x_wconf 74' lang='lat' dir='ltr'>porcionibus</span> <span class='ocrx_word' id='word_1_293' title='bbox 1684 5018 1880 5135; x_wconf 56' lang='lat' dir='ltr'>antedictis</span> <span class='ocrx_word' id='word_1_294' title='bbox 1892 5016 1938 5095; x_wconf 83' lang='lat' dir='ltr'>ad</span> 
     </span>
    </p>
   </div>
   <div class='ocr_carea' id='block_1_3' title="bbox 0 0 2247 6209">
    <p class='ocr_par' dir='ltr' id='par_1_4' title="bbox 0 0 2247 6209">
     <span class='ocr_line' id='line_1_35' title="bbox 0 0 2247 6209; baseline 0 0"><span class='ocrx_word' id='word_1_295' title='bbox 0 0 2247 6209; x_wconf 95' lang='lat' dir='ltr'> </span> 
     </span>
    </p>
   </div>
  </div>
 </body>
</html>
