4450 6209
774 655 1039 766 evoceros
1065 673 1128 748 nr
1154 657 1359 780 esoces.
1703 675 1774 752 sal

355 841 419 901 tur
435 823 477 900 'et
498 821 544 898 ab
566 820 719 926 antiquo
741 836 1016 898 consueverunt
1032 819 1173 907 moeri,
1191 818 1366 925 quadie,
1389 835 1543 925 propter
1560 817 1780 900 brevitatem
1820 818 2007 889 suumne,

354 953 536 1061 temporis
570 951 771 1061 hyemalis,
798 979 914 1058 pauca
946 965 1107 1057 possunt
1136 950 1280 1028 ibidem
1301 951 1492 1056 expediri,
1523 978 1640 1057 quare
1672 952 1783 1030 nobis
1882 917 1947 959 ml

355 1086 576 1194 supplicavit
595 1085 771 1192 quatinus
792 1083 982 1162 nundinas
1001 1083 1099 1190 ipsas
1115 1111 1184 1189 per
1209 1082 1300 1162 duas
1325 1083 1406 1162 dies
1428 1101 1630 1191 sequentes
1652 1112 1783 1191 prom-

354 1245 440 1326 gare
459 1216 662 1306 vellemus,
684 1216 825 1324 quibus
845 1214 995 1293 duabus
1023 1213 1162 1292 diebus
1182 1213 1254 1291 sibi
1274 1213 1407 1292 liceret
1428 1244 1449 1290 a
1470 1215 1724 1294 vendentibus
1745 1233 1784 1293 et

357 1349 570 1427 ementibus
589 1348 732 1426 ibidem
754 1349 900 1454 exigere
923 1361 962 1424 et
980 1347 1103 1426 levare
1123 1346 1375 1440 sedibundus,
1396 1364 1511 1453 prout
1533 1347 1677 1425 domini
1696 1348 1783 1424 vioi—

356 1509 490 1558 narum
513 1499 700 1559 terrarum
725 1480 764 1556 in
789 1479 971 1558 nondinis
993 1479 1072 1560 suis
1097 1478 1243 1586 exigere
1270 1495 1309 1556 et
1337 1478 1459 1558 levare
1486 1497 1780 1566 consueverunt3

356 1639 539 1700 nos-vero,
557 1613 604 1690 de
619 1612 814 1718 predictis,
832 1607 880 1688 ad
898 1609 1217 1718 supplicationem
1232 1608 1322 1688 dieii
1338 1611 1468 1689 militis
1488 1612 1624 1701 nentri,
1642 1611 1781 1720 inquiri

355 1743 630 1831 mandavimus,
666 1741 839 1818 videlicet
866 1743 916 1833 si,
947 1741 1087 1848 absque
1119 1759 1250 1820 nostro
1280 1758 1320 1818 et
1352 1742 1477 1820 alieno
1504 1742 1715 1851 prejudicio
1745 1762 1783 1821 et

355 1873 536 1980 dampno,
561 1874 659 1950 dicte
679 1872 949 1979 supplicacioni
969 1899 1138 1950 annuere
1157 1900 1365 1978 possemus
1381 1905 1389 1948 :
1406 1875 1516 1951 Facta
1540 1873 1658 1982 igitur
1683 1874 1782 1950 dicta
1912 1898 1916 1905 ’

354 2006 546 2112 inquens,
568 2022 607 2082 et
627 2004 828 2114 diligenter
852 2005 1038 2111 inspecta,
1068 2006 1157 2111 quia
1174 2033 1244 2111 per
1263 2033 1347 2082 eam
1370 2023 1563 2112 repertum
1581 2024 1638 2084 est
1656 2007 1779 2111 quod,

353 2139 383 2215 si
413 2167 482 2216 nos
508 2139 817 2245 prorogacionem
842 2136 1063 2243 hujusmodi
1088 2135 1346 2214 nundinarum
1370 2137 1585 2216 Vicenobrii
1609 2138 1781 2243 predicto

355 2268 467 2346 militi
484 2284 616 2346 nostro
638 2265 951 2357 concederemus,
972 2266 1227 2373 prejudicium
1246 2283 1358 2373 atque
1383 2267 1591 2373 dampnum
1614 2269 1725 2347 nobis
1744 2286 1782 2346 et

355 2399 494 2477 dilecto
519 2415 649 2475 nostro
674 2396 850 2503 episcopo
876 2395 1066 2474 Aniciensi
1091 2414 1337 2504 generaretur
1360 2398 1400 2474 in
1428 2398 1609 2476 nundinis
1633 2399 1681 2476 de
1707 2398 1783 2475 An·-

356 2530 480 2618 dusia,
502 2557 578 2637 quo
598 2555 820 2606 communes
841 2503 928 2605 sunt
948 2527 1058 2605 nobis
1079 2544 1118 2604 et
1135 2528 1238 2606 dieto
1258 2527 1451 2634 episcopo,
1472 2529 1671 2634 presertim
1693 2555 1781 2606 cum

354 2660 557 2768 aliquando
580 2659 679 2736 dicte
698 2658 868 2735 nundine
890 2659 937 2734 de
964 2657 1133 2736 Andusia
1151 2674 1191 2735 et
1205 2657 1419 2738 Vicenobrii
1447 2659 1562 2739 simul
1582 2687 1781 2738 concurre-

353 2810 438 2868 rent
454 2791 590 2870 eodem
614 2807 801 2899 tempore,
829 2817 977 2868 necnon
992 2791 1096 2897 quod
1116 2788 1287 2868 nundine
1303 2819 1379 2897 que
1397 2807 1487 2868 sunt
1501 2790 1540 2867 in
1554 2791 1780 2870 Vicenobrio

353 2924 392 2998 in
411 2923 472 3000 die
485 2923 587 3000 beati
603 2923 754 3000 Andree
775 2939 862 3000 sunt
873 2921 1043 3007 francho,
1061 2939 1115 3012 et,
1127 2923 1158 2998 si
1173 2940 1465 3029 prorogarentur
1483 2950 1551 3030 per
1568 2923 1669 3000 duos
1680 2921 1778 3012 dise,

353 3072 397 3132 ut
423 3055 648 3161 premissum
683 3071 757 3143 est,
789 3054 911 3131 dictus
935 3053 1046 3132 miles
1069 3081 1148 3130 non
1174 3053 1313 3130 levaret
1336 3082 1358 3130 a
1378 3053 1651 3133 mercatoribus
1679 3053 1782 3130 redi-

355 3185 506 3262 bencias
523 3185 571 3262 de
587 3184 664 3262 suis
677 3185 896 3261 mercaturis
909 3213 1001 3290 quas
1012 3183 1157 3261 ibidem
1169 3183 1313 3262 francas
1324 3185 1520 3274 haberent,
1535 3186 1781 3292 quodinron·

354 3317 506 3392 veniens
523 3315 726 3404 videretur,
749 3331 788 3392 et
806 3314 964 3402 idcirco,
981 3343 1050 3420 per
1062 3331 1230 3393 nostram
1246 3317 1406 3408 curiam,
1424 3317 1568 3407 dictum
1584 3317 1657 3394 fuit
1675 3317 1783 3423 quod

356 3445 451 3524 dicta
467 3445 685 3553 prorogatio
702 3446 871 3553 predicto
886 3444 997 3523 militi
1015 3460 1145 3523 nostro
1159 3473 1236 3522 non
1252 3447 1492 3523 concedetur.

409 3579 588 3656 Mercurii
600 3578 779 3685 predicta.

410 3711 536 3790 Cassel
556 3711 768 3818 reportavit.

410 3973 470 4049 IX.
497 3971 583 4051 Visa
613 3971 785 4077 inquesta
809 3971 918 4062 facta,
945 3971 993 4048 de
1019 3965 1197 4050 mandato
1221 3963 1346 4049 ballivi
1366 3972 1685 4065 Constanciensis,
1713 4001 1788 4080 per·

355 4104 572 4209 magistrum
584 4103 783 4210 Hugonem
799 4101 846 4178 de
858 4102 1047 4210 Quosney,
1060 4131 1175 4209 super
1185 4132 1230 4181 eo
1244 4104 1350 4209 quod
1359 4103 1556 4183 dicebatur
1565 4105 1671 4212 quod
1681 4106 1782 4184 Guil

353 4237 492 4314 lelmus
504 4234 550 4312 de
564 4232 734 4326 Pencoit,
750 4232 992 4324 domicellus,
1004 4233 1205 4341 Agnetam,
1219 4233 1335 4310 filiam
1346 4233 1569 4313 Constancie
1582 4238 1628 4314 de
1639 4239 1781 4314 Keroe-

352 4367 471 4456 tivan,
489 4393 558 4472 per
571 4364 794 4443 violenciam
811 4381 1001 4470 rapuerat,
1023 4381 1179 4470 propter
1199 4363 1330 4473 plures
1347 4364 1516 4443 delectus
1535 4367 1575 4442 in
1590 4393 1635 4444 ea
1653 4395 1781 4474 reper-

353 4515 429 4590 tos,
447 4525 523 4575 non
537 4497 609 4575 fuit
619 4495 801 4607 judicata,
821 4497 906 4586 sed,
924 4523 1038 4604 super
1051 4495 1234 4574 violencia
1248 4523 1324 4602 que
1343 4496 1482 4574 dieitur
1498 4496 1591 4573 lacta
1607 4497 1721 4578 fuisse
1739 4499 1780 4574 in

354 4629 529 4735 capcione
549 4627 647 4706 dicte
664 4626 797 4705 Ainete
814 4643 852 4703 et
871 4653 985 4731 super
1000 4625 1287 4706 defensionibus
1300 4628 1600 4734 partisadverse,
1613 4629 1781 4734 precepit

355 4761 456 4837 curia
472 4759 593 4867 quod,
613 4760 660 4836 ad
677 4759 794 4837 finem
811 4757 974 4846 civilem,
990 4759 1126 4835 veritas
1144 4758 1369 4866 inquiratur.

410 5021 451 5098 X.
483 5021 580 5097 Cum
594 5018 728 5128 Helyas
740 5020 787 5097 de
797 5020 1025 5126 Bleigniaco,
1035 5022 1208 5130 armiger,
1224 5051 1266 5099 ex
1282 5049 1357 5099 nna
1368 5041 1484 5129 parte,
1498 5040 1536 5102 et
1544 5022 1776 5105 senescallus
