4450 6209
734 737 1002 849 uuonavns
1028 757 1092 827 ar
1117 736 1323 830 anonas.
1666 760 1739 832 aaa

376 900 474 976 lovis
493 897 670 1006 predicta.
1781 910 1911 965 Parum
1923 911 1968 974 tv,

377 1031 479 1137 Roya
498 1030 710 1135 reportavit.
1842 1003 1907 1045 Μ’

376 1160 542 1238 Remissa
562 1178 619 1240 est
638 1161 687 1238 ad
705 1159 989 1268 perficiendum.

377 1419 499 1498 LXIV.
531 1419 627 1496 Cum
649 1419 891 1529 Raymundus
909 1419 1079 1497 Durandi
1097 1437 1135 1496 et
1153 1420 1381 1497 bertrandus
1396 1419 1445 1498 de
1465 1419 1653 1528 Coyrano,
1671 1421 1747 1497 sin-

320 1549 394 1626 dici
412 1549 662 1628 universitatis
682 1568 720 1626 et
732 1568 994 1657 procuratores
1013 1549 1258 1657 singularium
1279 1579 1526 1658 personarum
1547 1551 1656 1629 castri
1672 1552 1748 1631 Vo-

321 1677 479 1771 lobrice,
496 1679 536 1756 in
552 1679 716 1787 quodam
732 1680 899 1770 articulo,
922 1681 1022 1757 inter
1040 1697 1200 1770 ceteros,
1221 1680 1520 1788 proposuissent,
1543 1710 1668 1758 coram
1690 1711 1748 1760 se·

321 1809 483 1887 nescallo
499 1810 744 1900 Belli-Cadri,
765 1813 870 1918 quod
887 1811 1034 1890 Marcus
1054 1810 1101 1888 de
1118 1810 1391 1888 Sancta-Crura
1409 1809 1547 1888 multas
1561 1811 1748 1890 inferebat

320 1939 527 2030 molestias,
545 1941 755 2048 gravamina
775 1957 814 2018 et
827 1941 989 2048 jacturas
1007 1941 1238 2018 universitati
1256 1957 1295 2018 et
1308 1941 1526 2020 bominibus
1544 1940 1644 2020 dicte
1659 1942 1747 2046 ville

319 2068 537 2160 Volobrice,
554 2070 727 2148 faciendo
744 2088 782 2147 et
791 2072 959 2179 juvando
975 2072 1022 2148 de
1039 2087 1149 2148 nocte
1165 2071 1339 2150 homines
1352 2071 1510 2148 transire
1528 2072 1744 2163 Rodanum,
1759 2073 1764 2087 ‘

321 2197 533 2278 deferentes
550 2200 762 2279 billonnem
781 2218 820 2279 et
836 2217 1026 2278 monetam
1047 2199 1278 2306 prohibitam
1297 2217 1336 2278 et
1355 2200 1474 2278 eciam
1489 2201 1663 2279 animalia
1679 2203 1749 2281 bo-

319 2330 403 2406 vina
426 2332 583 2408 transire
609 2330 818 2436 prohibita,
841 2359 915 2436 que
939 2331 1084 2418 omnia,
1107 2347 1151 2406 ut
1169 2330 1240 2435 ipsi
1261 2330 1452 2419 dicebant,
1474 2331 1676 2424 cedebant,
1700 2334 1748 2411 ad

320 2463 562 2539 commodum
591 2463 791 2538 hominum
812 2462 1010 2538 comitatus
1033 2459 1242 2552 Provincia,
1266 2463 1372 2568 quod
1396 2462 1538 2539 eratin
1569 2491 1748 2572 magnum

320 2592 572 2700 prejudicium
596 2609 696 2669 terre
716 2608 843 2668 nostre
868 2607 906 2669 et
926 2590 1141 2696 periculum
1159 2589 1233 2667 loci
1252 2591 1468 2679 Volobrice,
1490 2608 1535 2668 ut
1552 2591 1625 2698 ipsi
1645 2592 1749 2671 dice·

320 2721 422 2814 bant,
441 2739 479 2798 et
493 2720 608 2828 quod,
625 2749 711 2798 cum
723 2721 893 2827 predicta
904 2720 957 2798 sic
975 2749 1013 2798 se
1028 2719 1226 2809 haberent,
1242 2738 1286 2798 ut
1302 2720 1489 2812 dicebant,
1505 2738 1545 2799 et
1556 2722 1649 2800 boni
1663 2750 1750 2831 pre-

321 2851 413 2929 sidis
431 2852 630 2930 interesset
650 2853 696 2928 ab
717 2851 896 2930 indebitis
918 2851 1227 2961 oppressionibus
1246 2850 1412 2930 relevare
1432 2852 1637 2961 subjectos,
1660 2883 1750 2962 sup-

318 2982 552 3089 plicaverunt
564 2983 655 3060 dicti
666 2983 809 3089 syndici
821 2985 922 3062 dicto
935 2983 1158 3072 senescallo,
1175 2983 1216 3059 in
1226 2982 1405 3088 predictis
1414 2984 1487 3062 sibi
1499 2986 1547 3062 de
1559 3004 1749 3093 oportuno

321 3113 491 3190 remedio
505 3115 710 3219 provideri,
727 3115 880 3192 tandem
898 3115 1020 3192 dictus
1040 3114 1266 3193 senescallus
1286 3115 1474 3194 mandavit
1488 3118 1666 3224 magistro
1681 3117 1751 3196 Ar-

323 3242 438 3320 naldo
457 3243 505 3320 de
521 3244 664 3352 Puyeto
680 3262 738 3334 ut,
759 3273 872 3352 super
885 3245 1065 3350 predictis
1082 3246 1123 3321 in
1142 3245 1244 3322 dicto
1263 3246 1420 3323 articulo
1441 3247 1750 3335 consentianum

182 3419 186 3430 .
322 3390 460 3479 quanta
473 3393 599 3481 posset
612 3374 829 3482 diligencia,
845 3377 1055 3483 inquireret
1068 3375 1281 3464 veritatem,
1301 3376 1438 3455 vocatis
1450 3403 1565 3482 super
1576 3377 1650 3453 hoc
1666 3405 1752 3455 evo-

323 3504 466 3598 candis,
483 3504 575 3584 lacta
591 3507 706 3617 igitur
721 3535 833 3614 super
848 3508 920 3584 hoc
936 3506 1127 3614 inquesta,
1144 3523 1183 3582 et
1199 3505 1247 3582 ad
1264 3506 1408 3584 dictum
1423 3507 1672 3585 senescallum
1692 3535 1752 3585 re-

252 3719 258 3728 ,
323 3651 467 3740 portata
490 3654 528 3714 et
548 3639 727 3745 inspecta,
751 3639 838 3745 quia
858 3637 976 3716 nichil
996 3637 1045 3714 de
1064 3635 1244 3744 predictis
1263 3636 1463 3744 probatum
1483 3637 1605 3715 extitit
1622 3655 1751 3716 contra

322 3762 469 3842 dictum
487 3767 674 3858 Marcum,
692 3767 794 3845 idem
815 3766 1061 3856 senescallus,
1077 3794 1192 3872 super
1203 3767 1388 3846 contentis
1405 3766 1446 3843 in
1460 3765 1562 3846 dicto
1576 3767 1749 3862 articulo,

323 3895 601 3973 sentencialiter
620 3896 779 3976 absolvit
799 3897 984 3988 eundem,
1002 3894 1215 4004 quemlibet
1229 3897 1418 3975 dictorum
1436 3898 1693 4006 syndicorum,
1712 3899 1752 3976 in

323 4021 540 4128 quindecim
555 4022 662 4103 libris
676 4027 983 4118 Turonensibus,
1001 4027 1102 4104 dicto
1118 4027 1261 4116 Marco,
1274 4055 1344 4132 pro
1360 4025 1532 4133 dampnis
1547 4027 1678 4106 suiset
1695 4029 1753 4104 in·

324 4169 478 4242 teresse,
506 4170 544 4230 et
567 4154 693 4244 nobis,
724 4155 764 4232 in
792 4156 1064 4265 quinquaginta
1090 4156 1212 4245 libris,
1239 4157 1407 4262 ipsorum
1434 4157 1660 4263 quemlibet,
1680 4186 1752 4263 pro
1878 4141 1882 4149 ⁴

324 4283 484 4360 emenda
508 4299 649 4373 nostra,
682 4313 751 4392 per
781 4313 888 4362 suam
915 4286 1161 4375 sentenciam,
1189 4286 1521 4391 condempnando,
1547 4287 1752 4393 quemdam

325 4415 440 4491 eciam
459 4412 698 4522 Aymericum
713 4416 906 4522 Boniparis
919 4416 1091 4506 nomine,
1113 4417 1202 4524 quia
1218 4415 1362 4494 dictum
1379 4416 1580 4494 articulum
1596 4416 1754 4494 dictave-

324 4562 396 4631 rat,
423 4544 533 4623 nobis
553 4546 593 4623 in
613 4564 765 4624 centum
788 4546 895 4626 libris
914 4546 1216 4637 Turonensibus,
1238 4575 1309 4654 pro
1335 4548 1497 4629 emenda
1519 4562 1662 4638 nostra,
1683 4576 1753 4654 per

325 4701 431 4750 suam
444 4678 686 4767 sentenciam,
704 4677 1002 4784 condempnavit,
1015 4706 1036 4755 a
1050 4706 1128 4785 quo
1137 4678 1309 4787 judicato
1322 4677 1465 4786 syndici
1482 4693 1521 4754 et
1534 4675 1752 4784 Aymericus

324 4803 482 4910 predicti
498 4808 546 4885 ad
562 4825 727 4886 nostram
742 4809 882 4886 curiam
896 4809 1150 4916 appellarunt:
1162 4810 1251 4890 Viso
1267 4812 1381 4920 igitur
1392 4837 1570 4916 processu
1581 4811 1751 4918 predicto

325 4949 364 5013 et
380 4933 581 5043 diligenter
597 4939 814 5027 examinato,
828 4967 896 5046 per
910 4939 1012 5016 curie
1025 4956 1151 5017 nostre
1160 4940 1361 5047 judicium,
1370 4940 1517 5018 dictum
1526 4938 1754 5046 luitpredio-

325 5082 408 5143 tum
423 5068 671 5147 senescallum
686 5070 785 5149 bene
800 5071 1086 5176 pronunciasse,
1107 5088 1289 5178 quantum
1308 5072 1356 5152 ad
1370 5071 1546 5180 syndicos
1558 5071 1752 5181 supradic-

410 5243 461 5283 tas
483 5244 569 5288 onru.
591 5245 636 5286 ιιι.
1586 5244 1622 5304 7²
