4450 6209
805 732 1080 842 nvootrss
1107 751 1171 824 nr
1198 727 1404 825 rnocts.
1751 749 1821 822 153

390 921 465 1001 que
481 893 577 982 sint,
599 920 676 998 que
695 891 775 1000 ipsa
789 921 920 974 secum
940 892 1153 1003 asportavit,
1171 893 1324 1001 quando
1341 893 1419 1000 ipsa
1434 891 1718 968 matrimonium
1733 918 1824 968 cons
1862 897 1992 952 Parnm
2005 898 2048 960 tv,

387 1025 498 1102 traxit
517 1053 605 1102 cum
629 1025 732 1103 dicto
747 1029 876 1120 Petro,
896 1044 935 1104 et
955 1027 1004 1104 de
1024 1025 1135 1105 dietis
1157 1027 1330 1104 ducentis
1346 1023 1454 1103 libris
1471 1024 1571 1102 dicta
1584 1021 1738 1131 Alaydis
1751 1023 1822 1102 sibi
1924 991 1986 1033 lm

388 1154 507 1234 solvet
535 1171 689 1234 centum
718 1157 853 1250 libras,
883 1158 1111 1237 deducendo
1141 1159 1277 1236 exinde
1302 1156 1490 1264 quicquid
1515 1155 1564 1232 de
1589 1155 1644 1232 eis
1668 1171 1724 1232 est
1751 1153 1822 1232 sibi

389 1287 580 1376 solutnm3
596 1304 635 1364 et
653 1287 921 1397 dictaAlaydis
940 1288 1180 1395 recuperabit
1195 1307 1234 1366 et
1251 1287 1409 1364 habebit
1424 1287 1615 1393 predictas
1633 1315 1696 1364 res
1714 1286 1825 1364 bere-

390 1421 561 1508 ditarias,
577 1421 665 1498 sitas
679 1422 783 1529 apud
799 1422 1144 1502 Romaiu-Villezet
1158 1421 1394 1529 Boigns'aus,
1404 1445 1501 1527 quas
1513 1418 1591 1526 ipsa
1606 1418 1825 1524 possidebat

388 1571 561 1659 ternpore
572 1569 676 1631 mote
689 1555 950 1633 contencionis
963 1535 1134 1662 predicte
1145 1555 1270 1630 coram
1288 1552 1390 1630 dicto
1403 1552 1595 1658 preposito
1605 1550 1819 1640 Parmensi,

389 1702 428 1762 et
446 1684 495 1761 de
515 1683 655 1790 quibus
674 1684 755 1792 ipsa
775 1686 897 1767 luerat
915 1686 1075 1794 spoliata
1091 1686 1241 1763 virtute⁴
1245 1683 1405 1793 judicati
1419 1682 1599 1788 predicti,
1617 1711 1706 1760 cum
1721 1681 1824 1760 fruo-

388 1815 491 1894 tibus
511 1832 549 1892 et
568 1815 731 1894 exitibus
744 1845 813 1922 per
828 1818 968 1896 dictam
982 1818 1196 1896 lobannam
1208 1815 1301 1894 inde
1320 1814 1507 1922 perceptis
1520 1831 1822 1920 atemporequo

389 1947 460 2026 sibi
480 1946 637 2026 luerunt
649 1948 788 2026 tradite
803 1975 865 2026 res
877 1949 1065 2056 predicte,
1082 1949 1235 2026 racione
1245 1946 1406 2056 judicati
1422 1945 1582 2054 predicti
1596 1974 1665 2052 per
1680 1946 1823 2023 curiam

389 2077 600 2187 reprobati;
622 2097 663 2156 et
687 2081 719 2157 si
744 2081 845 2156 dicta
868 2081 1041 2158 Jobanna
1065 2081 1107 2156 in
1133 2078 1277 2158 eisdem
1301 2077 1428 2167 lionis,
1452 2077 1511 2155 vel
1534 2094 1639 2185 parte
1667 2105 1820 2167 eorum,

365 2212 480 2289 ,velit
498 2210 660 2319 aliquid,
682 2212 834 2290 racione
855 2212 1035 2302 dotalitii,
1056 2230 1205 2318 petere,
1228 2238 1342 2318 super
1362 2209 1614 2299 boc·,·voeatis
1634 2211 1822 2316 partibus,-

389 2342 457 2422 fiet
469 2342 622 2450 justicie
641 2344 977 2451 complementum.

446 2473 601 2552 Sabbati
617 2493 705 2581 post
722 2475 987 2554 Reminiscere.
1092 2486 1098 2493 ’

445 2740 555 2816 ΧΧΧ.
568 2791 573 2799 -
588 2741 711 2850 Super
731 2771 778 2820 eo
803 2741 910 2849 quod
929 2741 1118 2844 Robertus
1139 2740 1187 2817 de
1207 2739 1520 2831 Castro-Marino,
1547 2737 1712 2830 susciter,
1725 2763 1823 2820 con-

389 2871 620 2976 querebatur
644 2873 769 2979 quod‚
795 2872 923 2979 ipsum
950 2871 1171 2950 existentem
1200 2871 1241 2948 in
1260 2871 1496 2978 possessione
1517 2885 1728 2948 castrorum
1754 2897 1822 2946 seu

389 3001 563 3082 locorum
588 3004 636 3082 de
664 3005 838 3094 Pairiola,
866 3006 914 3083 de
939 3004 1186 3096 Terentina,
1214 3022 1255 3082 et
1269 3005 1325 3084 'de
1346 3005 1543 3093 blancam,
1572 3029 1730 3080 necnon.
1747 3001 1821 3080 alte

389 3153 428 3212 et
445 3135 553 3214 basse
568 3137 722 3244 justicie
743 3168 783 3215 ac
803 3137 1062 3244 percepcionis
1080 3138 1276 3216 fructuum
1304 3153 1343 3214 et
1366 3153 1621 3244 proventuum
1648 3135 1821 3212 locorum

388 3267 666 3372 predictorum,
684 3268 864 3348 officiales
877 3269 1012 3361 nostri,
1029 3270 1068 3344 in
1082 3268 1300 3346 senescallia
1315 3268 1544 3357 Tholosana,
1562 3267 1820 3373 predictorum

389 3401 625 3507 possessione
643 3401 893 3508 spoliaverant
919 3401 1057 3509 injuste
1082 3402 1193 3478 etde
1217 3427 1327 3479 novo.
1345 3403 1531 3506 lnquesta
1553 3398 1652 3476 inter
1676 3399 1819 3505 ipsum,

391 3559 436 3612 es
452 3562 530 3610 una
546 3550 671 3640 parte,
690 3551 729 3611 et
741 3548 1026 3640 procuratorem
1042 3549 1216 3610 nostrum
1233 3533 1333 3610 dicte
1352 3530 1569 3612 senescallie
1586 3529 1819 3618 Tholosene,

391 3694 436 3744 ex
455 3665 588 3758 altera,
608 3665 745 3744 virtute
766 3664 1040 3744 commissionis
1059 3681 1187 3742 nostre
1211 3664 1325 3753 facta,
1345 3663 1422 3742 visa
1446 3681 1485 3742 et
1511 3663 1713 3770 diligenter
1740 3689 1824 3738 exa-

391 3798 549 3888 minata,
579 3824 649 3904 per
679 3797 783 3876 curie
813 3813 941 3874 nostre
957 3797 1166 3905 judicium,
1202 3796 1347 3874 dictum
1370 3795 1446 3874 'snt
1466 3813 1503 3874 et
1528 3794 1822 3902 pronunciatum

271 3967 274 3974 ·
391 3931 497 4038 quod
523 3931 707 4039 possessio
732 3929 991 4037 predictorum
1017 3929 1144 4006 eidem
1168 3931 1336 4008 Roberto
1359 3928 1591 4019 restituetur,
1614 3955 1656 4002 ac
1678 3925 1823 4004 fructus

393 4079 432 4139 et
448 4062 569 4139 esitus
588 4089 656 4169 per
675 4079 808 4171 gentes
823 4078 971 4140 nostras
989 4061 1080 4139 inde
1094 4062 1265 4169 percepti
1280 4091 1300 4138 a
1318 4078 1488 4167 tempore
1509 4058 1608 4172 dicte
1626 4054 1823 4164 spoliario-

393 4194 451 4270 nis
468 4193 541 4272 sibi
556 4191 779 4286 reddentur,
795 4191 894 4269 salva
908 4193 1020 4270 nobis
1033 4194 1077 4268 in·
1092 4193 1272 4299 predictis
1286 4193 1414 4270 castris
1430 4219 1498 4268 seu
1514 4189 1606 4268 locis
1624 4188 1821 4296 questione

392 4325 647 4434 proprietatis,
670 4322 855 4430 salvisque
870 4323 985 4402 nobis
1003 4323 1043 4401 in
1062 4325 1245 4431 predictis
1263 4323 1355 4400 locis
1376 4323 1539 4400 exercitu
1561 4336 1600 4397 et
1624 4318 1819 4408 cavalena,

392 4485 541 4536 necnon
566 4455 718 4565 alberga
743 4473 781 4533 et
803 4484 911 4562 paee,
933 4484 976 4532 ac
995 4455 1079 4534 aliis
1103 4452 1263 4532 deveriis
1287 4481 1361 4559 quc
1387 4479 1456 4529 nos
1476 4453 1515 4528 e't
1538 4449 1823 4558 predecessores

393 4591 512 4669 nostri
532 4589 798 4668 consuevimus
813 4587 961 4664 ibidem
981 4588 1131 4686 habere.

380 4735 384 4744 '
451 4722 607 4801 Sabbati
626 4737 714 4828 post
733 4718 1003 4799 Reminiscere.

452 4985 580 5064 XXXI.
611 4985 711 5066 Cum
730 4985 976 5094 inquisitores
995 5013 1117 5092 nuper
1136 5011 1156 5061 a
1174 4983 1286 5061 nobis
1302 4981 1342 5059 in
1362 4979 1577 5061 senescallia
1596 4969 1825 5060 ΒοΗί-(ἶαᾶπί

397 5118 583 5226 deputati,
602 5121 914 5226 Rostangnumet
927 5119 1097 5206 Petrum,
1116 5116 1236 5194 dictos
1256 5116 1304 5194 de
1326 5114 1497 5208 Bitonis,
1519 5113 1667 5206 iratres,
1686 5112 1826 5192 liberos

485 5296 538 5338 LES
559 5297 643 5338 otus.
669 5297 714 5339 111.
1640 5291 1679 5331 20
