<?xml version="1.0" encoding="UTF-8"?>
<!DOCTYPE html PUBLIC "-//W3C//DTD XHTML 1.0 Transitional//EN"
    "http://www.w3.org/TR/xhtml1/DTD/xhtml1-transitional.dtd">
<html xmlns="http://www.w3.org/1999/xhtml" xml:lang="en" lang="en">
 <head>
  <title>
</title>
<meta http-equiv="Content-Type" content="text/html;charset=utf-8" />
  <meta name='ocr-system' content='tesseract 3.04.00' />
  <meta name='ocr-capabilities' content='ocr_page ocr_carea ocr_par ocr_line ocrx_word'/>
</head>
<body>
  <div class='ocr_page' id='page_1' title='image "./lesolimouregist00parigoog_0211.png"; bbox 0 0 4450 6209; ppageno 0'>
   <div class='ocr_carea' id='block_1_1' title="bbox 519 679 1362 759">
    <p class='ocr_par' dir='ltr' id='par_1_1' title="bbox 519 679 1362 759">
     <span class='ocr_line' id='line_1_1' title="bbox 519 679 1362 759; baseline 0.008 -9"><span class='ocrx_word' id='word_1_1' title='bbox 519 679 590 750; x_wconf 79' lang='lat'>112</span> <span class='ocrx_word' id='word_1_2' title='bbox 1102 686 1193 759; x_wconf 86' lang='lat' dir='ltr'>LES</span> <span class='ocrx_word' id='word_1_3' title='bbox 1224 684 1362 759; x_wconf 89' lang='lat' dir='ltr'><strong>OLIM.</strong></span> 
     </span>
    </p>
   </div>
   <div class='ocr_carea' id='block_1_2' title="bbox 288 820 1941 934">
    <p class='ocr_par' dir='ltr' id='par_1_2' title="bbox 288 820 1941 934">
     <span class='ocr_line' id='line_1_2' title="bbox 288 820 1941 934; baseline 0.01 -43"><span class='ocrx_word' id='word_1_4' title='bbox 288 825 476 887; x_wconf 72' lang='lat' dir='ltr'>Pmrnretv,</span> <span class='ocrx_word' id='word_1_5' title='bbox 514 820 706 900; x_wconf 88' lang='lat' dir='ltr'>territorio</span> <span class='ocrx_word' id='word_1_6' title='bbox 731 822 848 902; x_wconf 88' lang='lat' dir='ltr'>banni</span> <span class='ocrx_word' id='word_1_7' title='bbox 868 825 943 915; x_wconf 90' lang='lat' dir='ltr'>sui,</span> <span class='ocrx_word' id='word_1_8' title='bbox 963 825 1002 903; x_wconf 90' lang='lat' dir='ltr'>in</span> <span class='ocrx_word' id='word_1_9' title='bbox 1022 855 1119 934; x_wconf 89' lang='lat' dir='ltr'>quo,</span> <span class='ocrx_word' id='word_1_10' title='bbox 1140 845 1185 906; x_wconf 91' lang='lat' dir='ltr'>ut</span> <span class='ocrx_word' id='word_1_11' title='bbox 1205 825 1412 917; x_wconf 83' lang='lat' dir='ltr'>dicebatur,</span> <span class='ocrx_word' id='word_1_12' title='bbox 1435 825 1505 904; x_wconf 90' lang='lat' dir='ltr'>sita</span> <span class='ocrx_word' id='word_1_13' title='bbox 1524 839 1582 904; x_wconf 89' lang='lat' dir='ltr'>est</span> <span class='ocrx_word' id='word_1_14' title='bbox 1603 823 1741 904; x_wconf 88' lang='lat' dir='ltr'>domus</span> <span class='ocrx_word' id='word_1_15' title='bbox 1762 825 1941 907; x_wconf 86' lang='lat' dir='ltr'>Constan-</span> 
     </span>
    </p>
   </div>
   <div class='ocr_carea' id='block_1_3' title="bbox 350 917 413 960">
    <p class='ocr_par' dir='ltr' id='par_1_3' title="bbox 350 917 413 960">
     <span class='ocr_line' id='line_1_3' title="bbox 350 917 413 960; baseline 0.032 -2"><span class='ocrx_word' id='word_1_16' title='bbox 350 917 413 960; x_wconf 69' lang='grc'>1101.</span> 
     </span>
    </p>
   </div>
   <div class='ocr_carea' id='block_1_4' title="bbox 514 953 1975 2257">
    <p class='ocr_par' dir='ltr' id='par_1_4' title="bbox 514 953 1975 2257">
     <span class='ocr_line' id='line_1_4' title="bbox 516 953 1940 1068; baseline 0.008 -40"><span class='ocrx_word' id='word_1_17' title='bbox 516 953 582 1045; x_wconf 89' lang='lat' dir='ltr'>cii,</span> <span class='ocrx_word' id='word_1_18' title='bbox 600 956 754 1066; x_wconf 85' lang='lat' dir='ltr'>majoris</span> <span class='ocrx_word' id='word_1_19' title='bbox 771 958 889 1065; x_wconf 90' lang='lat' dir='ltr'>ipsius</span> <span class='ocrx_word' id='word_1_20' title='bbox 905 959 1105 1067; x_wconf 81' lang='lat' dir='ltr'>prepositi,</span> <span class='ocrx_word' id='word_1_21' title='bbox 1122 959 1162 1038; x_wconf 92' lang='lat' dir='ltr'>in</span> <span class='ocrx_word' id='word_1_22' title='bbox 1182 989 1257 1068; x_wconf 89' lang='lat' dir='ltr'>qna</span> <span class='ocrx_word' id='word_1_23' title='bbox 1275 957 1440 1038; x_wconf 89' lang='lat' dir='ltr'>babebat</span> <span class='ocrx_word' id='word_1_24' title='bbox 1462 958 1565 1036; x_wconf 91' lang='lat' dir='ltr'>idem</span> <span class='ocrx_word' id='word_1_25' title='bbox 1585 959 1800 1066; x_wconf 79' lang='lat' dir='ltr'>prepositus</span> <span class='ocrx_word' id='word_1_26' title='bbox 1821 989 1940 1040; x_wconf 88' lang='lat' dir='ltr'>unum</span> 
     </span>
     <span class='ocr_line' id='line_1_5' title="bbox 517 1090 1942 1201; baseline 0.006 -38"><span class='ocrx_word' id='word_1_27' title='bbox 517 1091 741 1195; x_wconf 82' lang='lat' dir='ltr'>compedem</span> <span class='ocrx_word' id='word_1_28' title='bbox 761 1120 830 1198; x_wconf 93' lang='lat' dir='ltr'>pro</span> <span class='ocrx_word' id='word_1_29' title='bbox 852 1091 951 1170; x_wconf 90' lang='lat' dir='ltr'>dicte</span> <span class='ocrx_word' id='word_1_30' title='bbox 967 1093 1119 1201; x_wconf 87' lang='lat' dir='ltr'>justicie</span> <span class='ocrx_word' id='word_1_31' title='bbox 1141 1093 1322 1172; x_wconf 83' lang='lat' dir='ltr'>exercicio</span> <span class='ocrx_word' id='word_1_32' title='bbox 1342 1091 1534 1181; x_wconf 80' lang='lat' dir='ltr'>iaciendo,</span> <span class='ocrx_word' id='word_1_33' title='bbox 1557 1118 1673 1197; x_wconf 91' lang='lat' dir='ltr'>quem</span> <span class='ocrx_word' id='word_1_34' title='bbox 1693 1090 1816 1170; x_wconf 89' lang='lat' dir='ltr'>dictus</span> <span class='ocrx_word' id='word_1_35' title='bbox 1835 1092 1942 1172; x_wconf 91' lang='lat' dir='ltr'>miles</span> 
     </span>
     <span class='ocr_line' id='line_1_6' title="bbox 515 1218 1942 1332; baseline 0.006 -37"><span class='ocrx_word' id='word_1_36' title='bbox 515 1218 699 1298; x_wconf 89' lang='lat' dir='ltr'>violenter</span> <span class='ocrx_word' id='word_1_37' title='bbox 726 1222 888 1332; x_wconf 82' lang='lat' dir='ltr'>fregerat</span> <span class='ocrx_word' id='word_1_38' title='bbox 915 1241 952 1301; x_wconf 89' lang='lat' dir='ltr'>et</span> <span class='ocrx_word' id='word_1_39' title='bbox 979 1243 1175 1332; x_wconf 83' lang='lat' dir='ltr'>acceperat</span> <span class='ocrx_word' id='word_1_40' title='bbox 1204 1225 1243 1302; x_wconf 93' lang='lat' dir='ltr'>in</span> <span class='ocrx_word' id='word_1_41' title='bbox 1272 1225 1387 1302; x_wconf 89' lang='lat' dir='ltr'>domo</span> <span class='ocrx_word' id='word_1_42' title='bbox 1418 1223 1601 1330; x_wconf 87' lang='lat' dir='ltr'>predicta,</span> <span class='ocrx_word' id='word_1_43' title='bbox 1627 1221 1875 1330; x_wconf 89' lang='lat' dir='ltr'>impediendo</span> <span class='ocrx_word' id='word_1_44' title='bbox 1906 1243 1942 1304; x_wconf 91' lang='lat' dir='ltr'>et</span> 
     </span>
     <span class='ocr_line' id='line_1_7' title="bbox 515 1353 1941 1466; baseline 0.005 -38"><span class='ocrx_word' id='word_1_45' title='bbox 515 1353 775 1457; x_wconf 81' lang='lat' dir='ltr'>perturbando</span> <span class='ocrx_word' id='word_1_46' title='bbox 795 1354 963 1432; x_wconf 90' lang='lat' dir='ltr'>indebite</span> <span class='ocrx_word' id='word_1_47' title='bbox 984 1372 1022 1432; x_wconf 91' lang='lat' dir='ltr'>et</span> <span class='ocrx_word' id='word_1_48' title='bbox 1042 1356 1089 1434; x_wconf 94' lang='lat' dir='ltr'>de</span> <span class='ocrx_word' id='word_1_49' title='bbox 1110 1385 1208 1436; x_wconf 92' lang='lat' dir='ltr'>novo</span> <span class='ocrx_word' id='word_1_50' title='bbox 1228 1355 1393 1434; x_wconf 90' lang='lat' dir='ltr'>eundem</span> <span class='ocrx_word' id='word_1_51' title='bbox 1413 1354 1646 1462; x_wconf 88' lang='lat' dir='ltr'>prepositum</span> <span class='ocrx_word' id='word_1_52' title='bbox 1668 1381 1782 1463; x_wconf 90' lang='lat' dir='ltr'>super</span> <span class='ocrx_word' id='word_1_53' title='bbox 1800 1384 1941 1466; x_wconf 89' lang='lat' dir='ltr'>posses-</span> 
     </span>
     <span class='ocr_line' id='line_1_8' title="bbox 515 1477 1975 1596; baseline 0.001 -38"><span class='ocrx_word' id='word_1_54' title='bbox 515 1480 620 1561; x_wconf 91' lang='lat' dir='ltr'>sione</span> <span class='ocrx_word' id='word_1_55' title='bbox 639 1486 826 1593; x_wconf 88' lang='lat' dir='ltr'>predicta,</span> <span class='ocrx_word' id='word_1_56' title='bbox 850 1517 965 1594; x_wconf 92' lang='lat' dir='ltr'>quare</span> <span class='ocrx_word' id='word_1_57' title='bbox 990 1488 1143 1595; x_wconf 89' lang='lat' dir='ltr'>petebat</span> <span class='ocrx_word' id='word_1_58' title='bbox 1163 1490 1265 1567; x_wconf 89' lang='lat' dir='ltr'>idem</span> <span class='ocrx_word' id='word_1_59' title='bbox 1291 1487 1505 1596; x_wconf 88' lang='lat' dir='ltr'>prepositus</span> <span class='ocrx_word' id='word_1_60' title='bbox 1524 1487 1630 1594; x_wconf 93' lang='lat' dir='ltr'>quod</span> <span class='ocrx_word' id='word_1_61' title='bbox 1649 1515 1782 1566; x_wconf 87' lang='lat' dir='ltr'>manus</span> <span class='ocrx_word' id='word_1_62' title='bbox 1799 1506 1938 1582; x_wconf 85' lang='lat' dir='ltr'>nostra,</span> <span class='ocrx_word' id='word_1_63' title='bbox 1965 1477 1975 1560; x_wconf 55' lang='lat'>¹.</span> 
     </span>
     <span class='ocr_line' id='line_1_9' title="bbox 514 1615 1938 1728; baseline 0.005 -37"><span class='ocrx_word' id='word_1_64' title='bbox 514 1615 554 1692; x_wconf 92' lang='lat' dir='ltr'>in</span> <span class='ocrx_word' id='word_1_65' title='bbox 575 1615 676 1696; x_wconf 90' lang='lat' dir='ltr'>dicto</span> <span class='ocrx_word' id='word_1_66' title='bbox 697 1619 882 1725; x_wconf 90' lang='lat' dir='ltr'>compede</span> <span class='ocrx_word' id='word_1_67' title='bbox 903 1620 1088 1726; x_wconf 88' lang='lat' dir='ltr'>apposita,</span> <span class='ocrx_word' id='word_1_68' title='bbox 1108 1639 1263 1728; x_wconf 89' lang='lat' dir='ltr'>propter</span> <span class='ocrx_word' id='word_1_69' title='bbox 1283 1620 1463 1698; x_wconf 90' lang='lat' dir='ltr'>debatum</span> <span class='ocrx_word' id='word_1_70' title='bbox 1483 1620 1653 1726; x_wconf 87' lang='lat' dir='ltr'>parcium</span> <span class='ocrx_word' id='word_1_71' title='bbox 1667 1619 1938 1727; x_wconf 86' lang='lat' dir='ltr'>predictarum,</span> 
     </span>
     <span class='ocr_line' id='line_1_10' title="bbox 515 1749 1941 1860; baseline 0.004 -36"><span class='ocrx_word' id='word_1_72' title='bbox 515 1749 606 1827; x_wconf 90' lang='lat' dir='ltr'>inde</span> <span class='ocrx_word' id='word_1_73' title='bbox 627 1770 876 1840; x_wconf 87' lang='lat' dir='ltr'>amoveretur,</span> <span class='ocrx_word' id='word_1_74' title='bbox 899 1771 937 1829; x_wconf 88' lang='lat' dir='ltr'>et</span> <span class='ocrx_word' id='word_1_75' title='bbox 956 1752 1062 1859; x_wconf 91' lang='lat' dir='ltr'>quod</span> <span class='ocrx_word' id='word_1_76' title='bbox 1082 1754 1204 1832; x_wconf 89' lang='lat' dir='ltr'>dictus</span> <span class='ocrx_word' id='word_1_77' title='bbox 1225 1781 1377 1860; x_wconf 89' lang='lat' dir='ltr'>compes</span> <span class='ocrx_word' id='word_1_78' title='bbox 1397 1753 1438 1830; x_wconf 92' lang='lat' dir='ltr'>in</span> <span class='ocrx_word' id='word_1_79' title='bbox 1459 1752 1575 1830; x_wconf 94' lang='lat' dir='ltr'>domo</span> <span class='ocrx_word' id='word_1_80' title='bbox 1598 1750 1765 1858; x_wconf 90' lang='lat' dir='ltr'>predicta</span> <span class='ocrx_word' id='word_1_81' title='bbox 1784 1781 1941 1859; x_wconf 90' lang='lat' dir='ltr'>repone-</span> 
     </span>
     <span class='ocr_line' id='line_1_11' title="bbox 516 1859 1941 1993; baseline 0.001 -35"><span class='ocrx_word' id='word_1_82' title='bbox 516 1859 621 1959; x_wconf 83' lang='lat' dir='ltr'>retur</span> <span class='ocrx_word' id='word_1_83' title='bbox 643 1883 691 1960; x_wconf 85' lang='lat' dir='ltr'>ad</span> <span class='ocrx_word' id='word_1_84' title='bbox 711 1884 935 1961; x_wconf 82' lang='lat' dir='ltr'>exercicium</span> <span class='ocrx_word' id='word_1_85' title='bbox 957 1885 1056 1961; x_wconf 88' lang='lat' dir='ltr'>dicte</span> <span class='ocrx_word' id='word_1_86' title='bbox 1077 1885 1230 1993; x_wconf 89' lang='lat' dir='ltr'>justicie</span> <span class='ocrx_word' id='word_1_87' title='bbox 1251 1914 1317 1962; x_wconf 89' lang='lat' dir='ltr'>sue</span> <span class='ocrx_word' id='word_1_88' title='bbox 1347 1885 1579 1972; x_wconf 89' lang='lat' dir='ltr'>laciendum,</span> <span class='ocrx_word' id='word_1_89' title='bbox 1601 1899 1640 1960; x_wconf 90' lang='lat' dir='ltr'>et</span> <span class='ocrx_word' id='word_1_90' title='bbox 1658 1883 1762 1990; x_wconf 86' lang='lat' dir='ltr'>quod</span> <span class='ocrx_word' id='word_1_91' title='bbox 1782 1883 1941 1992; x_wconf 93' lang='lat' dir='ltr'>impedi·</span> 
     </span>
     <span class='ocr_line' id='line_1_12' title="bbox 516 2015 1940 2130; baseline 0.004 -42"><span class='ocrx_word' id='word_1_92' title='bbox 516 2031 688 2092; x_wconf 89' lang='lat' dir='ltr'>mentum</span> <span class='ocrx_word' id='word_1_93' title='bbox 707 2017 782 2092; x_wconf 89' lang='lat' dir='ltr'>sive</span> <span class='ocrx_word' id='word_1_94' title='bbox 800 2015 972 2093; x_wconf 85' lang='lat' dir='ltr'>turbacio</span> <span class='ocrx_word' id='word_1_95' title='bbox 994 2046 1064 2125; x_wconf 92' lang='lat' dir='ltr'>per</span> <span class='ocrx_word' id='word_1_96' title='bbox 1089 2017 1235 2094; x_wconf 91' lang='lat' dir='ltr'>dictum</span> <span class='ocrx_word' id='word_1_97' title='bbox 1259 2015 1420 2094; x_wconf 88' lang='lat' dir='ltr'>militem</span> <span class='ocrx_word' id='word_1_98' title='bbox 1438 2042 1550 2123; x_wconf 87' lang='lat' dir='ltr'>super</span> <span class='ocrx_word' id='word_1_99' title='bbox 1568 2016 1642 2130; x_wconf 89' lang='lat' dir='ltr'>boc</span> <span class='ocrx_word' id='word_1_100' title='bbox 1657 2016 1825 2123; x_wconf 86' lang='lat' dir='ltr'>apposita</span> <span class='ocrx_word' id='word_1_101' title='bbox 1840 2043 1940 2094; x_wconf 89' lang='lat' dir='ltr'>amo-</span> 
     </span>
     <span class='ocr_line' id='line_1_13' title="bbox 518 2146 1939 2257; baseline 0.001 -35"><span class='ocrx_word' id='word_1_102' title='bbox 518 2165 704 2236; x_wconf 89' lang='lat' dir='ltr'>verentur,</span> <span class='ocrx_word' id='word_1_103' title='bbox 726 2177 874 2226; x_wconf 87' lang='lat' dir='ltr'>necnon</span> <span class='ocrx_word' id='word_1_104' title='bbox 894 2148 1001 2257; x_wconf 90' lang='lat' dir='ltr'>quod</span> <span class='ocrx_word' id='word_1_105' title='bbox 1020 2149 1158 2257; x_wconf 91' lang='lat' dir='ltr'>injurie</span> <span class='ocrx_word' id='word_1_106' title='bbox 1180 2167 1218 2226; x_wconf 89' lang='lat' dir='ltr'>et</span> <span class='ocrx_word' id='word_1_107' title='bbox 1240 2147 1424 2226; x_wconf 89' lang='lat' dir='ltr'>violencie</span> <span class='ocrx_word' id='word_1_108' title='bbox 1449 2177 1470 2224; x_wconf 88' lang='grc'>1</span> <span class='ocrx_word' id='word_1_109' title='bbox 1488 2148 1590 2226; x_wconf 87' lang='lat' dir='ltr'>dicto</span> <span class='ocrx_word' id='word_1_110' title='bbox 1613 2147 1734 2226; x_wconf 85' lang='lat' dir='ltr'>milite</span> <span class='ocrx_word' id='word_1_111' title='bbox 1757 2146 1829 2225; x_wconf 90' lang='lat' dir='ltr'>sibi</span> <span class='ocrx_word' id='word_1_112' title='bbox 1849 2146 1939 2224; x_wconf 85' lang='lat' dir='ltr'>facte</span> 
     </span>
    </p>
   </div>
   <div class='ocr_carea' id='block_1_5' title="bbox 477 2280 2115 3046">
    <p class='ocr_par' dir='ltr' id='par_1_5' title="bbox 514 2280 1940 2782">
     <span class='ocr_line' id='line_1_14' title="bbox 519 2280 1940 2387; baseline 0.003 -31"><span class='ocrx_word' id='word_1_113' title='bbox 519 2308 634 2387; x_wconf 88' lang='lat' dir='ltr'>super</span> <span class='ocrx_word' id='word_1_114' title='bbox 652 2281 725 2358; x_wconf 92' lang='lat' dir='ltr'>boc</span> <span class='ocrx_word' id='word_1_115' title='bbox 740 2281 1035 2359; x_wconf 85' lang='lat' dir='ltr'>emendarentur</span> <span class='ocrx_word' id='word_1_116' title='bbox 1050 2281 1194 2369; x_wconf 71' lang='lat' dir='ltr'>eidem,</span> <span class='ocrx_word' id='word_1_117' title='bbox 1211 2280 1335 2358; x_wconf 91' lang='lat' dir='ltr'>dictus</span> <span class='ocrx_word' id='word_1_118' title='bbox 1349 2309 1437 2358; x_wconf 94' lang='lat' dir='ltr'>vero</span> <span class='ocrx_word' id='word_1_119' title='bbox 1453 2280 1564 2360; x_wconf 90' lang='lat' dir='ltr'>miles</span> <span class='ocrx_word' id='word_1_120' title='bbox 1580 2281 1621 2356; x_wconf 91' lang='lat' dir='ltr'>in</span> <span class='ocrx_word' id='word_1_121' title='bbox 1638 2280 1869 2360; x_wconf 86' lang='lat' dir='ltr'>contrarium</span> <span class='ocrx_word' id='word_1_122' title='bbox 1888 2280 1940 2362; x_wconf 90' lang='lat' dir='ltr'>di·</span> 
     </span>
     <span class='ocr_line' id='line_1_15' title="bbox 516 2411 1939 2520; baseline 0 -32"><span class='ocrx_word' id='word_1_123' title='bbox 516 2411 625 2490; x_wconf 91' lang='lat' dir='ltr'>cebat</span> <span class='ocrx_word' id='word_1_124' title='bbox 651 2429 688 2489; x_wconf 89' lang='lat' dir='ltr'>et</span> <span class='ocrx_word' id='word_1_125' title='bbox 713 2412 949 2520; x_wconf 87' lang='lat' dir='ltr'>proponebat</span> <span class='ocrx_word' id='word_1_126' title='bbox 973 2415 1079 2520; x_wconf 88' lang='lat' dir='ltr'>quod</span> <span class='ocrx_word' id='word_1_127' title='bbox 1103 2413 1184 2519; x_wconf 91' lang='lat' dir='ltr'>ipse</span> <span class='ocrx_word' id='word_1_128' title='bbox 1205 2411 1369 2490; x_wconf 87' lang='lat' dir='ltr'>habebat</span> <span class='ocrx_word' id='word_1_129' title='bbox 1388 2440 1542 2490; x_wconf 92' lang='lat' dir='ltr'>omnem</span> <span class='ocrx_word' id='word_1_130' title='bbox 1568 2411 1679 2490; x_wconf 89' lang='lat' dir='ltr'>altam</span> <span class='ocrx_word' id='word_1_131' title='bbox 1695 2412 1887 2520; x_wconf 85' lang='lat' dir='ltr'>justiciam</span> <span class='ocrx_word' id='word_1_132' title='bbox 1906 2413 1939 2488; x_wconf 92' lang='lat' dir='ltr'>in</span> 
     </span>
     <span class='ocr_line' id='line_1_16' title="bbox 514 2543 1940 2650; baseline 0 -30"><span class='ocrx_word' id='word_1_133' title='bbox 514 2561 595 2622; x_wconf 89' lang='lat' dir='ltr'>tota</span> <span class='ocrx_word' id='word_1_134' title='bbox 617 2543 704 2620; x_wconf 89' lang='lat' dir='ltr'>villa</span> <span class='ocrx_word' id='word_1_135' title='bbox 722 2545 906 2650; x_wconf 89' lang='lat' dir='ltr'>predicta,</span> <span class='ocrx_word' id='word_1_136' title='bbox 929 2563 967 2622; x_wconf 89' lang='lat' dir='ltr'>et</span> <span class='ocrx_word' id='word_1_137' title='bbox 986 2545 1198 2650; x_wconf 89' lang='lat' dir='ltr'>specialiter</span> <span class='ocrx_word' id='word_1_138' title='bbox 1221 2545 1261 2618; x_wconf 89' lang='lat' dir='ltr'>in</span> <span class='ocrx_word' id='word_1_139' title='bbox 1289 2561 1388 2621; x_wconf 85' lang='lat' dir='ltr'>terre</span> <span class='ocrx_word' id='word_1_140' title='bbox 1417 2572 1492 2650; x_wconf 91' lang='lat' dir='ltr'>que</span> <span class='ocrx_word' id='word_1_141' title='bbox 1513 2571 1533 2622; x_wconf 92' lang='lat' dir='ltr'>a</span> <span class='ocrx_word' id='word_1_142' title='bbox 1553 2543 1654 2622; x_wconf 89' lang='lat' dir='ltr'>dicto</span> <span class='ocrx_word' id='word_1_143' title='bbox 1675 2543 1869 2650; x_wconf 85' lang='lat' dir='ltr'>preposito</span> <span class='ocrx_word' id='word_1_144' title='bbox 1888 2561 1940 2624; x_wconf 87' lang='lat' dir='ltr'>te·</span> 
     </span>
     <span class='ocr_line' id='line_1_17' title="bbox 516 2674 1938 2782; baseline 0.001 -31"><span class='ocrx_word' id='word_1_145' title='bbox 516 2690 629 2752; x_wconf 87' lang='lat' dir='ltr'>netur</span> <span class='ocrx_word' id='word_1_146' title='bbox 647 2674 808 2765; x_wconf 89' lang='lat' dir='ltr'>ibidem,</span> <span class='ocrx_word' id='word_1_147' title='bbox 831 2705 947 2782; x_wconf 92' lang='lat' dir='ltr'>quare</span> <span class='ocrx_word' id='word_1_148' title='bbox 967 2678 1121 2782; x_wconf 88' lang='lat' dir='ltr'>petebat</span> <span class='ocrx_word' id='word_1_149' title='bbox 1144 2677 1250 2782; x_wconf 91' lang='lat' dir='ltr'>quod</span> <span class='ocrx_word' id='word_1_150' title='bbox 1273 2676 1352 2782; x_wconf 89' lang='lat' dir='ltr'>ipse</span> <span class='ocrx_word' id='word_1_151' title='bbox 1377 2675 1622 2764; x_wconf 89' lang='lat' dir='ltr'>resaisiretur,</span> <span class='ocrx_word' id='word_1_152' title='bbox 1646 2675 1693 2751; x_wconf 92' lang='lat' dir='ltr'>de</span> <span class='ocrx_word' id='word_1_153' title='bbox 1719 2674 1821 2752; x_wconf 92' lang='lat' dir='ltr'>dicto</span> <span class='ocrx_word' id='word_1_154' title='bbox 1841 2703 1938 2752; x_wconf 88' lang='lat' dir='ltr'>com·</span> 
     </span>
    </p>

    <p class='ocr_par' dir='ltr' id='par_1_6' title="bbox 477 2806 2115 3046">
     <span class='ocr_line' id='line_1_18' title="bbox 515 2806 1939 2914; baseline -0.001 -30"><span class='ocrx_word' id='word_1_155' title='bbox 515 2806 633 2913; x_wconf 91' lang='lat' dir='ltr'>pede,</span> <span class='ocrx_word' id='word_1_156' title='bbox 655 2808 695 2883; x_wconf 93' lang='lat' dir='ltr'>in</span> <span class='ocrx_word' id='word_1_157' title='bbox 715 2837 793 2912; x_wconf 93' lang='lat' dir='ltr'>quo</span> <span class='ocrx_word' id='word_1_158' title='bbox 813 2809 949 2884; x_wconf 86' lang='lat' dir='ltr'>manus</span> <span class='ocrx_word' id='word_1_159' title='bbox 966 2825 1093 2886; x_wconf 86' lang='lat' dir='ltr'>nostra</span> <span class='ocrx_word' id='word_1_160' title='bbox 1110 2825 1190 2884; x_wconf 85' lang='grc'>1111</span> <span class='ocrx_word' id='word_1_161' title='bbox 1208 2808 1374 2914; x_wconf 89' lang='lat' dir='ltr'>apposita</span> <span class='ocrx_word' id='word_1_162' title='bbox 1390 2837 1434 2884; x_wconf 85' lang='lat' dir='ltr'>ex</span> <span class='ocrx_word' id='word_1_163' title='bbox 1453 2835 1559 2886; x_wconf 82' lang='lat' dir='ltr'>causa</span> <span class='ocrx_word' id='word_1_164' title='bbox 1575 2806 1764 2911; x_wconf 82' lang='lat' dir='ltr'>predicta,</span> <span class='ocrx_word' id='word_1_165' title='bbox 1784 2824 1823 2884; x_wconf 88' lang='lat' dir='ltr'>et</span> <span class='ocrx_word' id='word_1_166' title='bbox 1839 2806 1939 2914; x_wconf 90' lang='lat' dir='ltr'>quod</span> 
     </span>
     <span class='ocr_line' id='line_1_19' title="bbox 477 2917 2115 3046; baseline 0 -32"><span class='ocrx_word' id='word_1_167' title='bbox 477 2919 484 2928; x_wconf 48' lang='grc'>’</span> <span class='ocrx_word' id='word_1_168' title='bbox 516 2939 832 3044; x_wconf 88' lang='lat' dir='ltr'>pronunciaretur</span> <span class='ocrx_word' id='word_1_169' title='bbox 856 2940 962 3045; x_wconf 88' lang='lat' dir='ltr'>quod</span> <span class='ocrx_word' id='word_1_170' title='bbox 986 2940 1067 3046; x_wconf 86' lang='lat' dir='ltr'>ipse</span> <span class='ocrx_word' id='word_1_171' title='bbox 1093 2937 1213 3015; x_wconf 91' lang='lat' dir='ltr'>nichil</span> <span class='ocrx_word' id='word_1_172' title='bbox 1232 2937 1462 3016; x_wconf 81' lang='lat' dir='ltr'>forisfecerat</span> <span class='ocrx_word' id='word_1_173' title='bbox 1485 2937 1693 3046; x_wconf 87' lang='lat' dir='ltr'>frangendo</span> <span class='ocrx_word' id='word_1_174' title='bbox 1721 2939 1940 3044; x_wconf 85' lang='lat' dir='ltr'>compedem</span> <span class='ocrx_word' id='word_1_175' title='bbox 1984 2953 1987 2957; x_wconf 82' lang='lat'>&#39;</span> <span class='ocrx_word' id='word_1_176' title='bbox 2114 2917 2115 2954; x_wconf 59' lang='lat'><em>³</em></span> 
     </span>
    </p>
   </div>
   <div class='ocr_carea' id='block_1_6' title="bbox 511 3068 1941 4765">
    <p class='ocr_par' dir='ltr' id='par_1_7' title="bbox 511 3068 1941 4206">
     <span class='ocr_line' id='line_1_20' title="bbox 517 3068 1941 3178; baseline -0.001 -32"><span class='ocrx_word' id='word_1_177' title='bbox 517 3069 732 3176; x_wconf 90' lang='lat' dir='ltr'>predictum</span> <span class='ocrx_word' id='word_1_178' title='bbox 750 3100 759 3144; x_wconf 78' lang='grc' dir='ltr'><strong><em>ε</em></strong></span> <span class='ocrx_word' id='word_1_179' title='bbox 781 3070 878 3146; x_wconf 89' lang='lat' dir='ltr'>Hinc</span> <span class='ocrx_word' id='word_1_180' title='bbox 896 3087 952 3146; x_wconf 86' lang='lat' dir='ltr'>est</span> <span class='ocrx_word' id='word_1_181' title='bbox 969 3068 1092 3177; x_wconf 90' lang='lat' dir='ltr'>quod,</span> <span class='ocrx_word' id='word_1_182' title='bbox 1109 3069 1249 3146; x_wconf 91' lang='lat' dir='ltr'>auditis</span> <span class='ocrx_word' id='word_1_183' title='bbox 1264 3069 1352 3175; x_wconf 86' lang='lat' dir='ltr'>binc</span> <span class='ocrx_word' id='word_1_184' title='bbox 1371 3070 1458 3150; x_wconf 89' lang='lat' dir='ltr'>inde</span> <span class='ocrx_word' id='word_1_185' title='bbox 1482 3069 1699 3178; x_wconf 87' lang='lat' dir='ltr'>propositis,</span> <span class='ocrx_word' id='word_1_186' title='bbox 1717 3071 1868 3177; x_wconf 88' lang='lat' dir='ltr'>visaque</span> <span class='ocrx_word' id='word_1_187' title='bbox 1888 3071 1941 3174; x_wconf 85' lang='lat' dir='ltr'>in·</span> 
     </span>
     <span class='ocr_line' id='line_1_21' title="bbox 517 3199 1939 3310; baseline 0.001 -32"><span class='ocrx_word' id='word_1_188' title='bbox 517 3218 650 3308; x_wconf 89' lang='lat' dir='ltr'>questa</span> <span class='ocrx_word' id='word_1_189' title='bbox 678 3231 791 3310; x_wconf 87' lang='lat' dir='ltr'>super</span> <span class='ocrx_word' id='word_1_190' title='bbox 818 3202 892 3279; x_wconf 88' lang='lat' dir='ltr'>hiis</span> <span class='ocrx_word' id='word_1_191' title='bbox 916 3202 964 3279; x_wconf 93' lang='lat' dir='ltr'>de</span> <span class='ocrx_word' id='word_1_192' title='bbox 994 3201 1171 3279; x_wconf 87' lang='lat' dir='ltr'>mandato</span> <span class='ocrx_word' id='word_1_193' title='bbox 1197 3217 1326 3279; x_wconf 88' lang='lat' dir='ltr'>nostro</span> <span class='ocrx_word' id='word_1_194' title='bbox 1354 3199 1464 3294; x_wconf 87' lang='lat' dir='ltr'>facta,</span> <span class='ocrx_word' id='word_1_195' title='bbox 1487 3231 1555 3308; x_wconf 91' lang='lat' dir='ltr'>per</span> <span class='ocrx_word' id='word_1_196' title='bbox 1574 3201 1677 3279; x_wconf 91' lang='lat' dir='ltr'>curie</span> <span class='ocrx_word' id='word_1_197' title='bbox 1697 3218 1826 3280; x_wconf 86' lang='lat' dir='ltr'>nostre</span> <span class='ocrx_word' id='word_1_198' title='bbox 1842 3202 1939 3310; x_wconf 90' lang='lat' dir='ltr'>judi-</span> 
     </span>
     <span class='ocr_line' id='line_1_22' title="bbox 516 3333 1939 3441; baseline 0 -29"><span class='ocrx_word' id='word_1_199' title='bbox 516 3335 636 3424; x_wconf 90' lang='lat' dir='ltr'>cium,</span> <span class='ocrx_word' id='word_1_200' title='bbox 669 3335 812 3412; x_wconf 90' lang='lat' dir='ltr'>dictum</span> <span class='ocrx_word' id='word_1_201' title='bbox 843 3333 917 3412; x_wconf 87' lang='lat' dir='ltr'>luit</span> <span class='ocrx_word' id='word_1_202' title='bbox 947 3353 986 3413; x_wconf 89' lang='lat' dir='ltr'>et</span> <span class='ocrx_word' id='word_1_203' title='bbox 1012 3334 1306 3441; x_wconf 82' lang='lat' dir='ltr'>pronunciatum</span> <span class='ocrx_word' id='word_1_204' title='bbox 1321 3335 1436 3441; x_wconf 62' lang='lat' dir='ltr'>¹quod</span> <span class='ocrx_word' id='word_1_205' title='bbox 1465 3362 1600 3412; x_wconf 86' lang='lat' dir='ltr'>manus</span> <span class='ocrx_word' id='word_1_206' title='bbox 1626 3351 1770 3426; x_wconf 86' lang='lat' dir='ltr'>nostra,</span> <span class='ocrx_word' id='word_1_207' title='bbox 1795 3335 1939 3414; x_wconf 85' lang='lat' dir='ltr'>racione</span> 
     </span>
     <span class='ocr_line' id='line_1_23' title="bbox 515 3466 1939 3577; baseline -0.001 -32"><span class='ocrx_word' id='word_1_208' title='bbox 515 3469 700 3577; x_wconf 88' lang='lat' dir='ltr'>predicta,</span> <span class='ocrx_word' id='word_1_209' title='bbox 718 3469 758 3544; x_wconf 89' lang='lat' dir='ltr'>in</span> <span class='ocrx_word' id='word_1_210' title='bbox 781 3467 882 3546; x_wconf 91' lang='lat' dir='ltr'>dicto</span> <span class='ocrx_word' id='word_1_211' title='bbox 901 3469 1086 3574; x_wconf 86' lang='lat' dir='ltr'>compede</span> <span class='ocrx_word' id='word_1_212' title='bbox 1102 3466 1287 3573; x_wconf 88' lang='lat' dir='ltr'>apposita,</span> <span class='ocrx_word' id='word_1_213' title='bbox 1306 3466 1396 3544; x_wconf 93' lang='lat' dir='ltr'>inde</span> <span class='ocrx_word' id='word_1_214' title='bbox 1415 3467 1661 3558; x_wconf 87' lang='lat' dir='ltr'>amovebitur,</span> <span class='ocrx_word' id='word_1_215' title='bbox 1679 3484 1718 3545; x_wconf 89' lang='grc'>11</span> <span class='ocrx_word' id='word_1_216' title='bbox 1736 3469 1859 3574; x_wconf 81' lang='lat' dir='ltr'>quod,</span> <span class='ocrx_word' id='word_1_217' title='bbox 1878 3495 1939 3575; x_wconf 90' lang='lat' dir='ltr'>per</span> 
     </span>
     <span class='ocr_line' id='line_1_24' title="bbox 517 3597 1937 3704; baseline -0.001 -26"><span class='ocrx_word' id='word_1_218' title='bbox 517 3601 660 3678; x_wconf 85' lang='lat' dir='ltr'>dictum</span> <span class='ocrx_word' id='word_1_219' title='bbox 682 3599 884 3689; x_wconf 89' lang='lat' dir='ltr'>Milonem,</span> <span class='ocrx_word' id='word_1_220' title='bbox 911 3599 957 3674; x_wconf 91' lang='lat' dir='ltr'>de</span> <span class='ocrx_word' id='word_1_221' title='bbox 980 3598 1082 3674; x_wconf 87' lang='lat' dir='ltr'>dicto</span> <span class='ocrx_word' id='word_1_222' title='bbox 1105 3598 1287 3704; x_wconf 87' lang='lat' dir='ltr'>compede</span> <span class='ocrx_word' id='word_1_223' title='bbox 1308 3597 1376 3676; x_wconf 85' lang='lat' dir='ltr'>fiet</span> <span class='ocrx_word' id='word_1_224' title='bbox 1392 3598 1604 3690; x_wconf 84' lang='lat' dir='ltr'>restitucio,</span> <span class='ocrx_word' id='word_1_225' title='bbox 1628 3597 1667 3678; x_wconf 86' lang='lat' dir='ltr'>in</span> <span class='ocrx_word' id='word_1_226' title='bbox 1689 3598 1787 3678; x_wconf 86' lang='lat' dir='ltr'>dicta</span> <span class='ocrx_word' id='word_1_227' title='bbox 1808 3598 1937 3688; x_wconf 90' lang='lat' dir='ltr'>domo,</span> 
     </span>
     <span class='ocr_line' id='line_1_25' title="bbox 515 3729 1939 3840; baseline -0.002 -31"><span class='ocrx_word' id='word_1_228' title='bbox 515 3732 710 3840; x_wconf 88' lang='lat' dir='ltr'>preposito</span> <span class='ocrx_word' id='word_1_229' title='bbox 726 3731 918 3837; x_wconf 89' lang='lat' dir='ltr'>predicto,</span> <span class='ocrx_word' id='word_1_230' title='bbox 939 3747 977 3807; x_wconf 89' lang='lat' dir='ltr'>et</span> <span class='ocrx_word' id='word_1_231' title='bbox 991 3730 1097 3837; x_wconf 87' lang='lat' dir='ltr'>quod</span> <span class='ocrx_word' id='word_1_232' title='bbox 1108 3731 1426 3838; x_wconf 89' lang='lat' dir='ltr'>impedimentum</span> <span class='ocrx_word' id='word_1_233' title='bbox 1443 3747 1481 3808; x_wconf 88' lang='lat' dir='ltr'>et</span> <span class='ocrx_word' id='word_1_234' title='bbox 1494 3729 1665 3808; x_wconf 83' lang='lat' dir='ltr'>turbecio</span> <span class='ocrx_word' id='word_1_235' title='bbox 1687 3729 1856 3840; x_wconf 87' lang='lat' dir='ltr'>predicta</span> <span class='ocrx_word' id='word_1_236' title='bbox 1878 3757 1939 3837; x_wconf 88' lang='lat' dir='ltr'>per</span> 
     </span>
     <span class='ocr_line' id='line_1_26' title="bbox 516 3861 1938 3969; baseline -0.004 -28"><span class='ocrx_word' id='word_1_237' title='bbox 516 3866 683 3941; x_wconf 88' lang='lat' dir='ltr'>eundem</span> <span class='ocrx_word' id='word_1_238' title='bbox 704 3861 866 3938; x_wconf 90' lang='lat' dir='ltr'>militem</span> <span class='ocrx_word' id='word_1_239' title='bbox 885 3890 999 3968; x_wconf 90' lang='lat' dir='ltr'>super</span> <span class='ocrx_word' id='word_1_240' title='bbox 1017 3863 1091 3940; x_wconf 92' lang='lat' dir='ltr'>hoc</span> <span class='ocrx_word' id='word_1_241' title='bbox 1109 3863 1278 3969; x_wconf 87' lang='lat' dir='ltr'>apposita</span> <span class='ocrx_word' id='word_1_242' title='bbox 1295 3863 1385 3939; x_wconf 90' lang='lat' dir='ltr'>inde</span> <span class='ocrx_word' id='word_1_243' title='bbox 1401 3861 1687 3951; x_wconf 89' lang='lat' dir='ltr'>amovebuntur,</span> <span class='ocrx_word' id='word_1_244' title='bbox 1707 3878 1746 3938; x_wconf 88' lang='lat' dir='ltr'>et</span> <span class='ocrx_word' id='word_1_245' title='bbox 1765 3861 1871 3968; x_wconf 90' lang='lat' dir='ltr'>quod</span> <span class='ocrx_word' id='word_1_246' title='bbox 1887 3861 1938 3936; x_wconf 91' lang='lat' dir='ltr'>in·</span> 
     </span>
     <span class='ocr_line' id='line_1_27' title="bbox 511 3991 1935 4105; baseline -0.004 -32"><span class='ocrx_word' id='word_1_247' title='bbox 511 3997 633 4104; x_wconf 86' lang='lat' dir='ltr'>jurias</span> <span class='ocrx_word' id='word_1_248' title='bbox 660 4013 698 4073; x_wconf 90' lang='lat' dir='ltr'>et</span> <span class='ocrx_word' id='word_1_249' title='bbox 726 3993 926 4072; x_wconf 86' lang='lat' dir='ltr'>violencias</span> <span class='ocrx_word' id='word_1_250' title='bbox 953 3992 1140 4103; x_wconf 88' lang='lat' dir='ltr'>predictas</span> <span class='ocrx_word' id='word_1_251' title='bbox 1166 3993 1268 4074; x_wconf 93' lang='lat' dir='ltr'>idem</span> <span class='ocrx_word' id='word_1_252' title='bbox 1294 3993 1404 4078; x_wconf 85' lang='lat' dir='ltr'>miles</span> <span class='ocrx_word' id='word_1_253' title='bbox 1426 3993 1536 4074; x_wconf 88' lang='lat' dir='ltr'>nobis</span> <span class='ocrx_word' id='word_1_254' title='bbox 1561 4012 1599 4074; x_wconf 88' lang='lat' dir='ltr'>et</span> <span class='ocrx_word' id='word_1_255' title='bbox 1623 3993 1724 4076; x_wconf 89' lang='lat' dir='ltr'>dicto</span> <span class='ocrx_word' id='word_1_256' title='bbox 1749 3991 1935 4105; x_wconf 87' lang='lat' dir='ltr'>preposito</span> 
     </span>
     <span class='ocr_line' id='line_1_28' title="bbox 516 4128 747 4206; baseline 0 0"><span class='ocrx_word' id='word_1_257' title='bbox 516 4128 747 4206; x_wconf 87' lang='lat' dir='ltr'>emendabit.</span> 
     </span>
    </p>

    <p class='ocr_par' dir='ltr' id='par_1_8' title="bbox 572 4259 1261 4366">
     <span class='ocr_line' id='line_1_29' title="bbox 572 4259 1261 4366; baseline -0.001 -27"><span class='ocrx_word' id='word_1_258' title='bbox 572 4259 749 4340; x_wconf 87' lang='lat' dir='ltr'>Mercurii</span> <span class='ocrx_word' id='word_1_259' title='bbox 769 4275 855 4366; x_wconf 90' lang='lat' dir='ltr'>post</span> <span class='ocrx_word' id='word_1_260' title='bbox 875 4260 1261 4339; x_wconf 82' lang='lat' dir='ltr'>Sanctam-Mathiam.</span> 
     </span>
    </p>

    <p class='ocr_par' dir='ltr' id='par_1_9' title="bbox 571 4393 923 4500">
     <span class='ocr_line' id='line_1_30' title="bbox 571 4393 923 4500; baseline -0.003 -30"><span class='ocrx_word' id='word_1_261' title='bbox 571 4393 692 4472; x_wconf 87' lang='lat' dir='ltr'>Monti</span> <span class='ocrx_word' id='word_1_262' title='bbox 709 4393 923 4500; x_wconf 80' lang='lat' dir='ltr'>reportavit.</span> 
     </span>
    </p>

    <p class='ocr_par' dir='ltr' id='par_1_10' title="bbox 513 4505 1937 4765">
     <span class='ocr_line' id='line_1_31' title="bbox 571 4505 1937 4633; baseline -0.004 -32"><span class='ocrx_word' id='word_1_263' title='bbox 571 4527 708 4603; x_wconf 80' lang='lat' dir='ltr'>Tarata</span> <span class='ocrx_word' id='word_1_264' title='bbox 731 4525 803 4603; x_wconf 85' lang='lat' dir='ltr'>snit</span> <span class='ocrx_word' id='word_1_265' title='bbox 826 4505 895 4602; x_wconf 85' lang='lat' dir='ltr'>ista</span> <span class='ocrx_word' id='word_1_266' title='bbox 918 4524 1079 4602; x_wconf 90' lang='lat' dir='ltr'>emenda</span> <span class='ocrx_word' id='word_1_267' title='bbox 1097 4553 1167 4633; x_wconf 92' lang='lat' dir='ltr'>per</span> <span class='ocrx_word' id='word_1_268' title='bbox 1186 4524 1346 4614; x_wconf 87' lang='lat' dir='ltr'>curiam,</span> <span class='ocrx_word' id='word_1_269' title='bbox 1368 4554 1438 4632; x_wconf 91' lang='lat' dir='ltr'>pro</span> <span class='ocrx_word' id='word_1_270' title='bbox 1458 4525 1615 4603; x_wconf 92' lang='lat' dir='ltr'>domino</span> <span class='ocrx_word' id='word_1_271' title='bbox 1635 4527 1754 4633; x_wconf 85' lang='lat' dir='ltr'>Rege,</span> <span class='ocrx_word' id='word_1_272' title='bbox 1777 4523 1826 4602; x_wconf 84' lang='lat' dir='ltr'>ad</span> <span class='ocrx_word' id='word_1_273' title='bbox 1843 4549 1937 4600; x_wconf 85' lang='lat' dir='ltr'>sexa-</span> 
     </span>
     <span class='ocr_line' id='line_1_32' title="bbox 513 4655 1933 4765; baseline -0.006 -31"><span class='ocrx_word' id='word_1_274' title='bbox 513 4658 617 4765; x_wconf 84' lang='lat' dir='ltr'>ginta</span> <span class='ocrx_word' id='word_1_275' title='bbox 630 4657 746 4734; x_wconf 89' lang='lat' dir='ltr'>libras</span> <span class='ocrx_word' id='word_1_276' title='bbox 761 4655 1001 4746; x_wconf 88' lang='lat' dir='ltr'>Parisienscs,</span> <span class='ocrx_word' id='word_1_277' title='bbox 1020 4673 1059 4733; x_wconf 88' lang='lat' dir='ltr'>et</span> <span class='ocrx_word' id='word_1_278' title='bbox 1077 4685 1148 4764; x_wconf 92' lang='lat' dir='ltr'>pro</span> <span class='ocrx_word' id='word_1_279' title='bbox 1164 4657 1355 4764; x_wconf 89' lang='lat' dir='ltr'>preposito</span> <span class='ocrx_word' id='word_1_280' title='bbox 1372 4656 1418 4736; x_wconf 88' lang='lat' dir='ltr'>ad</span> <span class='ocrx_word' id='word_1_281' title='bbox 1432 4657 1561 4764; x_wconf 85' lang='lat' dir='ltr'>viginti</span> <span class='ocrx_word' id='word_1_282' title='bbox 1576 4657 1691 4736; x_wconf 89' lang='lat' dir='ltr'>libras</span> <span class='ocrx_word' id='word_1_283' title='bbox 1705 4655 1933 4735; x_wconf 85' lang='lat' dir='ltr'>Parisienses.</span> 
     </span>
    </p>
   </div>
   <div class='ocr_carea' id='block_1_7' title="bbox 514 4914 1936 5158">
    <p class='ocr_par' dir='ltr' id='par_1_11' title="bbox 514 4914 1936 5158">
     <span class='ocr_line' id='line_1_33' title="bbox 570 4914 1936 5030; baseline -0.005 -33"><span class='ocrx_word' id='word_1_284' title='bbox 570 4921 627 4997; x_wconf 89' lang='lat' dir='ltr'>Ill.</span> <span class='ocrx_word' id='word_1_285' title='bbox 659 4922 756 4999; x_wconf 86' lang='lat' dir='ltr'>Cum</span> <span class='ocrx_word' id='word_1_286' title='bbox 776 4938 906 5028; x_wconf 89' lang='lat' dir='ltr'>gentes</span> <span class='ocrx_word' id='word_1_287' title='bbox 923 4920 1071 4998; x_wconf 90' lang='lat' dir='ltr'>domini</span> <span class='ocrx_word' id='word_1_288' title='bbox 1091 4917 1202 5030; x_wconf 86' lang='lat' dir='ltr'>Regis</span> <span class='ocrx_word' id='word_1_289' title='bbox 1221 4950 1336 5028; x_wconf 91' lang='lat' dir='ltr'>super</span> <span class='ocrx_word' id='word_1_290' title='bbox 1353 4919 1547 4999; x_wconf 90' lang='lat' dir='ltr'>Nicolaum</span> <span class='ocrx_word' id='word_1_291' title='bbox 1568 4920 1617 4998; x_wconf 91' lang='lat' dir='ltr'>de</span> <span class='ocrx_word' id='word_1_292' title='bbox 1637 4917 1749 4997; x_wconf 91' lang='lat' dir='ltr'>Dicbi</span> <span class='ocrx_word' id='word_1_293' title='bbox 1774 4934 1813 4994; x_wconf 88' lang='lat' dir='ltr'>et</span> <span class='ocrx_word' id='word_1_294' title='bbox 1831 4914 1936 4994; x_wconf 91' lang='lat' dir='ltr'>Nico·</span> 
     </span>
     <span class='ocr_line' id='line_1_34' title="bbox 514 5043 1930 5158; baseline 0 -28"><span class='ocrx_word' id='word_1_295' title='bbox 514 5052 617 5130; x_wconf 88' lang='grc'>11111</span> <span class='ocrx_word' id='word_1_296' title='bbox 649 5050 772 5130; x_wconf 88' lang='lat' dir='ltr'>Daubi</span> <span class='ocrx_word' id='word_1_297' title='bbox 800 5050 848 5128; x_wconf 91' lang='lat' dir='ltr'>de</span> <span class='ocrx_word' id='word_1_298' title='bbox 871 5051 999 5128; x_wconf 92' lang='lat' dir='ltr'>Duaco</span> <span class='ocrx_word' id='word_1_299' title='bbox 1031 5051 1218 5158; x_wconf 89' lang='lat' dir='ltr'>cepissent</span> <span class='ocrx_word' id='word_1_300' title='bbox 1243 5049 1372 5156; x_wconf 85' lang='lat' dir='ltr'>viginti</span> <span class='ocrx_word' id='word_1_301' title='bbox 1403 5079 1465 5128; x_wconf 84' lang='lat' dir='ltr'>sex</span> <span class='ocrx_word' id='word_1_302' title='bbox 1493 5078 1639 5158; x_wconf 90' lang='lat' dir='ltr'>pannos</span> <span class='ocrx_word' id='word_1_303' title='bbox 1671 5049 1719 5126; x_wconf 93' lang='lat' dir='ltr'>de</span> <span class='ocrx_word' id='word_1_304' title='bbox 1745 5043 1930 5130; x_wconf 77' lang='lat' dir='ltr'>Flandrir.</span> 
     </span>
    </p>
   </div>
   <div class='ocr_carea' id='block_1_8' title="bbox 0 0 2230 6209">
    <p class='ocr_par' dir='ltr' id='par_1_12' title="bbox 0 0 2230 6209">
     <span class='ocr_line' id='line_1_35' title="bbox 0 0 2230 6209; baseline 0 0"><span class='ocrx_word' id='word_1_305' title='bbox 0 0 2230 6209; x_wconf 95' lang='lat' dir='ltr'> </span> 
     </span>
    </p>
   </div>
  </div>
 </body>
</html>
