4450 6209
770 714 1124 829 nvontrasar
1150 714 1351 813 eneces.
1697 742 1771 817 aas

408 876 566 961 Cuillier
580 878 792 987 reportavit.

406 1138 546 1222 XXVII.
578 1138 702 1248 Super
721 1134 858 1220 dehato
878 1140 983 1248 quod
998 1144 1140 1251 pendet
1163 1140 1260 1222 inter
1277 1159 1556 1251 procuratorem
1573 1143 1717 1225 abbatis
1738 1162 1776 1224 et

351 1291 555 1353 conventus
582 1266 632 1349 de
658 1269 845 1363 Favemo,
871 1297 915 1374 en
942 1288 1165 1381 crispante,
1191 1288 1229 1353 et
1252 1274 1471 1385 magistrum
1491 1276 1702 1355 Iohannem
1728 1280 1776 1355 de

351 1404 597 1495 Faverno,'ex
618 1400 743 1494 altera,
766 1404 906 1481 auditis
918 1403 1107 1513 partibust
1124 1432 1194 1513 per
1207 1407 1349 1485 curiam
1370 1407 1512 1485 dietum
1532 1409 1653 1486 fuerat
1672 1408 1777 1516 quod

352 1560 549 1646 processus
567 1560 700 1613 eorum
719 1536 921 1615 videretur.
942 1536 1072 1617 Dictus
1086 1564 1175 1617 vero
1188 1556 1409 1644 procnautor
1426 1566 1646 1647 processum
1664 1566 1777 1617 suum

349 1672 453 1746 curie
471 1662 646 1759 tradidit,
663 1682 707 1743 et
725 1664 850 1745 dines
867 1666 1057 1747 Iohannes
1078 1666 1173 1745 dixit
1191 1670 1294 1776 quod
1313 1669 1465 1747 nullum
1485 1696 1701 1777 processum
1717 1668 1778 1745 ha·

349 1797 477 1889 hehet,
499 1795 571 1876 Iori
592 1794 854 1877 declinatorias
872 1794 1145 1906 proponendo:
1165 1801 1255 1880 Viso
1281 1796 1397 1907 igitur
1411 1826 1484 1907 par
1504 1801 1649 1881 curiam
1674 1800 1776 1879 (lietu

349 1954 546 2038 processu,
562 1926 663 2005 curia
678 1941 804 2007 nostra
818 1956 1036 2036 processum
1054 1926 1294 2037 hujusmodi,
1315 1947 1472 2037 propter
1491 1928 1660 2008 delectus
1673 1930 1712 2009 in
1729 1958 1776 2008 eo

349 2072 538 2169 repertos,
568 2056 765 2149 enullavit,
791 2055 889 2137 salva
912 2058 1071 2139 cuilibet
1093 2061 1191 2167 parti
1212 2060 1360 2139 achone
1384 2088 1477 2151 suu
1502 2078 1542 2141 et
1563 2088 1676 2168 super
1704 2060 1776 2141 hoc

349 2187 452 2301 quotl
467 2191 556 2269 dicti
571 2188 739 2297 religiosi
756 2185 1048 2299 bannitus-regni
1067 2190 1247 2269 dictantur
1253 2208 1480 2299 receptam,
1493 2191 1670 2271 dominus
1680 2195 1772 2279 Rex,

347 2320 502 2429 quaudo
519 2317 703 2410 voluerit,
724 2319 907 2427 precipiet
926 2320 1065 2428 inquiri
1085 2322 1291 2399 veritatem.

403 2450 559 2531 Veneris
577 2464 665 2558 post
682 2448 914 2529 Nativitatem
933 2448 1097 2528 Domini.

404 2708 560 2793 XXVIII.
592 2707 706 2801 Cum,
729 2708 830 2790 inter
841 2708 961 2791 Adam
976 2707 1122 2793 dietum
1133 2708 1341 2820 Repentino,
1356 2710 1595 2805 deParisius,
1612 2729 1774 2822 exparte

346 2868 442 2935 una,
465 2857 503 2921 et
522 2842 755 2951 Stephanum
775 2840 919 2921 dietum
938 2838 974 2921 Ie
995 2841 1209 2935 Chaussier‚
1220 2872 1276 2922 =ea
1294 2840 1430 2933 alma,
1452 2841 1499 2924 lis
1513 2861 1625 2922 mota
1641 2842 1778 2921 fuisset

348 3002 471 3056 coram
483 2970 676 3082 preposito
689 2972 889 3053 Parisiensi
899 3000 1013 3081 super
1027 3000 1073 3053 eo
1085 2973 1192 3082 quod
1209 2973 1332 3054 dictus
1345 2972 1464 3053 Adam
1478 2974 1630 3083 petebat
1644 3002 1775 3083 quun

348 3102 434 3187 dam
455 3103 628 3195 domum,
644 3101 752 3187 sitam
769 3100 947 3199 Parisios,
964 3102 1062 3183 inter
1077 3104 1236 3183 domum
1248 3105 1367 3214 ipsius
1378 3106 1461 3186 alde
1476 3122 1516 3185 et
1528 3107 1687 3186 domum
1702 3105 1776 3183 Aa·

348 3236 439 3319 dree
458 3232 507 3314 de
523 3232 693 3344 Gynach
709 3233 779 3313 sibi
791 3234 891 3313 tradi
907 3250 946 3313 et
958 3222 1381 3323 delibem-istradendo
1391 3266 1437 3315 ae
1452 3235 1633 3316 solvendo
1648 3234 1774 3313 eidem

348 3366 538 3477 Stephano
551 3378 737 3472 sumptus,
752 3361 879 3443 misius
894 3368 932 3443 e't
947 3392 1125 3473 expensas
1137 3365 1215 3444 litis
1228 3382 1333 3447 muta
1350 3365 1605 3445 interdictum
1618 3366 1775 3470 Stepha-

346 3524 455 3590 nann,
474 3526 518 3577 ex
531 3510 635 3605 parte
649 3522 743 3587 una,
761 3511 800 3574 et
814 3494 959 3574 dictum
974 3492 1163 3575 Andrean]
1178 3493 1227 3575 de
1238 3492 1619 3606 Gynaehceaahera,
1636 3522 1774 3602 prope

346 3627 510 3710 nenssie
522 3624 644 3706 tuisse
664 3639 843 3706 actum-et
861 3606 1574 3736 conventum1interipsos‚=parte:dicti
1591 3625 1771 3732 Stephani

347 3760 465 3841 dictas
490 3752 759 3838 conversiones
784 3748 959 3866 negante,
987 3774 1046 3845 et,
1072 3754 1287 3839 racionibua
1312 3757 1508 3866 pluribus,
1536 3775 1771 3864 proponente

346 3918 386 3971 se
402 3916 479 3970 non
489 3886 610 3968 teneri
625 3888 673 3968 ad
683 3888 908 3969 tradendum
924 3904 962 3967 et
978 3885 1268 3969 deliberandum
1285 3886 1410 3967 eidem
1421 3886 1503 3966 nde
1515 3888 1673 3968 doenum
1686 3915 1770 3992 pre-

347 4018 502 4112 dictam
519 4016 657 4128 quihus
674 4018 764 4098 hine
778 4016 867 4098 iude
885 4020 1104 4127 propositis,
1121 4021 1334 4128 prepositus
1350 4019 1557 4126 predictam,
1573 4043 1768 4125 persuum

342 4152 548 4264 judicium,
569 4148 714 4228 dictum
733 4145 967 4257 Stephanum
986 4148 1273 4257 condempnavit
1291 4150 1339 4228 ad
1357 4148 1598 4227 reddendum
1619 4164 1656 4224 et
1675 4147 1770 4225 deli·

344 4280 555 4365 herandum
570 4276 672 4359 dicto
686 4276 767 4359 Ado
782 4279 921 4359 dictam
938 4278 1111 4371 domum,
1127 4278 1326 4360 reddendo
1342 4296 1382 4359 et
1392 4276 1579 4359 solvendo
1596 4276 1668 4383 ipsi
1683 4276 1768 4355 Ste-

345 4410 668 4524 phauoettmptus‚
685 4410 812 4490 misias
826 4424 864 4489 et
877 4408 1144 4518 expensaslitia
1155 4406 1342 4518 predicte,
1353 4424 1457 4488 moto
1469 4409 1569 4485 inter
1579 4403 1768 4483 Andraam

344 4561 383 4625 et
406 4542 640 4653 Stephanum
665 4536 912 4651 prehcmsta
936 4567 1012 4650 quo
1030 4538 1219 4651 judicato,
1245 4554 1438 4648 tamqnam
1458 4534 1552 4619 Ialso
1576 4550 1616 4614 et
1633 4561 1764 4641 mave,

345 4672 467 4756 dimus
493 4674 708 4784 Stephanus
732 4670 781 4753 ad
802 4687 971 4755 nostram
995 4670 1138 4751 curiam
1162 4668 1362 4782 appellavit
1378 4700 1387 4747 ε
1403 4668 1563 4749 ‚Auditis
1587 4664 1702 4775 igitur
1727 4665 1767 4743 in

344 4834 454 4888 cansa
468 4805 567 4887 diete
583 4802 847 4915 appellationis
861 4802 970 4885 dietis
988 4800 1178 4912 partibus,
1194 4820 1234 4883 et
1248 4804 1336 4882 visis
1347 4828 1528 4912 processu
1545 4814 1584 4879 et
1596 4796 1766 4908 judicato

344 4934 539 5048 predictis,
555 4964 624 5047 per
641 4934 744 5017 caarie
763 4948 890 5019 nostae
902 4932 1106 5047 judicium,
1122 4934 1412 5045 pronunciatum
1430 4932 1503 5013 tuit
1520 4928 1665 5011 dinam
1679 4957 1766 5038 pre·

346 5072 511 5177 positum
530 5065 628 5148 male
642 5068 850 5179 judicasse,
872 5084 912 5149 et
929 5067 1141 5174 predictum
1164 5067 1400 5174 Stephanum
1422 5061 1762 5171 hene'appellaase.

1325 5236 1328 5241 ·
1587 5214 1638 5279 dr.

1812 894 1882 951 Pure

1883 910 1944 952 nra
1956 896 1999 962 tv,

1874 986 1938 1030 raet.
