4450 6209
497 655 595 755 ano
987 713 992 719 ·
1070 680 1162 755 nes
1190 677 1332 752 ortu.

271 855 401 906 vntum
414 850 457 911 tv,
497 824 627 912 tancii,
654 822 856 902 servientes
880 821 999 899 nostri
1019 820 1253 911 Ville-Nove,
1276 818 1492 899 senescallic
1514 819 1787 908 Rutbenensis‚
1811 819 1919 899 Guil-

334 943 396 985 Μ’·
495 954 634 1033 lelmus
657 954 704 1030 de
732 952 956 1033 Geuoberiis
976 968 1013 1029 et
1038 951 1223 1031 Geraldus
1246 950 1460 1040 Piscatoris,
1482 978 1549 1057 pro
1577 978 1622 1029 eo
1643 950 1747 1056 quod
1766 952 1917 1029 Petrum

496 1084 701 1163 Tholosani
717 1083 763 1161 de
778 1083 962 1171 Petrusia,
984 1082 1024 1158 in
1043 1080 1204 1159 clericali
1225 1080 1356 1159 babitu
1376 1080 1611 1171 existentem,
1635 1080 1789 1159 diversis
1807 1110 1916 1189 gene·

496 1214 886 1294 ribustormentorum
899 1230 1102 1301 torserant,
1118 1240 1186 1321 per
1196 1240 1266 1291 nos
1275 1211 1322 1290 ad
1334 1212 1534 1289 emendam
1546 1210 1800 1318 pecuniariam
1811 1212 1917 1291 nobis

496 1363 535 1423 et
549 1346 649 1423 dicto
665 1345 776 1423 Petro
792 1345 1030 1451 prestandum
1046 1343 1207 1421 luissent
1226 1343 1511 1448 condempnati,
1526 1342 1725 1419 taxandam
1742 1371 1847 1431 cum,
1872 1343 1916 1420 de

495 1477 701 1582 quantitate
716 1476 906 1553 bonorum
917 1473 1120 1581 cujuslibet
1132 1474 1300 1579 ipsorum
1311 1534 1319 1563 ,
1332 1472 1518 1551 fuerimus
1527 1471 1737 1561 informati,
1753 1501 1840 1565 uos,
1853 1500 1917 1579 per

495 1606 744 1685 senescallum
760 1622 932 1683 nostrum
952 1605 1254 1694 Ruthenensem,
1278 1600 1441 1683 dedicta
1453 1604 1662 1709 quantitate
1674 1602 1866 1682 bonorum
1882 1621 1917 1680 et

495 1756 624 1815 contra
641 1736 825 1844 quosdam
840 1736 949 1825 alios,
970 1736 1093 1842 quiin
1109 1734 1301 1842 premissis
1319 1734 1541 1813 dicebantur
1559 1732 1672 1811 brisce
1692 1733 1912 1839 culpabiles,

497 1869 775 1961 mandavimus,
796 1866 935 1945 vocatis
960 1866 1173 1955 evocandis,
1197 1864 1398 1973 diligenter
1423 1866 1617 1943 veritatem
1644 1864 1809 1971 inquiri:
1834 1865 1915 1941 Visa

497 1999 614 2107 igitur
634 2000 806 2107 inquesta
830 2026 944 2104 super
967 1997 1041 2075 hoc
1063 1994 1172 2085 secta,
1197 1996 1386 2102 predictos
1410 1999 1583 2088 Petrum,
1606 1993 1860 2074 Guillelmum
1882 2013 1916 2073 et

496 2132 539 2207 B.
560 2130 792 2218 Constancii,
813 2130 1035 2217 servientes,
1060 2157 1147 2210 cum
1168 2126 1285 2205 niobil
1312 2127 1547 2233 reperiantur
1567 2125 1706 2205 babere
1731 2126 1771 2203 in
1790 2124 1914 2217 bonis,

496 2248 564 2365 per
574 2287 746 2337 mensem
761 2259 809 2338 ad
824 2286 1011 2337 carcerem
1022 2275 1150 2337 nostra
1166 2258 1268 2337 curia
1284 2255 1594 2362 condempnavit,
1611 2272 1649 2333 et
1663 2254 1709 2333 ab
1723 2258 1829 2333 omni
1844 2255 1917 2333 offi-

497 2392 555 2469 cio
576 2409 613 2469 et
631 2390 785 2469 servicio
804 2388 941 2468 nostris
960 2390 1061 2495 ipsos
1079 2406 1264 2497 perpetuo
1277 2388 1446 2494 privavit,
1465 2405 1503 2465 et
1515 2387 1659 2466 dictum
1670 2386 1915 2465 Guillelmum

497 2524 544 2599 de
569 2522 794 2601 Genoberiis
821 2522 922 2600 dicto
944 2521 1056 2599 Petro
1075 2520 1282 2599 Tholosani
1308 2520 1348 2597 in
1372 2518 1644 2627 quinquaginta
1666 2517 1774 2595 libris
1798 2520 1917 2599 Turo-

495 2653 676 2731 nensibus
691 2651 995 2758 condempnavit;
1013 2667 1171 2740 etcum,
1189 2680 1257 2757 per
1276 2650 1415 2729 dictam
1430 2649 1659 2757 inquestam‚
1675 2648 1918 2755 Berengan'us

500 2778 1917 2888 deGalliaco‚tuncjuder,Renuntius,serviensVilleNove,Arnaldus,ser-

498 2913 601 2989 viena
612 2911 701 2989 dicti
712 2911 943 3019 berengarii,
956 2910 1156 3001 Geolinua,
1171 2914 1361 2991 lohannes
1371 2914 1578 3002 Dona-Dei,
1593 2912 1777 3001 notarius,
1788 2914 1926 2991 Deode*

500 3042 548 3119 dc
565 3041 729 3129 Hilsaco,
748 3059 787 3119 et
803 3041 1032 3121 Guillelmus
1050 3042 1251 3150 Rogicerii,
1272 3045 1511 3123 inveniantur
1525 3042 1640 3123 fuisse
1660 3044 1866 3150 culpabiles
1879 3046 1915 3121 in

499 3172 608 3249 dictis
629 3172 828 3251 tormentis
849 3171 1076 3263 inserendis,
1098 3189 1138 3250 et
1158 3191 1351 3279 presentes
1370 3174 1601 3267 interfuisse,
1620 3175 1835 3281 predictum
1853 3178 1917 3254 Be—

485 3304 712 3413 'rengarium
734 3303 782 3381 de
801 3301 969 3384 Galliaco
993 3304 1095 3383 dicto
1117 3306 1227 3383 Petro
1246 3304 1454 3384 Tholosani
1480 3306 1521 3382 in
1541 3324 1693 3385 centum
1718 3306 1825 3385 libris
1842 3311 1915 3384 Tu·
1942 3360 1948 3371 ·

497 3434 723 3511 ronensibus
751 3452 879 3515 nostra
906 3434 1010 3512 curia
1036 3435 1346 3541 condempnavit,
1378 3453 1416 3514 et
1444 3437 1685 3515 mandabitur
1718 3438 1916 3517 senescallo

497 3564 789 3672 Petragoricensi
817 3581 861 3641 ut
889 3564 968 3671 ipse
995 3566 1121 3643 omnia
1140 3566 1239 3645 bona
1259 3594 1327 3643 aua
1347 3567 1396 3645 ad
1415 3596 1569 3645 manum
1597 3584 1763 3645 nostram
1787 3586 1914 3674 ponat,

498 3720 698 3800 quousque
711 3694 822 3773 nobis
834 3711 1093 3801 competenter
1108 3696 1364 3776 emendaverit
1377 3698 1517 3778 lactum
1529 3699 1760 3805 predictum,
1777 3699 1916 3777 dictum

498 3849 587 3899 vero
608 3825 857 3915 Renuntium,
877 3825 1123 3917 servientem,
1141 3843 1180 3903 et
1199 3826 1342 3905 dictum
1361 3830 1572 3908 iohannem
1587 3829 1798 3919 Dona-Dei,
1821 3847 1917 3908 nota-

499 3953 616 4044 rium,
638 3954 684 4031 ab
707 3953 831 4033 officio
862 3971 898 4033 et
928 3956 1084 4033 servicio
1106 3958 1242 4035 nostris
1272 3976 1455 4066 perpetuo
1484 3960 1652 4064 privavit,
1683 3960 1803 4039 dictos
1832 3989 1917 4038 vero

500 4080 723 4176 Arnaldum
753 4086 976 4163 servientem
1004 4086 1095 4164 dicti
1118 4088 1351 4195 Berengarii,
1379 4106 1416 4167 et
1441 4088 1663 4178 Geolinum,
1692 4118 1778 4168 cum
1803 4088 1916 4167 nichil

499 4214 792 4319 reperianturin
809 4215 921 4295 bonis
941 4216 1096 4307 hebere,
1120 4248 1189 4325 per
1208 4238 1371 4326 quatuor
1391 4248 1540 4299 menses
1560 4220 1609 4299 ad
1628 4248 1813 4298 carcerem
1834 4249 1918 4297 con·

500 4343 732 4452 dampnavit,
765 4364 805 4425 et
833 4347 952 4425 dictos
979 4348 1112 4426 Deode
1144 4350 1190 4427 de
1220 4350 1367 4429 Hilsaco
1393 4367 1431 4427 et
1458 4349 1709 4430 Guillelmum
1736 4350 1917 4457 Rogicerii

500 4473 599 4552 dicto
619 4477 731 4554 Petro
750 4478 957 4557 Tholosani
980 4479 1019 4555 in
1039 4497 1191 4557 centum
1204 4480 1311 4559 libris
1325 4480 1610 4567 Turonensibus
1623 4482 1915 4590 condempnavit.

499 4602 610 4679 Nulla
631 4604 726 4683 lacta
745 4622 802 4685 est
822 4607 1117 4716 condempnacio
1138 4640 1208 4717 pro
1228 4614 1346 4720 Rege,
1366 4612 1455 4717 quia
1473 4611 1647 4691 debonis
1666 4611 1918 4720 condempna-

499 4745 627 4808 torum
644 4762 721 4813 non
737 4737 878 4843 poterit
892 4737 988 4848 exigi
1009 4737 1152 4847 dequo
1170 4740 1252 4819 leso
1272 4738 1425 4819 satisfiat
1439 4769 1508 4849 pro
1527 4740 1688 4833 lesione,
1709 4742 1917 4848 sumptibus

500 4877 539 4937 et
559 4867 740 4969 expensis.
758 4867 944 4947 Geraldus
962 4868 1158 4949 Piscatoris
1177 4872 1218 4949 in
1234 4872 1342 4951 nullo
1362 4874 1671 4979 condempnatur,
1692 4872 1781 4979 quia
1798 4898 1916 4978 prose

500 4992 688 5098 quebatur
707 5014 867 5075 mortem
886 4994 1002 5105 patris
1023 5001 1092 5077 sui
