4450 6209
507 720 580 794 5118
1089 721 1181 795 LES
1211 719 1349 794 OLIM.

277 875 406 930 tanim
420 875 463 938 IV.
502 881 710 956 teneretur,
731 857 871 971 qusibub
886 862 1041 952 auditis,
1057 833 1180 941 dietus
1196 863 1410 970 prepositus
1427 863 1685 970 pronunciavit
1703 864 1810 970 quod
1824 863 1930 954 facta,

337 967 401 1011 Μ’
502 998 548 1075 ab
563 1015 720 1105 utraque
735 1014 839 1104 parte
855 997 1060 1102 proposita,
1078 996 1300 1075 admittebat
1316 993 1364 1071 ad
1378 993 1636 1102 probandum,
1653 996 1830 1075 videlicet
1842 997 1934 1101 fact·

501 1130 623 1235 primo
648 1147 686 1206 et
711 1127 963 1235 principaliter
986 1129 1180 1236 proposita
1203 1127 1484 1217 tantummodo,
1505 1157 1576 1206 nec
1588 1127 1793 1236 recipiebat
1811 1129 1933 1238 aliqua

501 1261 594 1340 facta
608 1262 805 1370 proposita·
812 1262 851 1338 in
866 1260 1178 1367 replicacionibus
1192 1289 1258 1337 seu
1275 1258 1600 1365 duplicacionibns
1612 1277 1675 1336 ant
1690 1288 1733 1335 ex
1753 1260 1931 1367 postfacto

499 1395 709 1501 proposita,
722 1393 1055 1500 pronunciavitque
1068 1392 1172 1501 quod
1184 1389 1364 1470 articulus
1375 1391 1442 1499 qui
1453 1392 1600 1500 incipit:
1616 1429 1629 1460 ι
1642 1393 1753 1481 Item,
1767 1421 1841 1499 qne
1850 1409 1930 1470 tout

500 1525 546 1602 cil
566 1527 630 1634 qui
652 1527 821 1602 tiennent
843 1525 897 1602 les
915 1523 1100 1632 heritages
1118 1553 1184 1632 par
1202 1524 1237 1601 le
1256 1552 1452 1632 royaume,
1471 1541 1540 1602 etc.
1557 1563 1570 1592 ι
1588 1542 1626 1601 et
1639 1552 1773 1602 omnes
1789 1525 1928 1602 articuli

498 1676 698 1765 sequentes
711 1686 831 1764 usque
848 1656 895 1734 ad
905 1656 1105 1734 articulum
1121 1657 1359 1734 mencionem
1373 1655 1573 1735 facientem
1585 1657 1633 1734 de
1647 1685 1832 1762 pressura,
1847 1676 1930 1735 sunt

498 1790 797 1896 impertinentes,
815 1805 853 1865 et
867 1805 954 1865 sunt
973 1787 1058 1894 plns
1068 1789 1167 1895 juris
1186 1817 1255 1866 seu
1270 1787 1553 1867 consuetudinis
1565 1817 1679 1896 quam
1692 1788 1799 1878 facti,
1816 1817 1929 1896 quare

500 1949 564 1998 eos
584 1920 797 1997 nullatenus
816 1920 1039 1998 admittebat
1061 1919 1108 1997 ad
1132 1919 1388 2027 probandum,
1410 1949 1479 1997 nec
1498 1919 1590 1998 alios
1612 1921 1785 2028 ejusdem
1804 1920 1930 1996 condi-

482 2051 618 2129 cionis
639 2051 837 2128 existentes
859 2079 926 2157 per
949 2051 1094 2130 dictum
1117 2050 1365 2129 Guillelmum
1383 2052 1559 2142 traditos,
1583 2053 1666 2140 sed,
1689 2053 1727 2130 in
1746 2070 1928 2160 quantum

493 2184 558 2293 jus
569 2201 718 2291 tangere
735 2199 903 2289 possunt,
918 2182 1062 2261 valeant
1080 2183 1119 2258 in
1135 2182 1340 2272 diffinitiva,
1359 2200 1401 2259 ut
1417 2184 1631 2275 debebunt3
1648 2214 1668 2260 a
1682 2213 1761 2290 quo
1775 2183 1928 2291 quidem

492 2314 680 2422 judicate,
698 2321 876 2422 tanquam
892 2343 911 2392 a
927 2313 1018 2393 falso
1039 2333 1077 2392 et
1097 2343 1229 2420 pravo,
1247 2332 1411 2421 exparte
1433 2316 1523 2393 dicti
1539 2315 1749 2405 Guillelmi,
1767 2316 1808 2392 in
1819 2345 1929 2423 qnan-

498 2463 580 2524 tum
599 2464 726 2524 contra
745 2475 785 2524 se
806 2446 923 2524 latum
941 2464 1012 2535 est,
1032 2447 1081 2524 ad
1097 2465 1264 2525 nostram
1278 2447 1420 2525 curiam
1438 2448 1560 2526 extitit
1574 2447 1801 2556 appellatum
1814 2480 1822 2524 ε
1835 2448 1929 2526 Visis

434 2608 451 2644 ο
498 2578 613 2686 igitur
626 2578 864 2687 processibus
881 2595 920 2655 et
934 2578 1147 2656 racionibus
1166 2580 1282 2685 partis
1296 2579 1513 2684 utriusque,
1531 2608 1598 2685 per
1613 2579 1715 2656 curie
1731 2595 1858 2657 nostre
1868 2579 1930 2686 ju-

498 2709 657 2802 dicium,
671 2708 743 2788 suit
758 2711 882 2788 omnis
897 2710 1164 2816 appellacionis
1179 2710 1328 2816 questio
1347 2710 1522 2788 submota
1537 2727 1575 2787 et
1591 2711 1671 2789 sine
1687 2709 1864 2799 emenda,
1877 2727 1924 2798 et,

496 2869 565 2949 per
580 2842 621 2920 id
631 2842 831 2950 judicium,
846 2839 918 2918 fuit
933 2841 1150 2919 ordinatum
1165 2843 1281 2948 quod,
1297 2843 1336 2918 in
1350 2871 1459 2920 causa
1472 2842 1650 2948 predicta,
1661 2840 1755 2919 facta
1770 2840 1928 2918 admissa

497 3001 566 3080 per
586 2973 730 3050 dictum
749 2973 982 3079 prepositum
1004 2973 1267 3062 admittentur,
1290 2974 1363 3050 hoc
1384 2973 1514 3051 addito
1534 2973 1640 3080 quod
1660 2973 1707 3049 de
1726 2988 1927 3049 consuetu·

498 3103 650 3182 dinibus
670 3105 829 3190 notoriis
857 3121 895 3182 et
917 3133 987 3211 pro
1011 3105 1169 3182 notoriis
1187 3107 1411 3213 propositis,
1436 3105 1629 3212 predictus
1653 3104 1866 3211 prepositus
1888 3135 1926 3182 se

496 3234 730 3326 informabit,
754 3254 791 3314 et
808 3237 985 3315 valebunt
1000 3237 1105 3345 quod
1124 3256 1329 3346 potnerunt
1344 3255 1382 3317 et
1398 3239 1608 3329 debebunt,
1627 3255 1664 3317 et
1681 3238 1753 3315 alie
1773 3265 1928 3315 consue·

496 3349 664 3461 tudines,
682 3370 856 3448 similiter
875 3371 1067 3449 hincinde
1085 3372 1295 3478 proposita,
1312 3390 1426 3478 prout
1444 3390 1531 3450 sunt
1550 3369 1813 3463 racionabiles,
1834 3371 1926 3447 reci·

495 3503 648 3609 pientur
667 3503 714 3579 ad
730 3503 980 3609 probandum.

552 3633 680 3711 Martis
693 3650 779 3738 post
791 3632 1135 3712 Annnnciacionem
1148 3634 1386 3711 dominicam.

552 3764 658 3841 Greci
678 3765 893 3870 reportavit.

551 3894 735 3970 Redditus
750 3894 822 3972 fuit
835 3895 904 3972 iste
918 3924 1116 4001 processus
1136 3899 1327 4003 preposito
1346 3898 1555 3976 Parisiensi.

551 4158 674 4234 XLIII.
705 4159 789 4235 Lite
808 4177 924 4248 mota,
943 4187 1069 4238 coram
1083 4161 1274 4267 preposito
1293 4161 1509 4252 Parisiensi,
1527 4164 1626 4239 inter
1640 4181 1922 4269 procuratorem

494 4307 664 4368 nostrum
686 4307 724 4366 et
740 4288 990 4368 subballivum
1007 4290 1053 4367 de
1072 4291 1283 4398 Poyssiaco,
1304 4320 1348 4368 ex
1366 4310 1470 4399 parte
1487 4275 1579 4384 una,
1597 4312 1726 4372 contra
1740 4295 1921 4401 majorem

494 4439 531 4497 et
549 4420 720 4500 scabinos
735 4422 833 4500 dicte
849 4423 953 4512 ville,
974 4452 1017 4500 ex
1032 4422 1161 4511 altera,
1177 4453 1290 4530 super
1301 4425 1474 4531 pluribus
1490 4426 1701 4504 excessibus
1715 4425 1762 4503 ab
1778 4425 1921 4503 eisdem

492 4551 634 4658 majore
652 4570 690 4629 et
709 4551 885 4642 scabinis,
905 4571 949 4631 ut
966 4553 1114 4642 dicitur,
1137 4555 1361 4646 commissis,
1380 4586 1465 4634 cum
1481 4555 1609 4662 plures
1625 4555 1797 4635 desectus
1811 4558 1850 4633 in
1864 4559 1922 4634 in·

492 4700 623 4789 questa
639 4712 753 4790 super
767 4683 841 4761 boc
858 4683 951 4762 facta
966 4685 1106 4791 reperti
1124 4683 1295 4775 fuerunt,
1313 4689 1481 4795 precepit
1499 4689 1601 4766 curia
1614 4691 1719 4795 qnod
1733 4688 1921 4767 reficiatur

492 4812 592 4890 dicta
611 4814 797 4920 inquesta,
820 4832 858 4893 et
879 4817 1081 4895 audiantur
1099 4833 1215 4895 testes
1235 4819 1468 4924 producendi
1487 4821 1533 4897 ab
1555 4839 1714 4929 utraque
1734 4839 1837 4928 parte
1860 4850 1921 4899 su-

490 4973 557 5050 per
576 4944 740 5022 articulis
758 4949 959 5052 propositis
979 4949 1068 5026 hinc
1083 4966 1121 5026 et
1138 4948 1244 5038 inde,
1261 4967 1298 5026 et
1318 4948 1385 5026 fret
1404 4951 1619 5029 commissio
1638 4981 1751 5058 super
1769 4951 1843 5029 boc
1855 4981 1919 5029 au-

491 5075 679 5155 ditoribus
690 5076 877 5182 deputatis
892 5079 939 5156 ad
949 5080 1183 5158 audiendum
1199 5083 1447 5188 probaciones
1460 5113 1574 5190 super
1586 5083 1919 5190 reprobacionibus
