4450 6209
756 715 1018 823 suousrss
1043 730 1108 802 ur
1135 710 1340 805 moces.
1684 733 1758 807 255
1860 683 1863 689 ’

329 876 434 956 bitur
453 866 669 954 commissio
689 872 740 950 ad·
755 891 877 952 certos
898 872 1089 950 auditores
1104 871 1244 980 quibus
1264 872 1438 950 mittetur
1452 873 1550 951 dicta
1566 873 1755 980 inquesta,
1796 889 1927 950 Parnm
1939 895 1982 961 tv,

330 1025 368 1088 ct
386 1007 471 1116 qui,
494 1006 632 1084 vocatis
651 1004 840 1114 partibus,
863 1003 1000 1081 dictam
1023 1002 1235 1111 inquestam
1255 1003 1468 1110 perficient,
1486 1021 1524 1082 et
1538 1003 1675 1082 facient
1691 1033 1760 1112 per
1860 987 1921 1030 ¹³⁰⁷'

323 1142 586 1249 juramentum
604 1137 791 1244 parcium,
811 1164 898 1214 cum
921 1133 1094 1213 nondum
1118 1135 1167 1214 sit
1184 1121 1407 1242 adplenum
1427 1164 1650 1244 responsum
1670 1165 1759 1243 pro-

329 1271 462 1378 positis
475 1299 520 1347 ex
533 1287 694 1377 utraque
706 1286 812 1377 parta
830 1267 989 1377 singulis
1005 1267 1186 1357 aniculis,
1203 1268 1444 1374 responderi,
1462 1288 1516 1358 et,
1531 1288 1608 1347 tam
1627 1254 1674 1347 de
1692 1268 1760 1346 ial-

329 1404 436 1481 sitate
454 1401 612 1480 testium
631 1404 907 1508 productorum
916 1429 1038 1508 quam
1059 1399 1107 1477 de
1128 1399 1301 1506 aliisque
1321 1400 1528 1506 apartibus
1546 1431 1759 1512 proponen-

328 1553 402 1623 tur,
414 1533 610 1640 inquirent
619 1532 1040 1641 diligenterreritatem,
1053 1548 1092 1610 et
1100 1533 1315 1638 inquestam
1326 1559 1439 1639 super
1448 1535 1522 1616 hoc
1531 1536 1757 1643 completam

329 1667 378 1744 ad
394 1665 538 1742 curiam
554 1682 721 1744 nostram
742 1664 949 1742 remittent.

385 1797 494 1874 Lune
514 1796 694 1903 predicta.

384 1931 488 2037 Roya
505 1927 708 2035 reportavit
726 1944 766 2004 et
782 1925 900 2004 habet
917 1927 1053 2004 adbuc.

384 2061 440 2138 Ex
463 2087 573 2137 causa
594 2059 807 2136 Bernartius
826 2058 875 2136 de
894 2059 1015 2136 Meiso
1034 2053 1206 2136 mittatur
1224 2087 1312 2136 cum
1331 2059 1468 2140 ballivo
1489 2060 1758 2142 Calvi-Montis
1813 2115 1822 2127 ·

329 2191 378 2269 ad
396 2188 681 2298 inquirendum.

383 2455 475 2533 XLI.
506 2454 604 2533 Cum
625 2469 707 2532 orta
727 2470 826 2532 esset
842 2453 1047 2542 discordia,
1068 2451 1230 2529 incuria
1255 2468 1399 2544 nostra,
1420 2453 1519 2530 iuter
1539 2455 1755 2562 episcopum

327 2586 881 2692 Belvacensem,exunaparte,
892 2582 1137 2663 etAnsellum
1149 2581 1382 2674 buticularii,
1395 2583 1555 2661 militem
1564 2605 1753 2678 nostrum,

328 2746 372 2795 ex
387 2716 523 2808 altera,
540 2745 715 2824 supereo
729 2715 837 2824 quod
852 2716 978 2794 dictus
992 2717 1193 2823 episcopus
1204 2715 1440 2822 proponebat
1453 2743 1493 2794 se
1508 2735 1639 2825 gentes
1653 2747 1753 2812 suas,

327 2877 413 2926 cum
430 2848 588 2926 canibus
608 2865 647 2926 et
663 2847 855 2939 rethibus,
873 2846 1017 2925 misisse
1035 2849 1082 2925 ad
1100 2846 1260 2927 boscum
1277 2863 1448 2927 vocatum
1464 2846 1513 2926 de
1528 2850 1669 2936 Fossis,
1686 2879 1755 2956 pro

328 2980 532 3058 chaciando
549 2979 695 3057 ibidem
710 2979 758 3056 ad
773 3007 919 3086 grossas
932 2979 1087 3067 bestias,
1102 2978 1151 3058 ad
1163 3005 1278 3086 quem
1296 2977 1422 3056 locum
1436 2995 1567 3088 gentes
1581 2979 1670 3058 dicti
1681 2981 1756 3058 An·
1891 3034 1898 3042 -

326 3109 409 3190 selli
424 3111 618 3189 venientes
633 3127 815 3216 ceperunt
825 3127 957 3218 gentes
971 3109 1062 3188 dicti
1077 3109 1264 3217 episcopi,
1282 3138 1392 3188 canes
1410 3126 1448 3188 et
1463 3111 1585 3188 rethia
1603 3139 1751 3203 eorum,

327 3243 488 3324 dicendo
507 3243 654 3320 dictum
673 3240 869 3319 Ansellum
889 3241 929 3317 in
949 3241 1051 3318 dicto
1067 3241 1183 3319 bosco
1201 3239 1342 3318 habere
1358 3267 1578 3345 garennam
1600 3243 1752 3350 gardam

324 3402 489 3484 gereone
503 3401 547 3450 ac
556 3372 749 3481 justiciam
763 3373 810 3450 ad
825 3373 978 3480 gardam
995 3399 1161 3482 garenne
1180 3371 1451 3478 pertinentem,
1465 3371 1645 3478 gentibus
1662 3373 1753 3452 dicti

325 3507 489 3614 episcopi
505 3507 579 3585 hoc
593 3503 835 3613 negantibus,
854 3503 983 3612 plures
1001 3503 1171 3582 raciones
1189 3531 1209 3580 e
1226 3501 1413 3580 contrario
1433 3505 1749 3609 proponentibus,

325 3657 363 3717 et
377 3637 592 3716 dicentibus
606 3636 713 3744 quod
730 3636 873 3714 dictum
887 3663 1039 3727 nemus,
1058 3651 1232 3713 vocatum
1253 3634 1301 3710 de
1321 3633 1459 3724 Fossis,
1479 3649 1538 3712 est
1554 3637 1751 3743 proprium

325 3767 546 3877 domanium
566 3768 656 3847 dicti
676 3768 859 3875 episcopi,
882 3785 921 3845 et
939 3765 993 3845 ibi
1013 3767 1128 3844 babet
1136 3764 1327 3874 justiciam
1343 3782 1382 3842 at
1398 3783 1477 3842 erat
1492 3764 1545 3843 ihi
1561 3766 1601 3844 in
1618 3767 1752 3846 saisina

325 3898 518 3978 chaciaudi
534 3900 581 3977 ad
596 3927 762 4007 grossam
775 3899 955 3989 bestiam,
972 3916 1012 3976 et
1022 3898 1129 4005 quod
1145 3897 1225 4004 ipsc
1239 3912 1370 4005 gentes
1387 3895 1476 3974 dicti
1490 3895 1650 3990 Anselli,
1666 3900 1753 3976 cha-

325 4031 464 4110 ciantes
479 4030 642 4121 ibidem,
659 4029 761 4108 licite
779 4049 946 4136 ceperat,
962 4047 1155 4136 tamquam
1170 4027 1440 4106 forisfacientes
1459 4027 1498 4104 in
1515 4028 1693 4107 domanio
1714 4049 1753 4109 et

319 4160 469 4269 justicia
487 4189 573 4252 sua3
598 4179 636 4240 et
656 4161 816 4247 idcirco,
837 4177 992 4268 propter
1012 4160 1195 4238 debatum
1218 4159 1404 4237 dictarum
1424 4160 1610 4266 parcium,
1634 4187 1694 4238 res
1714 4180 1753 4239 et

323 4289 436 4396 prisie
455 4291 625 4398 predicte
644 4290 801 4368 inerunt
819 4291 860 4367 iu
878 4317 995 4369 manu
1009 4307 1156 4377 nostra,
1175 4305 1369 4395 tamquam
1383 4289 1588 4394 superioris
1604 4290 1747 4395 posite,

324 4449 438 4530 quare
455 4406 610 4530 petebat
628 4423 752 4501 dictus
770 4423 967 4529 episcopus
986 4421 1140 4528 prisiam
1161 4449 1275 4528 super
1290 4420 1363 4498 boc
1372 4420 1600 4529 justiciando
1614 4419 1749 4498 factam

323 4580 391 4661 per
408 4571 541 4663 gentes
562 4584 648 4632 suas
673 4553 922 4662 degentibus
946 4553 1037 4652 dicti
1063 4552 1207 4632 Auselli
1232 4551 1373 4630 debere
1399 4551 1439 4627 in
1464 4579 1579 4628 manu
1602 4577 1668 4628 sua
1690 4581 1750 4630 re-

323 4686 431 4791 poni,
447 4703 640 4793 tamquam
655 4684 695 4762 in
713 4714 827 4762 mauu
841 4684 992 4792 justicie
1009 4683 1084 4762 loci
1098 4681 1275 4791 predicti,
1290 4697 1327 4759 et
1345 4679 1495 4788 prisias,
1512 4711 1580 4790 per
1602 4682 1744 4767 dictum

322 4809 516 4894 Ausettum
526 4816 671 4894 ibidem
681 4816 809 4905 factas,
822 4815 893 4894 sihi
903 4815 1030 4908 reddi,
1044 4832 1083 4894 et
1091 4814 1426 4922 impedimentum,
1439 4841 1507 4921 per
1520 4815 1662 4892 dictum
1675 4813 1746 4892 An-

322 4944 461 5024 sellum
479 4948 519 5024 in
534 4977 601 5025 sua
612 4948 748 5026 saisina
760 4948 904 5026 ibidem
917 4947 1110 5026 chaciandi
1126 4946 1356 5053 appositum,
1373 4947 1552 5034 amoveri,
1571 4947 1740 5052 predicto

323 5075 476 5158 Ansello
502 5080 544 5156 iu
567 5079 797 5159 contrarium
817 5091 1052 5187 proponente
1072 5093 1109 5156 et
1128 5091 1281 5182 petente
1306 5076 1422 5154 dictas
1440 5074 1587 5182 prisias,
1614 5107 1681 5182 par
1704 5105 1743 5155 se
