<?xml version="1.0" encoding="UTF-8"?>
<!DOCTYPE html PUBLIC "-//W3C//DTD XHTML 1.0 Transitional//EN"
    "http://www.w3.org/TR/xhtml1/DTD/xhtml1-transitional.dtd">
<html xmlns="http://www.w3.org/1999/xhtml" xml:lang="en" lang="en">
 <head>
  <title>
</title>
<meta http-equiv="Content-Type" content="text/html;charset=utf-8" />
  <meta name='ocr-system' content='tesseract 3.04.00' />
  <meta name='ocr-capabilities' content='ocr_page ocr_carea ocr_par ocr_line ocrx_word'/>
</head>
<body>
  <div class='ocr_page' id='page_1' title='image "./lesolimouregist00parigoog_0574.png"; bbox 0 0 4450 6209; ppageno 0'>
   <div class='ocr_carea' id='block_1_1' title="bbox 332 695 2012 5183">
    <p class='ocr_par' dir='ltr' id='par_1_1' title="bbox 332 695 2012 5183">
     <span class='ocr_line' id='line_1_1' title="bbox 775 695 1784 816; baseline -0.005 -16"><span class='ocrx_word' id='word_1_1' title='bbox 775 706 1044 816; x_wconf 78' lang='lat' dir='ltr'>rnoonrns</span> <span class='ocrx_word' id='word_1_2' title='bbox 1071 722 1135 796; x_wconf 86' lang='lat' dir='ltr'>nr</span> <span class='ocrx_word' id='word_1_3' title='bbox 1160 695 1371 797; x_wconf 75' lang='lat' dir='ltr'>procas.</span> <span class='ocrx_word' id='word_1_4' title='bbox 1713 696 1784 796; x_wconf 73' lang='lat' dir='ltr'>arr</span> 
     </span>
     <span class='ocr_line' id='line_1_2' title="bbox 361 865 2012 976; baseline -0.001 -30"><span class='ocrx_word' id='word_1_5' title='bbox 361 869 438 947; x_wconf 86' lang='lat' dir='ltr'>rios</span> <span class='ocrx_word' id='word_1_6' title='bbox 464 867 715 976; x_wconf 89' lang='lat' dir='ltr'>imprisionari</span> <span class='ocrx_word' id='word_1_7' title='bbox 742 884 781 945; x_wconf 88' lang='lat' dir='ltr'>et</span> <span class='ocrx_word' id='word_1_8' title='bbox 801 867 1081 976; x_wconf 85' lang='lat' dir='ltr'>imprisionatos</span> <span class='ocrx_word' id='word_1_9' title='bbox 1106 893 1176 973; x_wconf 89' lang='lat' dir='ltr'>per</span> <span class='ocrx_word' id='word_1_10' title='bbox 1195 865 1363 973; x_wconf 78' lang='lat' dir='ltr'><strong>spacium</strong></span> <span class='ocrx_word' id='word_1_11' title='bbox 1389 866 1675 972; x_wconf 83' lang='lat' dir='ltr'>qdatuordecim</span> <span class='ocrx_word' id='word_1_12' title='bbox 1703 896 1787 973; x_wconf 84' lang='lat' dir='ltr'>sep·</span> <span class='ocrx_word' id='word_1_13' title='bbox 1827 874 1957 929; x_wconf 72' lang='lat' dir='ltr'>Parnm</span> <span class='ocrx_word' id='word_1_14' title='bbox 1971 878 2012 937; x_wconf 74' lang='lat' dir='ltr'>ll&#39;·</span> 
     </span>
     <span class='ocr_line' id='line_1_3' title="bbox 358 968 1951 1103; baseline -0.003 -26"><span class='ocrx_word' id='word_1_15' title='bbox 358 1000 585 1077; x_wconf 85' lang='lat' dir='ltr'>timanarnm</span> <span class='ocrx_word' id='word_1_16' title='bbox 603 997 764 1077; x_wconf 80' lang='lat' dir='ltr'>detineri</span> <span class='ocrx_word' id='word_1_17' title='bbox 784 998 893 1090; x_wconf 84' lang='lat' dir='ltr'>seoit;</span> <span class='ocrx_word' id='word_1_18' title='bbox 909 998 1020 1089; x_wconf 88' lang='lat' dir='ltr'>item,</span> <span class='ocrx_word' id='word_1_19' title='bbox 1041 996 1217 1077; x_wconf 88' lang='lat' dir='ltr'>dicebant</span> <span class='ocrx_word' id='word_1_20' title='bbox 1235 998 1394 1103; x_wconf 77' lang='lat' dir='ltr'>predicti</span> <span class='ocrx_word' id='word_1_21' title='bbox 1414 996 1569 1075; x_wconf 86' lang='lat' dir='ltr'>firmarii</span> <span class='ocrx_word' id='word_1_22' title='bbox 1589 997 1694 1103; x_wconf 92' lang='lat' dir='ltr'>quod</span> <span class='ocrx_word' id='word_1_23' title='bbox 1710 998 1788 1103; x_wconf 87' lang='lat' dir='ltr'>qui-</span> <span class='ocrx_word' id='word_1_24' title='bbox 1889 968 1951 1010; x_wconf 53' lang='grc' dir='ltr'>Μ’</span> 
     </span>
     <span class='ocr_line' id='line_1_4' title="bbox 358 1114 1789 1238; baseline -0.001 -32"><span class='ocrx_word' id='word_1_25' title='bbox 358 1130 463 1221; x_wconf 89' lang='lat' dir='ltr'>dam,</span> <span class='ocrx_word' id='word_1_26' title='bbox 484 1128 639 1207; x_wconf 88' lang='lat' dir='ltr'>nomine</span> <span class='ocrx_word' id='word_1_27' title='bbox 657 1114 903 1223; x_wconf 82' lang='lat' dir='ltr'>Blaoeardus,</span> <span class='ocrx_word' id='word_1_28' title='bbox 924 1130 1079 1238; x_wconf 87' lang='lat' dir='ltr'>petebat</span> <span class='ocrx_word' id='word_1_29' title='bbox 1096 1128 1144 1207; x_wconf 91' lang='lat' dir='ltr'>ab</span> <span class='ocrx_word' id='word_1_30' title='bbox 1170 1129 1312 1207; x_wconf 84' lang='lat' dir='ltr'>eisdem</span> <span class='ocrx_word' id='word_1_31' title='bbox 1333 1145 1477 1235; x_wconf 86' lang='lat' dir='ltr'>partem</span> <span class='ocrx_word' id='word_1_32' title='bbox 1500 1129 1589 1206; x_wconf 88' lang='lat' dir='ltr'>dicti</span> <span class='ocrx_word' id='word_1_33' title='bbox 1608 1128 1727 1217; x_wconf 89' lang='lat' dir='ltr'>bladi,</span> <span class='ocrx_word' id='word_1_34' title='bbox 1751 1147 1789 1207; x_wconf 91' lang='lat' dir='ltr'>et</span> 
     </span>
     <span class='ocr_line' id='line_1_5' title="bbox 356 1260 1787 1370; baseline -0.001 -31"><span class='ocrx_word' id='word_1_35' title='bbox 356 1261 506 1341; x_wconf 85' lang='lat' dir='ltr'>dicebat</span> <span class='ocrx_word' id='word_1_36' title='bbox 536 1262 585 1339; x_wconf 93' lang='lat' dir='ltr'>ad</span> <span class='ocrx_word' id='word_1_37' title='bbox 614 1290 702 1342; x_wconf 88' lang='lat' dir='ltr'>eum</span> <span class='ocrx_word' id='word_1_38' title='bbox 728 1263 934 1370; x_wconf 88' lang='lat' dir='ltr'>pertinere,</span> <span class='ocrx_word' id='word_1_39' title='bbox 961 1263 1112 1342; x_wconf 78' lang='lat' dir='ltr'>racione</span> <span class='ocrx_word' id='word_1_40' title='bbox 1145 1261 1340 1369; x_wconf 88' lang='lat' dir='ltr'>cujusdam</span> <span class='ocrx_word' id='word_1_41' title='bbox 1369 1288 1521 1339; x_wconf 85' lang='lat' dir='ltr'>accense</span> <span class='ocrx_word' id='word_1_42' title='bbox 1548 1260 1619 1338; x_wconf 86' lang='lat' dir='ltr'>sibi</span> <span class='ocrx_word' id='word_1_43' title='bbox 1645 1261 1739 1339; x_wconf 86' lang='lat' dir='ltr'>lacte</span> <span class='ocrx_word' id='word_1_44' title='bbox 1767 1290 1787 1337; x_wconf 86' lang='lat' dir='ltr'>a</span> 
     </span>
     <span class='ocr_line' id='line_1_6' title="bbox 358 1391 1788 1503; baseline -0.001 -32"><span class='ocrx_word' id='word_1_45' title='bbox 358 1391 565 1473; x_wconf 80' lang='lat' dir='ltr'>senescallo</span> <span class='ocrx_word' id='word_1_46' title='bbox 582 1394 786 1473; x_wconf 78' lang='lat' dir='ltr'>Pictavensi</span> <span class='ocrx_word' id='word_1_47' title='bbox 807 1396 855 1473; x_wconf 90' lang='lat' dir='ltr'>de</span> <span class='ocrx_word' id='word_1_48' title='bbox 872 1394 1111 1503; x_wconf 88' lang='lat' dir='ltr'>prepositure</span> <span class='ocrx_word' id='word_1_49' title='bbox 1132 1395 1180 1473; x_wconf 91' lang='lat' dir='ltr'>de</span> <span class='ocrx_word' id='word_1_50' title='bbox 1201 1392 1437 1501; x_wconf 87' lang='lat' dir='ltr'>Chanvigne,</span> <span class='ocrx_word' id='word_1_51' title='bbox 1465 1420 1580 1499; x_wconf 88' lang='lat' dir='ltr'>quare</span> <span class='ocrx_word' id='word_1_52' title='bbox 1609 1392 1788 1497; x_wconf 88' lang='lat' dir='ltr'>petebant</span> 
     </span>
     <span class='ocr_line' id='line_1_7' title="bbox 359 1522 1786 1634; baseline -0.001 -33"><span class='ocrx_word' id='word_1_53' title='bbox 359 1524 449 1601; x_wconf 90' lang='lat' dir='ltr'>dicti</span> <span class='ocrx_word' id='word_1_54' title='bbox 470 1523 625 1601; x_wconf 86' lang='lat' dir='ltr'>firmarii</span> <span class='ocrx_word' id='word_1_55' title='bbox 647 1525 792 1603; x_wconf 86' lang='lat' dir='ltr'>dietum</span> <span class='ocrx_word' id='word_1_56' title='bbox 810 1526 988 1606; x_wconf 91' lang='lat' dir='ltr'>Odonem</span> <span class='ocrx_word' id='word_1_57' title='bbox 1008 1554 1077 1634; x_wconf 89' lang='lat' dir='ltr'>per</span> <span class='ocrx_word' id='word_1_58' title='bbox 1095 1552 1165 1604; x_wconf 86' lang='lat' dir='ltr'>nos</span> <span class='ocrx_word' id='word_1_59' title='bbox 1190 1522 1368 1630; x_wconf 89' lang='lat' dir='ltr'>compelli</span> <span class='ocrx_word' id='word_1_60' title='bbox 1389 1522 1437 1599; x_wconf 92' lang='lat' dir='ltr'>ad</span> <span class='ocrx_word' id='word_1_61' title='bbox 1454 1522 1695 1601; x_wconf 87' lang='lat' dir='ltr'>reddendum</span> <span class='ocrx_word' id='word_1_62' title='bbox 1714 1524 1786 1599; x_wconf 88' lang='lat' dir='ltr'>cis-</span> 
     </span>
     <span class='ocr_line' id='line_1_8' title="bbox 358 1653 1787 1764; baseline -0.001 -31"><span class='ocrx_word' id='word_1_63' title='bbox 358 1656 447 1733; x_wconf 89' lang='lat' dir='ltr'>dem</span> <span class='ocrx_word' id='word_1_64' title='bbox 465 1655 595 1764; x_wconf 86' lang='lat' dir='ltr'>viginti</span> <span class='ocrx_word' id='word_1_65' title='bbox 609 1654 724 1735; x_wconf 88' lang='lat' dir='ltr'>libras</span> <span class='ocrx_word' id='word_1_66' title='bbox 736 1656 939 1764; x_wconf 86' lang='lat' dir='ltr'>predictas,</span> <span class='ocrx_word' id='word_1_67' title='bbox 962 1674 1001 1736; x_wconf 90' lang='lat' dir='ltr'>et</span> <span class='ocrx_word' id='word_1_68' title='bbox 1014 1656 1158 1734; x_wconf 88' lang='lat' dir='ltr'>litteras</span> <span class='ocrx_word' id='word_1_69' title='bbox 1173 1654 1212 1731; x_wconf 93' lang='lat' dir='ltr'>in</span> <span class='ocrx_word' id='word_1_70' title='bbox 1232 1654 1373 1762; x_wconf 88' lang='lat' dir='ltr'>quibus</span> <span class='ocrx_word' id='word_1_71' title='bbox 1390 1682 1428 1731; x_wconf 89' lang='lat' dir='ltr'>se</span> <span class='ocrx_word' id='word_1_72' title='bbox 1451 1653 1711 1763; x_wconf 84' lang='lat' dir='ltr'>obligaverunt</span> <span class='ocrx_word' id='word_1_73' title='bbox 1726 1684 1787 1732; x_wconf 91' lang='lat' dir='ltr'>co-</span> 
     </span>
     <span class='ocr_line' id='line_1_9' title="bbox 357 1784 1782 1875; baseline 0 -13"><span class='ocrx_word' id='word_1_74' title='bbox 357 1814 436 1863; x_wconf 87' lang='lat' dir='ltr'>ram</span> <span class='ocrx_word' id='word_1_75' title='bbox 457 1784 615 1864; x_wconf 91' lang='lat' dir='ltr'>officiale</span> <span class='ocrx_word' id='word_1_76' title='bbox 634 1787 841 1867; x_wconf 87' lang='lat' dir='ltr'>Pictavensi</span> <span class='ocrx_word' id='word_1_77' title='bbox 861 1788 909 1867; x_wconf 88' lang='lat' dir='ltr'>ad</span> <span class='ocrx_word' id='word_1_78' title='bbox 936 1786 1161 1867; x_wconf 87' lang='lat' dir='ltr'>solvendum</span> <span class='ocrx_word' id='word_1_79' title='bbox 1183 1785 1308 1865; x_wconf 90' lang='lat' dir='ltr'>eidem</span> <span class='ocrx_word' id='word_1_80' title='bbox 1328 1812 1515 1863; x_wconf 82' lang='lat' dir='ltr'>smnmam</span> <span class='ocrx_word' id='word_1_81' title='bbox 1536 1785 1782 1875; x_wconf 77' lang='lat' dir='ltr'>antedictam,</span> 
     </span>
     <span class='ocr_line' id='line_1_10' title="bbox 355 1916 1787 2026; baseline 0.001 -33"><span class='ocrx_word' id='word_1_82' title='bbox 355 1944 503 1994; x_wconf 88' lang='lat' dir='ltr'>necnon</span> <span class='ocrx_word' id='word_1_83' title='bbox 516 1935 553 1996; x_wconf 87' lang='lat' dir='ltr'>et</span> <span class='ocrx_word' id='word_1_84' title='bbox 564 1918 836 2026; x_wconf 83' lang='lat' dir='ltr'>quinquaginta</span> <span class='ocrx_word' id='word_1_85' title='bbox 848 1918 978 2007; x_wconf 85' lang='lat' dir='ltr'>libras,</span> <span class='ocrx_word' id='word_1_86' title='bbox 996 1946 1064 2025; x_wconf 92' lang='lat' dir='ltr'>pro</span> <span class='ocrx_word' id='word_1_87' title='bbox 1076 1917 1251 2025; x_wconf 81' lang='lat' dir='ltr'>dampnis</span> <span class='ocrx_word' id='word_1_88' title='bbox 1262 1944 1337 2025; x_wconf 89' lang='lat' dir='ltr'>que</span> <span class='ocrx_word' id='word_1_89' title='bbox 1352 1916 1423 2025; x_wconf 88' lang='lat' dir='ltr'>ipsi</span> <span class='ocrx_word' id='word_1_90' title='bbox 1439 1916 1716 2005; x_wconf 89' lang='lat' dir='ltr'>sustinuerunt,</span> <span class='ocrx_word' id='word_1_91' title='bbox 1733 1947 1787 1994; x_wconf 86' lang='lat' dir='ltr'>ra-</span> 
     </span>
     <span class='ocr_line' id='line_1_11' title="bbox 354 2047 1785 2158; baseline 0.001 -34"><span class='ocrx_word' id='word_1_92' title='bbox 354 2047 463 2126; x_wconf 90' lang='lat' dir='ltr'>cione</span> <span class='ocrx_word' id='word_1_93' title='bbox 473 2048 662 2128; x_wconf 89' lang='lat' dir='ltr'>dictorum</span> <span class='ocrx_word' id='word_1_94' title='bbox 675 2050 1040 2158; x_wconf 84' lang='lat' dir='ltr'>impedimentorum</span> <span class='ocrx_word' id='word_1_95' title='bbox 1053 2050 1278 2158; x_wconf 86' lang='lat' dir='ltr'>etprisionis</span> <span class='ocrx_word' id='word_1_96' title='bbox 1290 2048 1491 2137; x_wconf 88' lang='lat' dir='ltr'>antediote,</span> <span class='ocrx_word' id='word_1_97' title='bbox 1504 2064 1542 2125; x_wconf 89' lang='lat' dir='ltr'>et</span> <span class='ocrx_word' id='word_1_98' title='bbox 1551 2047 1682 2155; x_wconf 90' lang='lat' dir='ltr'>viginti</span> <span class='ocrx_word' id='word_1_99' title='bbox 1692 2050 1785 2126; x_wconf 89' lang='lat' dir='ltr'>duas</span> 
     </span>
     <span class='ocr_line' id='line_1_12' title="bbox 353 2178 1786 2288; baseline 0.003 -33"><span class='ocrx_word' id='word_1_100' title='bbox 353 2180 473 2257; x_wconf 88' lang='lat' dir='ltr'>minas</span> <span class='ocrx_word' id='word_1_101' title='bbox 485 2178 589 2259; x_wconf 87' lang='lat' dir='ltr'>bladi</span> <span class='ocrx_word' id='word_1_102' title='bbox 599 2244 608 2275; x_wconf 90' lang='lat'>,</span> <span class='ocrx_word' id='word_1_103' title='bbox 617 2208 710 2288; x_wconf 78' lang='lat' dir='ltr'>qne,</span> <span class='ocrx_word' id='word_1_104' title='bbox 722 2180 823 2259; x_wconf 85' lang='lat' dir='ltr'>ultra</span> <span class='ocrx_word' id='word_1_105' title='bbox 832 2210 1020 2260; x_wconf 88' lang='lat' dir='ltr'>summam</span> <span class='ocrx_word' id='word_1_106' title='bbox 1031 2180 1217 2269; x_wconf 88' lang='lat' dir='ltr'>debitam,</span> <span class='ocrx_word' id='word_1_107' title='bbox 1231 2197 1466 2288; x_wconf 82' lang='lat' dir='ltr'>supererant,</span> <span class='ocrx_word' id='word_1_108' title='bbox 1481 2197 1518 2256; x_wconf 88' lang='lat' dir='ltr'>et</span> <span class='ocrx_word' id='word_1_109' title='bbox 1529 2180 1672 2257; x_wconf 89' lang='lat' dir='ltr'>eisdem</span> <span class='ocrx_word' id='word_1_110' title='bbox 1684 2210 1786 2285; x_wconf 85' lang='lat' dir='ltr'>pres-</span> 
     </span>
     <span class='ocr_line' id='line_1_13' title="bbox 352 2309 1780 2419; baseline 0.001 -32"><span class='ocrx_word' id='word_1_111' title='bbox 352 2325 432 2387; x_wconf 88' lang='lat' dir='ltr'>tare</span> <span class='ocrx_word' id='word_1_112' title='bbox 452 2309 668 2419; x_wconf 79' lang='lat' dir='ltr'>garandiam</span> <span class='ocrx_word' id='word_1_113' title='bbox 690 2310 867 2391; x_wconf 86' lang='lat' dir='ltr'>adversus</span> <span class='ocrx_word' id='word_1_114' title='bbox 887 2312 1032 2390; x_wconf 87' lang='lat' dir='ltr'>dictum</span> <span class='ocrx_word' id='word_1_115' title='bbox 1047 2310 1222 2391; x_wconf 87' lang='lat' dir='ltr'>Blanoart</span> <span class='ocrx_word' id='word_1_116' title='bbox 1234 2310 1282 2389; x_wconf 93' lang='lat' dir='ltr'>de</span> <span class='ocrx_word' id='word_1_117' title='bbox 1303 2309 1489 2417; x_wconf 87' lang='lat' dir='ltr'>peticione</span> <span class='ocrx_word' id='word_1_118' title='bbox 1511 2338 1574 2387; x_wconf 90' lang='lat' dir='ltr'>sua</span> <span class='ocrx_word' id='word_1_119' title='bbox 1595 2310 1780 2417; x_wconf 89' lang='lat' dir='ltr'>predicta,</span> 
     </span>
     <span class='ocr_line' id='line_1_14' title="bbox 353 2440 1780 2549; baseline 0 -32"><span class='ocrx_word' id='word_1_120' title='bbox 353 2460 392 2518; x_wconf 89' lang='lat' dir='ltr'>et</span> <span class='ocrx_word' id='word_1_121' title='bbox 403 2441 534 2549; x_wconf 81' lang='lat' dir='ltr'>viginti</span> <span class='ocrx_word' id='word_1_122' title='bbox 549 2442 720 2549; x_wconf 88' lang='lat' dir='ltr'>quinque</span> <span class='ocrx_word' id='word_1_123' title='bbox 732 2440 847 2521; x_wconf 84' lang='lat' dir='ltr'>libras</span> <span class='ocrx_word' id='word_1_124' title='bbox 858 2444 1102 2522; x_wconf 84' lang='lat' dir='ltr'>Turonenses</span> <span class='ocrx_word' id='word_1_125' title='bbox 1115 2441 1186 2520; x_wconf 87' lang='lat' dir='ltr'>sibi</span> <span class='ocrx_word' id='word_1_126' title='bbox 1201 2441 1313 2520; x_wconf 92' lang='lat' dir='ltr'>reddi</span> <span class='ocrx_word' id='word_1_127' title='bbox 1328 2469 1398 2548; x_wconf 92' lang='lat' dir='ltr'>pro</span> <span class='ocrx_word' id='word_1_128' title='bbox 1419 2441 1591 2547; x_wconf 81' lang='lat' dir='ltr'>dampnis</span> <span class='ocrx_word' id='word_1_129' title='bbox 1605 2470 1680 2548; x_wconf 87' lang='lat' dir='ltr'>que</span> <span class='ocrx_word' id='word_1_130' title='bbox 1694 2444 1780 2548; x_wconf 89' lang='lat' dir='ltr'>ipsi,</span> 
     </span>
     <span class='ocr_line' id='line_1_15' title="bbox 351 2571 1782 2682; baseline 0 -33"><span class='ocrx_word' id='word_1_131' title='bbox 351 2590 395 2649; x_wconf 89' lang='lat' dir='ltr'>ut</span> <span class='ocrx_word' id='word_1_132' title='bbox 406 2572 597 2663; x_wconf 83' lang='lat' dir='ltr'>dicebant,</span> <span class='ocrx_word' id='word_1_133' title='bbox 609 2572 850 2650; x_wconf 81' lang='lat' dir='ltr'>incurrenmt</span> <span class='ocrx_word' id='word_1_134' title='bbox 861 2572 913 2651; x_wconf 84' lang='lat' dir='ltr'>ob</span> <span class='ocrx_word' id='word_1_135' title='bbox 922 2571 1115 2652; x_wconf 83' lang='lat' dir='ltr'>defectum</span> <span class='ocrx_word' id='word_1_136' title='bbox 1126 2572 1304 2681; x_wconf 83' lang='lat' dir='ltr'>gerendis</span> <span class='ocrx_word' id='word_1_137' title='bbox 1318 2572 1503 2650; x_wconf 83' lang='lat' dir='ltr'>antedicta</span> <span class='ocrx_word' id='word_1_138' title='bbox 1514 2604 1524 2661; x_wconf 78' lang='lat'>3</span> <span class='ocrx_word' id='word_1_139' title='bbox 1536 2572 1638 2651; x_wconf 90' lang='lat' dir='ltr'>dicto</span> <span class='ocrx_word' id='word_1_140' title='bbox 1649 2575 1782 2682; x_wconf 88' lang='lat' dir='ltr'>magis-</span> 
     </span>
     <span class='ocr_line' id='line_1_16' title="bbox 351 2702 1782 2813; baseline 0.001 -34"><span class='ocrx_word' id='word_1_141' title='bbox 351 2720 413 2780; x_wconf 91' lang='lat' dir='ltr'>tro</span> <span class='ocrx_word' id='word_1_142' title='bbox 431 2702 567 2781; x_wconf 94' lang='lat' dir='ltr'>Odone</span> <span class='ocrx_word' id='word_1_143' title='bbox 588 2702 626 2780; x_wconf 90' lang='lat' dir='ltr'>in</span> <span class='ocrx_word' id='word_1_144' title='bbox 642 2705 873 2783; x_wconf 88' lang='lat' dir='ltr'>eontrarium</span> <span class='ocrx_word' id='word_1_145' title='bbox 888 2723 1126 2813; x_wconf 85' lang='lat' dir='ltr'>proponente</span> <span class='ocrx_word' id='word_1_146' title='bbox 1147 2722 1185 2782; x_wconf 85' lang='lat' dir='ltr'>et</span> <span class='ocrx_word' id='word_1_147' title='bbox 1199 2703 1349 2783; x_wconf 86' lang='lat' dir='ltr'>dicente</span> <span class='ocrx_word' id='word_1_148' title='bbox 1369 2734 1408 2783; x_wconf 90' lang='lat' dir='ltr'>se</span> <span class='ocrx_word' id='word_1_149' title='bbox 1426 2704 1581 2783; x_wconf 86' lang='lat' dir='ltr'>eosdem</span> <span class='ocrx_word' id='word_1_150' title='bbox 1595 2704 1782 2811; x_wconf 89' lang='lat' dir='ltr'>imprisio-</span> 
     </span>
     <span class='ocr_line' id='line_1_17' title="bbox 350 2833 1778 2945; baseline 0.002 -33"><span class='ocrx_word' id='word_1_151' title='bbox 350 2862 457 2913; x_wconf 86' lang='lat' dir='ltr'>nasse</span> <span class='ocrx_word' id='word_1_152' title='bbox 471 2862 543 2942; x_wconf 91' lang='lat' dir='ltr'>pro</span> <span class='ocrx_word' id='word_1_153' title='bbox 558 2835 724 2945; x_wconf 83' lang='lat' dir='ltr'>eoquod</span> <span class='ocrx_word' id='word_1_154' title='bbox 738 2836 786 2913; x_wconf 89' lang='lat' dir='ltr'>de</span> <span class='ocrx_word' id='word_1_155' title='bbox 800 2835 899 2915; x_wconf 87' lang='lat' dir='ltr'>dicta</span> <span class='ocrx_word' id='word_1_156' title='bbox 909 2833 1019 2914; x_wconf 88' lang='lat' dir='ltr'>lirma</span> <span class='ocrx_word' id='word_1_157' title='bbox 1030 2835 1157 2915; x_wconf 87' lang='lat' dir='ltr'>eidem</span> <span class='ocrx_word' id='word_1_158' title='bbox 1169 2837 1399 2944; x_wconf 86' lang='lat' dir='ltr'>respondere</span> <span class='ocrx_word' id='word_1_159' title='bbox 1415 2837 1656 2928; x_wconf 72' lang='lat' dir='ltr'>recusabant,</span> <span class='ocrx_word' id='word_1_160' title='bbox 1674 2837 1778 2925; x_wconf 87' lang='lat' dir='ltr'>item,</span> 
     </span>
     <span class='ocr_line' id='line_1_18' title="bbox 350 2966 1776 3076; baseline 0.001 -33"><span class='ocrx_word' id='word_1_161' title='bbox 350 2967 499 3046; x_wconf 87' lang='lat' dir='ltr'>dicente</span> <span class='ocrx_word' id='word_1_162' title='bbox 523 2996 563 3047; x_wconf 90' lang='lat' dir='ltr'>se</span> <span class='ocrx_word' id='word_1_163' title='bbox 589 2996 665 3046; x_wconf 93' lang='lat' dir='ltr'>non</span> <span class='ocrx_word' id='word_1_164' title='bbox 683 2969 805 3047; x_wconf 86' lang='lat' dir='ltr'>teneri</span> <span class='ocrx_word' id='word_1_165' title='bbox 832 2968 879 3045; x_wconf 93' lang='lat' dir='ltr'>ad</span> <span class='ocrx_word' id='word_1_166' title='bbox 903 2968 1188 3047; x_wconf 88' lang='lat' dir='ltr'>restitucionem</span> <span class='ocrx_word' id='word_1_167' title='bbox 1214 2966 1399 3046; x_wconf 81' lang='lat' dir='ltr'>dictamm</span> <span class='ocrx_word' id='word_1_168' title='bbox 1421 2967 1549 3076; x_wconf 91' lang='lat' dir='ltr'>viginti</span> <span class='ocrx_word' id='word_1_169' title='bbox 1575 2967 1776 3061; x_wconf 87' lang='lat' dir='ltr'>librarum,</span> 
     </span>
     <span class='ocr_line' id='line_1_19' title="bbox 349 3098 1823 3211; baseline 0.001 -35"><span class='ocrx_word' id='word_1_170' title='bbox 349 3128 436 3177; x_wconf 87' lang='lat' dir='ltr'>eum</span> <span class='ocrx_word' id='word_1_171' title='bbox 448 3163 457 3192; x_wconf 97' lang='lat'>,</span> <span class='ocrx_word' id='word_1_172' title='bbox 471 3100 519 3178; x_wconf 89' lang='lat' dir='ltr'>de</span> <span class='ocrx_word' id='word_1_173' title='bbox 535 3127 720 3179; x_wconf 87' lang='lat' dir='ltr'>consensu</span> <span class='ocrx_word' id='word_1_174' title='bbox 740 3101 931 3207; x_wconf 86' lang='lat' dir='ltr'>ipsorum,</span> <span class='ocrx_word' id='word_1_175' title='bbox 947 3101 1091 3179; x_wconf 89' lang='lat' dir='ltr'>dictum</span> <span class='ocrx_word' id='word_1_176' title='bbox 1111 3099 1269 3179; x_wconf 88' lang='lat' dir='ltr'>bladum</span> <span class='ocrx_word' id='word_1_177' title='bbox 1287 3099 1419 3179; x_wconf 83' lang='lat' dir='ltr'>firisset</span> <span class='ocrx_word' id='word_1_178' title='bbox 1429 3100 1638 3206; x_wconf 87' lang='lat' dir='ltr'>inspectum</span> <span class='ocrx_word' id='word_1_179' title='bbox 1655 3118 1694 3177; x_wconf 86' lang='lat' dir='ltr'>et</span> <span class='ocrx_word' id='word_1_180' title='bbox 1706 3098 1778 3178; x_wconf 87' lang='lat' dir='ltr'>suit</span> <span class='ocrx_word' id='word_1_181' title='bbox 1819 3204 1823 3211; x_wconf 93' lang='lat'>.</span> 
     </span>
     <span class='ocr_line' id='line_1_20' title="bbox 349 3231 1777 3342; baseline -0.001 -31"><span class='ocrx_word' id='word_1_182' title='bbox 349 3249 543 3340; x_wconf 88' lang='lat' dir='ltr'>repertmn</span> <span class='ocrx_word' id='word_1_183' title='bbox 562 3258 631 3339; x_wconf 88' lang='lat' dir='ltr'>per</span> <span class='ocrx_word' id='word_1_184' title='bbox 645 3233 829 3339; x_wconf 86' lang='lat' dir='ltr'>quosdam</span> <span class='ocrx_word' id='word_1_185' title='bbox 847 3232 1088 3342; x_wconf 87' lang='lat' dir='ltr'>bolengarios</span> <span class='ocrx_word' id='word_1_186' title='bbox 1104 3233 1233 3311; x_wconf 90' lang='lat' dir='ltr'>minus</span> <span class='ocrx_word' id='word_1_187' title='bbox 1252 3231 1376 3309; x_wconf 89' lang='lat' dir='ltr'>valere</span> <span class='ocrx_word' id='word_1_188' title='bbox 1399 3260 1513 3339; x_wconf 88' lang='lat' dir='ltr'>quam</span> <span class='ocrx_word' id='word_1_189' title='bbox 1537 3231 1694 3309; x_wconf 88' lang='lat' dir='ltr'>deberet</span> <span class='ocrx_word' id='word_1_190' title='bbox 1715 3262 1777 3309; x_wconf 89' lang='lat' dir='ltr'>us·</span> 
     </span>
     <span class='ocr_line' id='line_1_21' title="bbox 347 3361 1775 3473; baseline -0.001 -32"><span class='ocrx_word' id='word_1_191' title='bbox 347 3392 423 3471; x_wconf 84' lang='lat' dir='ltr'>que</span> <span class='ocrx_word' id='word_1_192' title='bbox 444 3363 492 3440; x_wconf 91' lang='lat' dir='ltr'>ad</span> <span class='ocrx_word' id='word_1_193' title='bbox 512 3390 700 3441; x_wconf 83' lang='lat' dir='ltr'>summam</span> <span class='ocrx_word' id='word_1_194' title='bbox 721 3364 850 3472; x_wconf 79' lang='lat' dir='ltr'>viginti</span> <span class='ocrx_word' id='word_1_195' title='bbox 869 3364 1052 3444; x_wconf 76' lang='lat' dir='ltr'>librarum</span> <span class='ocrx_word' id='word_1_196' title='bbox 1072 3364 1348 3473; x_wconf 71' lang='lat' dir='ltr'>predictarum</span> <span class='ocrx_word' id='word_1_197' title='bbox 1371 3367 1484 3451; x_wconf 88' lang='lat' dir='ltr'>item,</span> <span class='ocrx_word' id='word_1_198' title='bbox 1505 3361 1653 3440; x_wconf 89' lang='lat' dir='ltr'>dicebat</span> <span class='ocrx_word' id='word_1_199' title='bbox 1673 3364 1775 3470; x_wconf 90' lang='lat' dir='ltr'>quod</span> 
     </span>
     <span class='ocr_line' id='line_1_22' title="bbox 332 3493 1775 3603; baseline -0.002 -32"><span class='ocrx_word' id='word_1_200' title='bbox 332 3494 487 3572; x_wconf 87' lang='lat' dir='ltr'>&#39;dictam</span> <span class='ocrx_word' id='word_1_201' title='bbox 503 3494 714 3603; x_wconf 81' lang='lat' dir='ltr'>grangiam,</span> <span class='ocrx_word' id='word_1_202' title='bbox 733 3524 804 3572; x_wconf 90' lang='lat' dir='ltr'>nee</span> <span class='ocrx_word' id='word_1_203' title='bbox 819 3523 889 3602; x_wconf 90' lang='lat' dir='ltr'>per</span> <span class='ocrx_word' id='word_1_204' title='bbox 900 3523 941 3573; x_wconf 88' lang='lat' dir='ltr'>se</span> <span class='ocrx_word' id='word_1_205' title='bbox 955 3522 1027 3573; x_wconf 88' lang='lat' dir='ltr'>nec</span> <span class='ocrx_word' id='word_1_206' title='bbox 1037 3523 1107 3602; x_wconf 88' lang='lat' dir='ltr'>per</span> <span class='ocrx_word' id='word_1_207' title='bbox 1122 3494 1238 3572; x_wconf 90' lang='lat' dir='ltr'>alium</span> <span class='ocrx_word' id='word_1_208' title='bbox 1262 3494 1351 3572; x_wconf 86' lang='lat' dir='ltr'>lecit</span> <span class='ocrx_word' id='word_1_209' title='bbox 1365 3493 1519 3602; x_wconf 89' lang='lat' dir='ltr'>sigillari</span> <span class='ocrx_word' id='word_1_210' title='bbox 1538 3493 1597 3570; x_wconf 89' lang='lat' dir='ltr'>vel</span> <span class='ocrx_word' id='word_1_211' title='bbox 1616 3494 1775 3579; x_wconf 88' lang='lat' dir='ltr'>firmari,</span> 
     </span>
     <span class='ocr_line' id='line_1_23' title="bbox 346 3624 1776 3739; baseline -0.002 -36"><span class='ocrx_word' id='word_1_212' title='bbox 346 3655 464 3736; x_wconf 86' lang='lat' dir='ltr'>quare</span> <span class='ocrx_word' id='word_1_213' title='bbox 477 3627 525 3737; x_wconf 85' lang='lat' dir='ltr'>ad</span> <span class='ocrx_word' id='word_1_214' title='bbox 530 3627 773 3739; x_wconf 68' lang='lat' dir='ltr'>resarcienda</span> <span class='ocrx_word' id='word_1_215' title='bbox 789 3627 952 3735; x_wconf 91' lang='lat' dir='ltr'>dampna</span> <span class='ocrx_word' id='word_1_216' title='bbox 963 3626 1132 3734; x_wconf 85' lang='lat' dir='ltr'>predicta</span> <span class='ocrx_word' id='word_1_217' title='bbox 1151 3627 1309 3704; x_wconf 87' lang='lat' dir='ltr'>minime</span> <span class='ocrx_word' id='word_1_218' title='bbox 1330 3624 1541 3717; x_wconf 88' lang='lat' dir='ltr'>tenebatur,</span> <span class='ocrx_word' id='word_1_219' title='bbox 1559 3643 1602 3703; x_wconf 91' lang='lat' dir='ltr'>ut</span> <span class='ocrx_word' id='word_1_220' title='bbox 1621 3626 1700 3731; x_wconf 89' lang='lat' dir='ltr'>ipse</span> <span class='ocrx_word' id='word_1_221' title='bbox 1718 3627 1776 3702; x_wconf 90' lang='lat' dir='ltr'>di-</span> 
     </span>
     <span class='ocr_line' id='line_1_24' title="bbox 346 3754 1774 3867; baseline -0.001 -31"><span class='ocrx_word' id='word_1_222' title='bbox 346 3754 472 3837; x_wconf 81' lang='lat' dir='ltr'>cebat&#39;:</span> <span class='ocrx_word' id='word_1_223' title='bbox 483 3758 571 3838; x_wconf 88' lang='lat' dir='ltr'>Visa</span> <span class='ocrx_word' id='word_1_224' title='bbox 585 3760 760 3867; x_wconf 85' lang='lat' dir='ltr'>inquesta</span> <span class='ocrx_word' id='word_1_225' title='bbox 780 3786 895 3867; x_wconf 89' lang='lat' dir='ltr'>super</span> <span class='ocrx_word' id='word_1_226' title='bbox 912 3759 1092 3867; x_wconf 85' lang='lat' dir='ltr'>predictis</span> <span class='ocrx_word' id='word_1_227' title='bbox 1105 3758 1216 3865; x_wconf 86' lang='lat' dir='ltr'>facta,</span> <span class='ocrx_word' id='word_1_228' title='bbox 1233 3786 1302 3866; x_wconf 87' lang='lat' dir='ltr'>per</span> <span class='ocrx_word' id='word_1_229' title='bbox 1316 3758 1419 3835; x_wconf 87' lang='lat' dir='ltr'>curie</span> <span class='ocrx_word' id='word_1_230' title='bbox 1440 3774 1566 3836; x_wconf 86' lang='lat' dir='ltr'>nostre</span> <span class='ocrx_word' id='word_1_231' title='bbox 1584 3758 1774 3866; x_wconf 86' lang='lat' dir='ltr'>judicium</span> 
     </span>
     <span class='ocr_line' id='line_1_25' title="bbox 346 3888 1774 3999; baseline 0.001 -33"><span class='ocrx_word' id='word_1_232' title='bbox 346 3889 491 3967; x_wconf 85' lang='lat' dir='ltr'>dietum</span> <span class='ocrx_word' id='word_1_233' title='bbox 510 3888 583 3967; x_wconf 83' lang='lat' dir='ltr'>fuit</span> <span class='ocrx_word' id='word_1_234' title='bbox 596 3890 703 3997; x_wconf 89' lang='lat' dir='ltr'>quod</span> <span class='ocrx_word' id='word_1_235' title='bbox 714 3890 906 3997; x_wconf 87' lang='lat' dir='ltr'>predictus</span> <span class='ocrx_word' id='word_1_236' title='bbox 920 3892 1099 3999; x_wconf 90' lang='lat' dir='ltr'>magister</span> <span class='ocrx_word' id='word_1_237' title='bbox 1113 3889 1200 3970; x_wconf 91' lang='lat' dir='ltr'>Odo</span> <span class='ocrx_word' id='word_1_238' title='bbox 1215 3892 1262 3969; x_wconf 86' lang='lat' dir='ltr'>de</span> <span class='ocrx_word' id='word_1_239' title='bbox 1278 3889 1475 3970; x_wconf 86' lang='lat' dir='ltr'>Colomers</span> <span class='ocrx_word' id='word_1_240' title='bbox 1495 3889 1632 3967; x_wconf 89' lang='lat' dir='ltr'>reddet</span> <span class='ocrx_word' id='word_1_241' title='bbox 1646 3906 1685 3965; x_wconf 88' lang='lat' dir='ltr'>et</span> <span class='ocrx_word' id='word_1_242' title='bbox 1699 3889 1774 3967; x_wconf 91' lang='lat' dir='ltr'>sol-</span> 
     </span>
     <span class='ocr_line' id='line_1_26' title="bbox 345 4018 1773 4131; baseline 0.001 -36"><span class='ocrx_word' id='word_1_243' title='bbox 345 4038 405 4097; x_wconf 87' lang='lat' dir='ltr'>vet</span> <span class='ocrx_word' id='word_1_244' title='bbox 419 4018 598 4126; x_wconf 88' lang='lat' dir='ltr'>predictis</span> <span class='ocrx_word' id='word_1_245' title='bbox 613 4023 652 4097; x_wconf 91' lang='lat' dir='ltr'>P.</span> <span class='ocrx_word' id='word_1_246' title='bbox 670 4036 709 4097; x_wconf 88' lang='lat' dir='ltr'>et</span> <span class='ocrx_word' id='word_1_247' title='bbox 723 4020 770 4099; x_wconf 89' lang='lat' dir='ltr'>G.</span> <span class='ocrx_word' id='word_1_248' title='bbox 785 4022 916 4131; x_wconf 87' lang='lat' dir='ltr'>viginti</span> <span class='ocrx_word' id='word_1_249' title='bbox 934 4020 1049 4099; x_wconf 87' lang='lat' dir='ltr'>libras</span> <span class='ocrx_word' id='word_1_250' title='bbox 1068 4024 1331 4111; x_wconf 86' lang='lat' dir='ltr'>Turonenses‚</span> <span class='ocrx_word' id='word_1_251' title='bbox 1348 4051 1457 4129; x_wconf 85' lang='lat' dir='ltr'>quas,</span> <span class='ocrx_word' id='word_1_252' title='bbox 1479 4050 1548 4129; x_wconf 92' lang='lat' dir='ltr'>pro</span> <span class='ocrx_word' id='word_1_253' title='bbox 1568 4021 1773 4100; x_wconf 88' lang='lat' dir='ltr'>deteriora-</span> 
     </span>
     <span class='ocr_line' id='line_1_27' title="bbox 344 4149 1771 4261; baseline -0.001 -31"><span class='ocrx_word' id='word_1_254' title='bbox 344 4154 452 4232; x_wconf 88' lang='lat' dir='ltr'>cione</span> <span class='ocrx_word' id='word_1_255' title='bbox 474 4149 564 4228; x_wconf 88' lang='lat' dir='ltr'>dicti</span> <span class='ocrx_word' id='word_1_256' title='bbox 583 4150 704 4241; x_wconf 88' lang='lat' dir='ltr'>bladi,</span> <span class='ocrx_word' id='word_1_257' title='bbox 722 4152 769 4230; x_wconf 89' lang='lat' dir='ltr'>ab</span> <span class='ocrx_word' id='word_1_258' title='bbox 790 4152 934 4229; x_wconf 85' lang='lat' dir='ltr'>eisdem</span> <span class='ocrx_word' id='word_1_259' title='bbox 954 4170 1146 4260; x_wconf 85' lang='lat' dir='ltr'>receperat</span> <span class='ocrx_word' id='word_1_260' title='bbox 1163 4154 1291 4230; x_wconf 89' lang='lat' dir='ltr'>minus</span> <span class='ocrx_word' id='word_1_261' title='bbox 1304 4154 1424 4261; x_wconf 87' lang='lat' dir='ltr'>juste,</span> <span class='ocrx_word' id='word_1_262' title='bbox 1446 4180 1594 4231; x_wconf 92' lang='lat' dir='ltr'>necnon</span> <span class='ocrx_word' id='word_1_263' title='bbox 1616 4170 1653 4227; x_wconf 90' lang='lat' dir='ltr'>et</span> <span class='ocrx_word' id='word_1_264' title='bbox 1674 4151 1771 4228; x_wconf 88' lang='lat' dir='ltr'>litte·</span> 
     </span>
     <span class='ocr_line' id='line_1_28' title="bbox 342 4281 1771 4391; baseline -0.003 -30"><span class='ocrx_word' id='word_1_265' title='bbox 342 4312 402 4363; x_wconf 86' lang='lat' dir='ltr'>ras</span> <span class='ocrx_word' id='word_1_266' title='bbox 421 4284 461 4360; x_wconf 94' lang='lat' dir='ltr'>in</span> <span class='ocrx_word' id='word_1_267' title='bbox 482 4282 621 4391; x_wconf 82' lang='lat' dir='ltr'>quibus</span> <span class='ocrx_word' id='word_1_268' title='bbox 637 4282 727 4359; x_wconf 89' lang='lat' dir='ltr'>dicti</span> <span class='ocrx_word' id='word_1_269' title='bbox 745 4283 785 4359; x_wconf 92' lang='lat' dir='ltr'>P.</span> <span class='ocrx_word' id='word_1_270' title='bbox 802 4298 841 4361; x_wconf 83' lang='lat' dir='ltr'>et</span> <span class='ocrx_word' id='word_1_271' title='bbox 858 4281 904 4362; x_wconf 89' lang='lat' dir='ltr'>G.</span> <span class='ocrx_word' id='word_1_272' title='bbox 924 4311 963 4361; x_wconf 88' lang='lat' dir='ltr'>se</span> <span class='ocrx_word' id='word_1_273' title='bbox 981 4281 1237 4391; x_wconf 87' lang='lat' dir='ltr'>obligaverant</span> <span class='ocrx_word' id='word_1_274' title='bbox 1253 4311 1378 4361; x_wconf 88' lang='lat' dir='ltr'>coram</span> <span class='ocrx_word' id='word_1_275' title='bbox 1399 4282 1550 4362; x_wconf 91' lang='lat' dir='ltr'>officiali</span> <span class='ocrx_word' id='word_1_276' title='bbox 1570 4284 1771 4359; x_wconf 89' lang='lat' dir='ltr'>Pictavensi</span> 
     </span>
     <span class='ocr_line' id='line_1_29' title="bbox 342 4412 1769 4524; baseline -0.003 -31"><span class='ocrx_word' id='word_1_277' title='bbox 342 4418 389 4494; x_wconf 92' lang='lat' dir='ltr'>ad</span> <span class='ocrx_word' id='word_1_278' title='bbox 399 4413 622 4494; x_wconf 87' lang='lat' dir='ltr'>solvendum</span> <span class='ocrx_word' id='word_1_279' title='bbox 638 4413 825 4521; x_wconf 86' lang='lat' dir='ltr'>predictas</span> <span class='ocrx_word' id='word_1_280' title='bbox 834 4413 965 4524; x_wconf 82' lang='lat' dir='ltr'>viginti</span> <span class='ocrx_word' id='word_1_281' title='bbox 975 4413 1090 4492; x_wconf 86' lang='lat' dir='ltr'>libras</span> <span class='ocrx_word' id='word_1_282' title='bbox 1104 4413 1176 4520; x_wconf 91' lang='lat' dir='ltr'>ipsi</span> <span class='ocrx_word' id='word_1_283' title='bbox 1188 4413 1366 4521; x_wconf 86' lang='lat' dir='ltr'>magistro</span> <span class='ocrx_word' id='word_1_284' title='bbox 1376 4412 1521 4503; x_wconf 75' lang='lat' dir='ltr'>odoni,</span> <span class='ocrx_word' id='word_1_285' title='bbox 1544 4413 1653 4500; x_wconf 89' lang='lat' dir='ltr'>item,</span> <span class='ocrx_word' id='word_1_286' title='bbox 1666 4413 1769 4518; x_wconf 91' lang='lat' dir='ltr'>quod</span> 
     </span>
     <span class='ocr_line' id='line_1_30' title="bbox 340 4534 1771 4655; baseline -0.002 -32"><span class='ocrx_word' id='word_1_287' title='bbox 340 4547 533 4655; x_wconf 88' lang='lat' dir='ltr'>predictus</span> <span class='ocrx_word' id='word_1_288' title='bbox 547 4545 633 4625; x_wconf 92' lang='lat' dir='ltr'>Odo</span> <span class='ocrx_word' id='word_1_289' title='bbox 648 4544 765 4624; x_wconf 89' lang='lat' dir='ltr'>solvet</span> <span class='ocrx_word' id='word_1_290' title='bbox 782 4546 892 4623; x_wconf 85' lang='lat' dir='ltr'>dictis</span> <span class='ocrx_word' id='word_1_291' title='bbox 906 4546 946 4624; x_wconf 91' lang='lat' dir='ltr'>P.</span> <span class='ocrx_word' id='word_1_292' title='bbox 960 4563 1000 4624; x_wconf 91' lang='lat' dir='ltr'>et</span> <span class='ocrx_word' id='word_1_293' title='bbox 1014 4546 1076 4634; x_wconf 71' lang='lat' dir='ltr'>G„</span> <span class='ocrx_word' id='word_1_294' title='bbox 1088 4573 1158 4653; x_wconf 88' lang='lat' dir='ltr'>pro</span> <span class='ocrx_word' id='word_1_295' title='bbox 1174 4544 1346 4651; x_wconf 87' lang='lat' dir='ltr'>dampnis</span> <span class='ocrx_word' id='word_1_296' title='bbox 1365 4564 1403 4623; x_wconf 92' lang='lat' dir='ltr'>et</span> <span class='ocrx_word' id='word_1_297' title='bbox 1415 4534 1594 4621; x_wconf 84' lang='lat' dir='ltr'>interesse</span> <span class='ocrx_word' id='word_1_298' title='bbox 1613 4545 1706 4632; x_wconf 88' lang='lat' dir='ltr'>suis,</span> <span class='ocrx_word' id='word_1_299' title='bbox 1725 4544 1771 4621; x_wconf 91' lang='lat' dir='ltr'>il-</span> 
     </span>
     <span class='ocr_line' id='line_1_31' title="bbox 340 4677 1769 4788; baseline -0.001 -33"><span class='ocrx_word' id='word_1_300' title='bbox 340 4677 408 4756; x_wconf 90' lang='lat' dir='ltr'>lud</span> <span class='ocrx_word' id='word_1_301' title='bbox 428 4681 533 4787; x_wconf 90' lang='lat' dir='ltr'>quod</span> <span class='ocrx_word' id='word_1_302' title='bbox 552 4680 623 4786; x_wconf 92' lang='lat' dir='ltr'>ipsi</span> <span class='ocrx_word' id='word_1_303' title='bbox 639 4678 990 4788; x_wconf 82' lang='lat' dir='ltr'>juraverintusque</span> <span class='ocrx_word' id='word_1_304' title='bbox 1010 4678 1059 4755; x_wconf 91' lang='lat' dir='ltr'>ad</span> <span class='ocrx_word' id='word_1_305' title='bbox 1079 4707 1269 4757; x_wconf 88' lang='lat' dir='ltr'>summam</span> <span class='ocrx_word' id='word_1_306' title='bbox 1295 4679 1568 4786; x_wconf 87' lang='lat' dir='ltr'>quinquaginta</span> <span class='ocrx_word' id='word_1_307' title='bbox 1588 4677 1769 4755; x_wconf 88' lang='lat' dir='ltr'>librarum</span> 
     </span>
     <span class='ocr_line' id='line_1_32' title="bbox 340 4809 1770 4921; baseline -0.002 -33"><span class='ocrx_word' id='word_1_308' title='bbox 340 4812 639 4903; x_wconf 78' lang='lat' dir='ltr'>Turonensium3</span> <span class='ocrx_word' id='word_1_309' title='bbox 661 4811 770 4901; x_wconf 88' lang='lat' dir='ltr'>item,</span> <span class='ocrx_word' id='word_1_310' title='bbox 789 4811 897 4921; x_wconf 84' lang='lat' dir='ltr'>quod</span> <span class='ocrx_word' id='word_1_311' title='bbox 909 4811 1103 4918; x_wconf 88' lang='lat' dir='ltr'>predictus</span> <span class='ocrx_word' id='word_1_312' title='bbox 1120 4812 1298 4921; x_wconf 85' lang='lat' dir='ltr'>magister</span> <span class='ocrx_word' id='word_1_313' title='bbox 1313 4809 1400 4889; x_wconf 92' lang='lat' dir='ltr'>Odo</span> <span class='ocrx_word' id='word_1_314' title='bbox 1416 4810 1536 4889; x_wconf 83' lang='lat' dir='ltr'>solvet</span> <span class='ocrx_word' id='word_1_315' title='bbox 1553 4809 1661 4888; x_wconf 89' lang='lat' dir='ltr'>dictis</span> <span class='ocrx_word' id='word_1_316' title='bbox 1673 4811 1713 4885; x_wconf 92' lang='lat' dir='ltr'>P.</span> <span class='ocrx_word' id='word_1_317' title='bbox 1732 4826 1770 4886; x_wconf 85' lang='lat' dir='ltr'>et</span> 
     </span>
     <span class='ocr_line' id='line_1_33' title="bbox 341 4941 1766 5051; baseline -0.002 -29"><span class='ocrx_word' id='word_1_318' title='bbox 341 4941 386 5022; x_wconf 91' lang='lat' dir='ltr'>G.</span> <span class='ocrx_word' id='word_1_319' title='bbox 406 4959 465 5019; x_wconf 89' lang='lat' dir='ltr'>tot</span> <span class='ocrx_word' id='word_1_320' title='bbox 482 4942 605 5020; x_wconf 88' lang='lat' dir='ltr'>minas</span> <span class='ocrx_word' id='word_1_321' title='bbox 618 4941 731 5022; x_wconf 53' lang='lat' dir='ltr'>bladi,</span> <span class='ocrx_word' id='word_1_322' title='bbox 742 4960 837 5050; x_wconf 89' lang='lat' dir='ltr'>quot</span> <span class='ocrx_word' id='word_1_323' title='bbox 856 4943 926 5050; x_wconf 90' lang='lat' dir='ltr'>ipsi</span> <span class='ocrx_word' id='word_1_324' title='bbox 946 4959 1172 5033; x_wconf 84' lang='lat' dir='ltr'>assererent,</span> <span class='ocrx_word' id='word_1_325' title='bbox 1194 4970 1263 5050; x_wconf 87' lang='lat' dir='ltr'>per</span> <span class='ocrx_word' id='word_1_326' title='bbox 1279 4944 1477 5051; x_wconf 88' lang='lat' dir='ltr'>proprium</span> <span class='ocrx_word' id='word_1_327' title='bbox 1488 4944 1766 5051; x_wconf 86' lang='lat' dir='ltr'>juramentum,</span> 
     </span>
     <span class='ocr_line' id='line_1_34' title="bbox 340 5071 1768 5183; baseline -0.001 -34"><span class='ocrx_word' id='word_1_328' title='bbox 340 5092 461 5181; x_wconf 78' lang='lat' dir='ltr'>nsque</span> <span class='ocrx_word' id='word_1_329' title='bbox 475 5074 523 5151; x_wconf 91' lang='lat' dir='ltr'>ad</span> <span class='ocrx_word' id='word_1_330' title='bbox 536 5102 721 5152; x_wconf 88' lang='lat' dir='ltr'>summam</span> <span class='ocrx_word' id='word_1_331' title='bbox 731 5073 859 5182; x_wconf 88' lang='lat' dir='ltr'>viginti</span> <span class='ocrx_word' id='word_1_332' title='bbox 874 5074 1036 5153; x_wconf 88' lang='lat' dir='ltr'>duarum</span> <span class='ocrx_word' id='word_1_333' title='bbox 1047 5074 1251 5166; x_wconf 88' lang='lat' dir='ltr'>minarum,</span> <span class='ocrx_word' id='word_1_334' title='bbox 1265 5076 1389 5183; x_wconf 86' lang='lat' dir='ltr'>ipsum</span> <span class='ocrx_word' id='word_1_335' title='bbox 1400 5072 1576 5155; x_wconf 88' lang='lat' dir='ltr'>Odonem</span> <span class='ocrx_word' id='word_1_336' title='bbox 1592 5071 1768 5153; x_wconf 84' lang='lat' dir='ltr'>habuisse</span> 
     </span>
    </p>
   </div>
   <div class='ocr_carea' id='block_1_2' title="bbox 0 0 2230 6209">
    <p class='ocr_par' dir='ltr' id='par_1_2' title="bbox 0 0 2230 6209">
     <span class='ocr_line' id='line_1_35' title="bbox 0 0 2230 6209; baseline 0 10"><span class='ocrx_word' id='word_1_337' title='bbox 0 0 2230 6209; x_wconf 95' lang='lat' dir='ltr'> </span> 
     </span>
    </p>
   </div>
  </div>
 </body>
</html>
