4450 6209
744 712 1011 822 nuoutrss
1038 730 1101 804 nr
1128 707 1332 802 raocts.

386 878 514 956 Martis
526 893 618 983 post
636 873 1045 980 Sanctum-Georgium.

387 1011 436 1090 Μ.
454 1010 496 1086 Β.
520 1008 568 1086 de
584 1008 765 1104 Briancou
779 1004 990 1111 reportavit.

385 1271 446 1348 Xl.
479 1271 560 1348 lite
580 1287 696 1356 mota,
714 1297 839 1348 coram
850 1267 991 1346 ballivo
1003 1267 1168 1372 episcopi
1182 1263 1413 1353 Parisiensis,
1429 1265 1525 1339 inter
1535 1264 1751 1368 magistrum

330 1400 577 1478 Guillelmum
594 1401 642 1476 de
656 1402 799 1486 Remis,
816 1427 859 1474 ex
873 1427 947 1474 una
966 1414 1091 1504 parte,
1110 1397 1364 1503 etSymonem
1379 1395 1428 1472 de
1441 1394 1566 1475 Insula
1585 1423 1627 1470 ac
1644 1393 1752 1474 Guil-

329 1532 488 1608 lelmum
502 1532 551 1607 de
569 1531 706 1618 Calais,
723 1529 929 1636 gerandum
944 1529 1033 1606 dicti
1049 1528 1239 1635 Symonis,
1258 1555 1302 1603 ex
1314 1527 1444 1614 altera,
1460 1531 1633 1634 super'eo
1646 1526 1752 1632 quod

329 1662 451 1739 dictus
472 1662 646 1768 magister
665 1661 894 1739 Guillelmus
908 1662 1060 1768 petebat
1073 1660 1144 1737 sibi
1164 1659 1370 1766 adjudicari
1386 1658 1600 1736 dominium
1616 1674 1654 1735 et
1666 1685 1752 1762 pro-

327 1793 524 1899 prietatem
541 1793 738 1900 cujusdam
760 1793 915 1879 domus,
935 1791 1005 1868 site
1023 1792 1062 1868 in
1082 1793 1164 1868 vico
1183 1790 1500 1870 Sancti-Germani
1516 1787 1752 1868 Autissiodo-

327 1923 462 2008 rensis,
490 1923 590 2000 inter
620 1922 713 2000 duas
737 1921 890 2012 ruellas,
919 1949 993 2028 que
1025 1920 1098 2000 luit
1125 1920 1292 2001 defuncti
1323 1919 1477 2000 Roberti
1509 1920 1546 1999 le
1578 1920 1749 2009 Coutier,

327 2080 439 2158 quam
458 2052 614 2130 domum
638 2052 760 2130 dictus
777 2054 919 2159 Symon
935 2053 1089 2130 tenebat
1103 2070 1142 2129 et
1156 2051 1388 2158 possidebat,
1407 2068 1445 2130 et
1462 2081 1577 2158 quam
1594 2052 1752 2130 donnum

328 2182 448 2260 dictus
480 2184 656 2291 magister
683 2183 914 2292 Guillelmus
935 2184 1083 2262 dicebat
1104 2184 1174 2260 sibi
1196 2186 1371 2262 donatam
1394 2183 1506 2262 luisse
1530 2213 1552 2258 a
1574 2181 1752 2260 defuncto

328 2312 532 2390 Guillclmo
553 2313 763 2420 Flamingos
792 2314 903 2392 dictis·
927 2315 1090 2422 Symone
1110 2332 1148 2391 et
1164 2313 1371 2392 Guillelmo
1388 2313 1428 2389 in
1447 2315 1675 2390 contrarium
1696 2314 1753 2390 di-

328 2443 500 2522 centibus
519 2444 623 2551 quod
641 2442 855 2522 dominium
876 2462 915 2523 et
933 2445 1142 2552 proprietas
1161 2444 1260 2522 dicte
1286 2445 1422 2523 domus
1444 2472 1522 2520 nou
1541 2443 1589 2520 ad
1609 2443 1752 2520 dimum

327 2573 545 2679 magistrum
574 2573 840 2664 Guillelmum,
872 2577 939 2654 sed
969 2576 1017 2654 ad
1047 2576 1193 2655 dictum
1216 2577 1424 2684 Symooern
1449 2574 1682 2682 pertinebat,
1713 2592 1752 2651 et

327 2705 432 2810 quod
451 2705 602 2786 nullum
611 2705 676 2812 jus
690 2705 853 2786 habebat
864 2707 986 2784 dices
1004 2706 1180 2814 magister
1191 2707 1417 2788 Guillelmus
1428 2704 1582 2812 petendi
1592 2705 1751 2786 eandem

327 2834 651 2926 domum,vi1tute
667 2837 765 2915 dicte
782 2838 1019 2926 donacionis,
1038 2868 1125 2917 cum
1138 2839 1185 2916 de
1199 2866 1239 2915 re
1254 2838 1417 2944 litigiosa
1434 2836 1528 2916 facta
1544 2835 1692 2926 luisset,
1709 2855 1752 2914 ut

327 2966 522 3057 dicebant;
550 2970 701 3074 cognito
727 2968 842 3076 igitur
862 2968 915 3048 -de
937 2969 1035 3048 dicta
1062 2998 1171 3048 causa
1195 2999 1264 3076 per
1291 2968 1435 3047 dictum
1459 2966 1657 3055 ballivum,
1684 2995 1751 3044 seu

326 3099 624 3176 commissarium
645 3099 691 3178 ab
716 3127 762 3178 eo
787 3127 900 3206 super
925 3101 998 3179 boc
1023 3101 1235 3207 specialiter
1253 3100 1491 3208 deputatmu,
1517 3099 1620 3181 idem
1645 3099 1753 3178 belli-

326 3257 409 3316 vus,
431 3229 490 3305 vel
502 3229 583 3335 ejus
600 3230 892 3320 commissarius,
904 3232 1020 3308 trium
1037 3233 1205 3336 parcium
1218 3232 1316 3309 dicte
1332 3230 1470 3308 domus
1485 3230 1751 3336 proprietatem

326 3359 551 3465 adjudicavit
575 3359 700 3438 eidem
726 3360 902 3466 magistro
929 3361 1153 3448 Guillelmo,
1184 3391 1269 3440 cum
1295 3377 1397 3441 certo
1425 3360 1569 3438 bonore
1599 3388 1746 3448 census,

326 3488 448 3566 dictos
469 3488 685 3568 defensores
710 3490 750 3568 iu
770 3491 915 3598 reliqua
933 3509 1060 3599 parte,
1086 3520 1155 3598 per
1178 3491 1281 3572 idern
1298 3491 1508 3599 judicium,
1534 3489 1582 3568 ab
1601 3490 1750 3596 impeti-

326 3619 433 3697 cionc
455 3620 544 3698 dicti
568 3620 733 3727 magistri
754 3621 948 3700 Guillelmi
974 3622 1227 3713 absolvendo,
1249 3652 1269 3698 a
1292 3649 1369 3728 quo
1392 3621 1546 3727 quidem
1562 3620 1746 3727 judicato,

327 3765 516 3857 tamquam
532 3779 552 3826 a
568 3749 663 3828 salso
681 3768 719 3834 et
738 3779 869 3857 pravo,
887 3753 935 3828 ad
951 3769 1118 3832 nostram
1138 3753 1280 3830 muriam
1297 3752 1416 3830 extitit
1434 3751 1663 3858 appellatum
1682 3780 1751 3856 per

328 3882 448 3958 dictos
473 3883 676 3986 Symonem
703 3899 740 3958 et
767 3882 1041 3963 Guillelmnm:
1062 3882 1211 3962 Auditis
1239 3883 1354 3990 igitur
1380 3881 1488 3958 dictis
1517 3881 1686 3988 partibus
1711 3885 1750 3959 in

327 4012 430 4086 curia
444 4028 587 4100 nostra,
610 4012 649 4086 in
669 4041 778 4090 cause
797 4014 1062 4119 appellacionis
1081 4015 1266 4121 predicte,
1282 4015 1436 4121 visoque
1457 4041 1633 4119 processu
1651 4015 1750 4092 dicte

327 4169 436 4218 cause
456 4141 688 4248 principalis,
708 4143 797 4249 quia
817 4144 1010 4222 inventum
1027 4162 1103 4232 est,
1124 4175 1193 4249 per
1211 4147 1377 4222 eundem
1398 4173 1629 4252 processum,
1646 4148 1750 4253 quod

328 4273 374 4350 lis
394 4272 580 4380 pendebat
607 4273 864 4352 interdictum
893 4273 1113 4364 defunctum
1134 4275 1382 4354 Guillelmum
1412 4274 1664 4382 Flemingum,
1683 4277 1749 4384 qui

328 4404 466 4480 dicitur
479 4405 613 4482 dictam
631 4404 877 4484 donacionem
893 4404 1033 4493 fecisse,
1050 4423 1087 4482 et
1102 4405 1433 4514 dictosSymonem
1444 4434 1486 4482 ac
1497 4405 1749 4485 Guillelmum

331 4527 378 4612 de
399 4535 535 4624 Calais,
565 4565 677 4643 super
704 4537 804 4614 dicta
828 4537 959 4624 domo,
988 4539 1025 4612 in
1046 4538 1148 4614 curia
1169 4536 1259 4614 dicti
1279 4536 1463 4642 episcopi,
1484 4553 1750 4645 temporeque

330 4664 429 4741 dicta
448 4665 605 4744 donacio
628 4667 765 4746 dicitur
785 4669 878 4746 lacta
900 4668 1030 4754 luisse,
1062 4685 1101 4746 et
1120 4669 1174 4745 sic
1196 4667 1335 4744 dictam
1358 4694 1439 4744 rem
1462 4667 1640 4746 donatam
1658 4686 1751 4748 tunc

331 4823 409 4872 esse
436 4797 650 4904 litigiosam,
679 4828 745 4905 per
772 4799 874 4878 curie
901 4814 1027 4876 nostre
1047 4798 1255 4906 judicium,
1277 4796 1349 4874 luit
1372 4795 1515 4876 dictum
1537 4799 1751 4903 predictum

331 4924 528 5016 ballivum,
550 4927 607 5006 vel
628 4931 709 5038 ejus
727 4929 1045 5018 commissarium,
1068 4929 1107 5006 in
1128 4946 1312 5036 quantum
1332 4929 1600 5008 contradictus
1618 4929 1749 5008 defen-

331 5084 435 5134 sores
444 5057 638 5163 judicavit,
655 5059 754 5136 male
765 5059 971 5166 judicasse,
985 5077 1023 5136 et
1038 5060 1138 5165 ipsos
1151 5058 1480 5166 beneappellasse3
1498 5077 1556 5149 et,
1572 5060 1661 5166 quia
1672 5061 1751 5135 dic·

1570 5231 1620 5292 81.
