4450 6209
743 692 1011 802 saoneres
1037 708 1102 782 nr
1129 651 1339 784 proces.
1680 701 1750 779 aar

328 851 399 930 rite
415 879 457 928 ao
471 878 549 929 non
563 849 744 959 injuriose
759 853 942 942 fecerant,
960 851 1079 930 immo
1090 849 1332 962 justiciando,
1347 849 1427 929 suis
1441 830 1678 957 exigentibus
1691 848 1758 927 de-
1794 855 1926 919 rmum
1938 854 1982 917 rt,

275 1077 276 1080 Ἴ
330 981 489 1073 meritis,
503 987 543 1062 et'
552 1011 666 1091 super
679 986 753 1064 boc
764 1014 889 1065 coram
902 983 1039 1063 ballivo
1053 985 1241 1092 predicto,
1256 983 1305 1062 ad
1317 983 1376 1062 sui
1388 981 1664 1073 defensionem,
1677 981 1758 1089 plu·
1857 948 1924 991 Μ’

327 1143 387 1195 res
406 1114 594 1205 raciones,
608 1132 685 1194 tam
701 1117 748 1196 de
761 1117 848 1226 jure
864 1145 978 1226 quam
998 1117 1046 1194 de
1063 1116 1178 1209 sacto,
1195 1117 1475 1224 proponebant3
1491 1143 1605 1222 super
1619 1114 1760 1222 quibus

329 1245 418 1324 binc
433 1262 472 1324 et
484 1246 575 1324 inde
585 1249 802 1356 propositis,
818 1248 866 1326 de
878 1248 1056 1326 mandato
1065 1247 1192 1325 bailivi
1202 1247 1379 1355 predicti,
1396 1245 1490 1324 facta
1503 1244 1576 1324 fuit
1586 1246 1765 1354 inquesta

330 1377 430 1456 etad
448 1378 591 1458 curiam
610 1399 776 1460 nostram
792 1397 980 1489 reportata
995 1411 1004 1456 ε
1018 1380 1299 1495 Auditisigitur
1314 1379 1424 1457 dictis
1443 1368 1615 1487 partibus
1635 1396 1672 1457 et
1686 1380 1762 1457 visa

331 1495 534 1618 diligenter
548 1511 721 1620 inquesta
735 1514 919 1620 predicta,
936 1513 1026 1620 quia
1040 1529 1187 1592 constat
1204 1539 1273 1618 per
1293 1513 1433 1626 dictam
1452 1509 1667 1618 inquestam
1685 1511 1763 1589 dic·

329 1659 413 1721 tum
434 1642 662 1735 Johannem,
679 1646 902 1723 servientem
921 1662 1094 1723 nostrum
1112 1644 1153 1720 in
1173 1643 1411 1751 prepositura
1428 1642 1676 1749 Compendii,
1695 1673 1764 1750 per

329 1771 509 1852 ballivum
526 1775 756 1881 predictum,
771 1776 997 1855 ‘litteratorie
1018 1776 1250 1866 institutum,
1269 1775 1411 1881 absque
1432 1804 1478 1852 eo
1494 1776 1599 1882 quod
1618 1775 1763 1853 dictum

331 1905 498 1984 officium
519 1907 589 1986 sibi
610 1907 742 1986 suisset
760 1908 1019 1998 interdictum,
1041 1908 1159 1986 immo
1182 1908 1304 2015 quod,
1327 1909 1376 1984 de
1397 1908 1459 1984 die
1479 1908 1517 1985 in
1538 1907 1659 1996 diem,
1681 1907 1765 1985 offi-

330 2039 431 2115 cium
457 2067 569 2117 suum
595 2041 789 2119 exercebat
812 2069 900 2118 cum
920 2070 1026 2119 casus
1050 2040 1191 2119 adhoc
1217 2069 1257 2117 se
1277 2040 1502 2130 offerebant,
1529 2039 1668 2147 virgam
1697 2043 1764 2118 de-

330 2170 469 2278 pictam
489 2170 537 2248 ad
555 2172 668 2250 flores
689 2172 777 2263 lilii,
801 2173 840 2249 in
860 2173 1010 2282 signum
1029 2174 1224 2251 servientis
1243 2173 1381 2263 nostri,
1399 2172 1438 2249 in
1455 2201 1571 2249 manu
1591 2201 1658 2250 sua
1678 2200 1765 2281 por-

331 2319 430 2394 tans,
447 2303 601 2418 pufflice
615 2321 654 2382 et
666 2333 736 2412 pro
752 2304 936 2384 serviente
952 2321 1082 2383 nostro
1097 2333 1308 2413 segerens,
1325 2305 1527 2412 ipsumque
1542 2304 1596 2382 sic
1615 2305 1764 2383 notorie

333 2461 372 2510 se
392 2452 603 2544 gerentem,
620 2464 689 2542 per
709 2437 830 2514 dictos
846 2436 1028 2545 majorem
1051 2454 1088 2513 et
1096 2436 1261 2543 juratos,
1278 2452 1430 2543 captum
1448 2435 1563 2512 fuisse
1583 2436 1675 2512 etin
1691 2437 1767 2544 pri·

333 2567 439 2646 sione
463 2565 610 2644 firmata
638 2566 724 2644 ville
751 2568 977 2675 Compendii
1002 2596 1072 2677 per
1100 2595 1165 2646 eos
1187 2567 1354 2675 positum
1379 2566 1567 2657 extitisse,
1593 2583 1633 2644 et
1659 2571 1767 2675 quod

334 2715 464 2807 postea
478 2699 638 2806 predicti
653 2700 773 2810 major
787 2679 825 2780 et
832 2700 948 2809 jurati
961 2704 1155 2808 preposito
1168 2697 1606 2806 nostroCompendiiqui
1622 2698 1767 2778 dictum

335 2831 563 2924 Johannem,
581 2849 761 2941 tanquam
779 2833 1003 2912 servientem
1023 2849 1217 2923 nostrum,
1234 2830 1356 2908 abeis
1375 2829 1528 2937 petebat
1546 2829 1619 2908 sibi
1638 2830 1766 2924 reddi,

334 2961 495 3042 reddere
511 2982 748 3055 recusarunt,
764 2993 834 3044 nec
847 2963 973 3072 ipsum
984 2981 1149 3071 posteaa
1167 2963 1334 3070 prisione
1353 2962 1523 3070 predicta
1541 2961 1769 3042 dimiserunt
1796 2981 1800 2988 '

337 3086 453 3183 abire,
467 3122 666 3203 quousque
682 3095 826 3174 eisdem
847 3095 1022 3202 promisit
1043 3095 1149 3203 quod
1163 3095 1211 3172 de
1231 3095 1398 3202 quodam
1416 3093 1680 3202 delicto'quod
1695 3094 1768 3172 sibi
1787 3147 1791 3153 -

337 3226 585 3332 imponebant
600 3228 799 3304 emendam
814 3244 998 3333 prestaret
1016 3256 1085 3306 seu
1102 3227 1242 3305 faceret
1257 3227 1306 3304 ad
1321 3226 1606 3304 ordinacionem
1622 3253 1769 3303 eorum-

339 3357 443 3450 dem;
460 3358 527 3466 qui
548 3358 668 3467 major
682 3375 721 3437 et
734 3359 870 3466 jurati,
891 3357 1017 3436 habita
1038 3358 1319 3438 deliberacione
1335 3387 1451 3464 super
1465 3358 1554 3447 hoc,
1573 3357 1771 3435 ordinave-

337 3507 426 3567 runt
444 3489 484 3566 in
504 3489 619 3568 talem
639 3489 799 3574 modum
819 3491 925 3598 quod
946 3491 1090 3570 dictum
1111 3491 1341 3580 Johannem,
1363 3518 1481 3597 prope
1507 3489 1675 3568 bostirnn
1694 3489 1770 3594 pri-

228 3703 229 3706 ,
337 3621 469 3712 sionis,
493 3622 589 3700 intra
608 3640 783 3702 temones
803 3623 1004 3732 cujusdam
1022 3623 1205 3734 quadrige
1224 3653 1292 3702 seu
1309 3620 1528 3702 tumberelli
1550 3621 1598 3698 ad
1617 3620 1768 3729 fimum,

324 3754 378 3831 'in
398 3782 474 3860 qua
498 3754 619 3862 posita
644 3773 723 3834 erat
742 3755 906 3862 quedam
933 3753 1055 3863 figure
1078 3755 1270 3844 mulieris,
1293 3755 1464 3834 fecerunt
1482 3753 1711 3846 subintrare,
1734 3770 1772 3832 et

338 3886 543 3993 porteriam
566 3886 754 3967 dictorum
774 3895 975 3966 temonum
996 3914 1112 3993 super
1130 3887 1314 3966 humeros
1340 3887 1514 3994 ejusdem
1537 3884 1772 3964 reclamantis

339 4033 430 4093 tunc
449 4043 488 4092 se
513 4044 594 4094 esse
620 4018 846 4096 servientem
873 4035 1065 4109 nostrum,
1087 4033 1316 4125 posuerunt,
1338 4034 1377 4094 et
1392 4015 1533 4095 abhinc
1552 4016 1678 4124 ipsum
1696 4035 1772 4094 tra·

341 4144 487 4234 hendo,
507 4144 556 4223 ad
572 4145 734 4225 modum
752 4149 856 4255 equi,
875 4149 1015 4227 ducere
1032 4149 1173 4226 dictam
1188 4147 1411 4256 quadrigam
1425 4164 1632 4256 coegerunt
1650 4177 1772 4256 usque

340 4277 389 4356 ad
408 4275 614 4384 quemdam
636 4275 762 4355 locum
783 4280 823 4357 in
838 4307 917 4386 quo
934 4278 1112 4359 dicebant
1126 4278 1330 4387 quamdam
1344 4277 1549 4356 mulierem
1560 4305 1696 4355 manus
1711 4307 1774 4356 eo-

316 4409 541 4501 rumdem,
558 4439 626 4518 per
642 4410 792 4517 culpam
810 4439 877 4490 seu
890 4411 1025 4490 dolum
1044 4412 1134 4490 dicti
1149 4411 1352 4502 Johannis,
1366 4410 1538 4502 evasisse,
1551 4426 1590 4486 ct
1604 4397 1775 4489 fecerunt
1837 4502 1843 4508 ,
1950 4456 1953 4463 ·

341 4541 447 4650 quod
468 4541 591 4620 dictus
607 4541 796 4622 Johannes
815 4541 942 4622 locum
962 4543 1176 4650 predictum
1196 4542 1245 4620 de
1265 4541 1363 4619 dicta
1379 4540 1500 4648 figura
1508 4517 1717 4631 resaisivit,
1737 4558 1775 4619 et

343 4672 498 4752 demum
520 4673 680 4782 figuram
701 4676 740 4753 in
759 4675 926 4784 quodam
943 4675 1037 4753 vado
1058 4675 1165 4784 quod
1186 4692 1242 4753 est
1261 4691 1362 4754 extra
1385 4672 1513 4751 sillam
1530 4672 1773 4781 Compendii,

344 4805 391 4883 ad
406 4825 626 4915 preceptum
640 4808 878 4898 eorumdem,
896 4807 1066 4915 projecit,
1084 4808 1124 4884 in
1138 4836 1216 4916 quo
1226 4807 1322 4886 vado
1337 4806 1540 4886 mulierem
1555 4835 1630 4914 que
1643 4808 1772 4896 evasit,

344 4937 566 5046 priusquam
587 4940 778 5034 evaderet,
801 4940 986 5050 projicere
1007 4928 1274 5030 intendebant,
1296 4955 1566 5048 propterque,
1586 4938 1778 5066 percurie

343 5086 472 5148 nostre
494 5068 700 5178 judicium,
728 5074 997 5180 condempnati
1022 5071 1178 5150 suenmt
1204 5070 1363 5178 predicti
1388 5071 1508 5179 major
1535 5087 1575 5151 et
1597 5069 1712 5178 jurati
1740 5085 1778 5146 et
