<?xml version="1.0" encoding="UTF-8"?>
<!DOCTYPE html PUBLIC "-//W3C//DTD XHTML 1.0 Transitional//EN"
    "http://www.w3.org/TR/xhtml1/DTD/xhtml1-transitional.dtd">
<html xmlns="http://www.w3.org/1999/xhtml" xml:lang="en" lang="en">
 <head>
  <title>
</title>
<meta http-equiv="Content-Type" content="text/html;charset=utf-8" />
  <meta name='ocr-system' content='tesseract 3.04.00' />
  <meta name='ocr-capabilities' content='ocr_page ocr_carea ocr_par ocr_line ocrx_word'/>
</head>
<body>
  <div class='ocr_page' id='page_1' title='image "./lesolimouregist00parigoog_0324.png"; bbox 0 0 4450 6209; ppageno 0'>
   <div class='ocr_carea' id='block_1_1' title="bbox 599 715 1741 824">
    <p class='ocr_par' dir='ltr' id='par_1_1' title="bbox 599 715 1741 824">
     <span class='ocr_line' id='line_1_1' title="bbox 599 715 1741 824; baseline -0.002 -15"><span class='ocrx_word' id='word_1_1' title='bbox 599 775 603 781; x_wconf 90' lang='lat'><em>-</em></span> <span class='ocrx_word' id='word_1_2' title='bbox 739 717 1005 824; x_wconf 75' lang='lat' dir='ltr'><strong>suounrus</strong></span> <span class='ocrx_word' id='word_1_3' title='bbox 1030 733 1095 806; x_wconf 83' lang='lat' dir='ltr'><strong>ur</strong></span> <span class='ocrx_word' id='word_1_4' title='bbox 1120 715 1323 807; x_wconf 74' lang='lat' dir='ltr'><strong>procus.</strong></span> <span class='ocrx_word' id='word_1_5' title='bbox 1667 737 1741 808; x_wconf 78' lang='grc' dir='ltr'><strong>ιιι</strong></span> 
     </span>
    </p>
   </div>
   <div class='ocr_carea' id='block_1_2' title="bbox 320 873 1967 3075">
    <p class='ocr_par' dir='ltr' id='par_1_2' title="bbox 320 873 1967 1509">
     <span class='ocr_line' id='line_1_2' title="bbox 320 873 1967 984; baseline -0.001 -28"><span class='ocrx_word' id='word_1_6' title='bbox 320 878 385 956; x_wconf 88' lang='lat' dir='ltr'><strong>bat</strong></span> <span class='ocrx_word' id='word_1_7' title='bbox 403 893 442 954; x_wconf 88' lang='lat' dir='ltr'><strong>ct</strong></span> <span class='ocrx_word' id='word_1_8' title='bbox 465 873 731 984; x_wconf 87' lang='lat' dir='ltr'><strong>impediebat</strong></span> <span class='ocrx_word' id='word_1_9' title='bbox 720 904 760 952; x_wconf 89' lang='grc' dir='ltr'><strong>ιιι</strong></span> <span class='ocrx_word' id='word_1_10' title='bbox 774 875 926 983; x_wconf 86' lang='lat' dir='ltr'><strong>justicia</strong></span> <span class='ocrx_word' id='word_1_11' title='bbox 948 905 1032 966; x_wconf 86' lang='lat' dir='ltr'><strong>sua,</strong></span> <span class='ocrx_word' id='word_1_12' title='bbox 1054 903 1167 982; x_wconf 74' lang='grc' dir='ltr'><strong>φιιιιιι</strong></span> <span class='ocrx_word' id='word_1_13' title='bbox 1191 875 1342 953; x_wconf 87' lang='lat' dir='ltr'><strong>dicebat</strong></span> <span class='ocrx_word' id='word_1_14' title='bbox 1361 903 1400 952; x_wconf 91' lang='lat' dir='ltr'><strong>se</strong></span> <span class='ocrx_word' id='word_1_15' title='bbox 1425 873 1625 953; x_wconf 87' lang='lat' dir='ltr'><strong>haberem</strong></span> <span class='ocrx_word' id='word_1_16' title='bbox 1644 893 1744 954; x_wconf 84' lang='lat' dir='ltr'><strong>terre</strong></span> <span class='ocrx_word' id='word_1_17' title='bbox 1780 882 1911 938; x_wconf 75' lang='lat' dir='ltr'><strong>Parum</strong></span> <span class='ocrx_word' id='word_1_18' title='bbox 1923 886 1967 948; x_wconf 90' lang='lat' dir='ltr'><strong>1v</strong></span> 
     </span>
     <span class='ocr_line' id='line_1_3' title="bbox 320 976 1905 1112; baseline -0.003 -25"><span class='ocrx_word' id='word_1_19' title='bbox 320 1037 386 1087; x_wconf 90' lang='lat' dir='ltr'><strong>sua</strong></span> <span class='ocrx_word' id='word_1_20' title='bbox 395 1006 559 1086; x_wconf 80' lang='lat' dir='ltr'><strong>deVrlla</strong></span> <span class='ocrx_word' id='word_1_21' title='bbox 558 1005 1007 1087; x_wconf 79' lang='lat' dir='ltr'><strong>NovasubtusDonnum</strong></span> <span class='ocrx_word' id='word_1_22' title='bbox 1008 1007 1213 1085; x_wconf 73' lang='lat' dir='ltr'><strong>Martinum</strong></span> <span class='ocrx_word' id='word_1_23' title='bbox 1224 1023 1262 1084; x_wconf 88' lang='lat' dir='ltr'><strong>et</strong></span> <span class='ocrx_word' id='word_1_24' title='bbox 1270 1023 1509 1112; x_wconf 77' lang='lat' dir='ltr'><strong>pertinencus</strong></span> <span class='ocrx_word' id='word_1_25' title='bbox 1519 1006 1618 1084; x_wconf 85' lang='lat' dir='ltr'><strong>drote</strong></span> <span class='ocrx_word' id='word_1_26' title='bbox 1630 1024 1742 1096; x_wconf 86' lang='lat' dir='ltr'><strong>terre</strong></span> <span class='ocrx_word' id='word_1_27' title='bbox 1843 976 1905 1019; x_wconf 70' lang='lat'>¹³⁰⁷</span> 
     </span>
     <span class='ocr_line' id='line_1_4' title="bbox 321 1135 1745 1246; baseline -0.002 -29"><span class='ocrx_word' id='word_1_28' title='bbox 321 1157 454 1246; x_wconf 86' lang='lat' dir='ltr'><strong>petens</strong></span> <span class='ocrx_word' id='word_1_29' title='bbox 473 1139 598 1245; x_wconf 87' lang='lat' dir='ltr'><strong>ipsum</strong></span> <span class='ocrx_word' id='word_1_30' title='bbox 626 1136 805 1214; x_wconf 89' lang='lat' dir='ltr'><strong>comitem</strong></span> <span class='ocrx_word' id='word_1_31' title='bbox 830 1135 1005 1243; x_wconf 90' lang='lat' dir='ltr'><strong>compelli</strong></span> <span class='ocrx_word' id='word_1_32' title='bbox 1026 1136 1075 1213; x_wconf 91' lang='lat' dir='ltr'><strong>ad</strong></span> <span class='ocrx_word' id='word_1_33' title='bbox 1094 1137 1317 1215; x_wconf 86' lang='lat' dir='ltr'><strong>cessandum</strong></span> <span class='ocrx_word' id='word_1_34' title='bbox 1345 1137 1392 1216; x_wconf 90' lang='lat' dir='ltr'><strong>ab</strong></span> <span class='ocrx_word' id='word_1_35' title='bbox 1412 1137 1686 1244; x_wconf 70' lang='lat' dir='ltr'><strong>impedimento</strong></span> <span class='ocrx_word' id='word_1_36' title='bbox 1708 1154 1745 1214; x_wconf 91' lang='lat' dir='ltr'><strong>et</strong></span> 
     </span>
     <span class='ocr_line' id='line_1_5' title="bbox 320 1258 1745 1377; baseline -0.003 -29"><span class='ocrx_word' id='word_1_37' title='bbox 320 1258 617 1377; x_wconf 76' lang='lat' dir='ltr'><strong>perturbacione</strong></span> <span class='ocrx_word' id='word_1_38' title='bbox 631 1268 831 1372; x_wconf 79' lang='lat' dir='ltr'><strong>predictis,</strong></span> <span class='ocrx_word' id='word_1_39' title='bbox 853 1285 892 1346; x_wconf 92' lang='lat' dir='ltr'><strong>et</strong></span> <span class='ocrx_word' id='word_1_40' title='bbox 913 1267 1155 1373; x_wconf 79' lang='lat' dir='ltr'>pronunciari</span> <span class='ocrx_word' id='word_1_41' title='bbox 1175 1267 1300 1374; x_wconf 91' lang='lat' dir='ltr'><strong>ipsum</strong></span> <span class='ocrx_word' id='word_1_42' title='bbox 1325 1295 1403 1346; x_wconf 89' lang='lat' dir='ltr'><strong>non</strong></span> <span class='ocrx_word' id='word_1_43' title='bbox 1424 1267 1563 1346; x_wconf 87' lang='lat' dir='ltr'><strong>habere</strong></span> <span class='ocrx_word' id='word_1_44' title='bbox 1584 1269 1649 1376; x_wconf 87' lang='lat' dir='ltr'><strong>jus</strong></span> <span class='ocrx_word' id='word_1_45' title='bbox 1673 1269 1745 1344; x_wconf 92' lang='lat' dir='ltr'><strong>im-</strong></span> 
     </span>
     <span class='ocr_line' id='line_1_6' title="bbox 322 1398 1746 1509; baseline -0.001 -29"><span class='ocrx_word' id='word_1_46' title='bbox 322 1399 504 1509; x_wconf 91' lang='lat' dir='ltr'><strong>pediendi</strong></span> <span class='ocrx_word' id='word_1_47' title='bbox 518 1399 637 1506; x_wconf 82' lang='lat' dir='ltr'><strong>ipsam</strong></span> <span class='ocrx_word' id='word_1_48' title='bbox 663 1399 703 1475; x_wconf 94' lang='lat' dir='ltr'><strong>in</strong></span> <span class='ocrx_word' id='word_1_49' title='bbox 721 1399 916 1506; x_wconf 79' lang='lat' dir='ltr'>predictis,</span> <span class='ocrx_word' id='word_1_50' title='bbox 938 1416 977 1477; x_wconf 89' lang='lat' dir='ltr'><strong>et</strong></span> <span class='ocrx_word' id='word_1_51' title='bbox 997 1400 1135 1477; x_wconf 89' lang='lat' dir='ltr'><strong>dictam</strong></span> <span class='ocrx_word' id='word_1_52' title='bbox 1149 1399 1339 1507; x_wconf 83' lang='lat' dir='ltr'><strong>justiciam</strong></span> <span class='ocrx_word' id='word_1_53' title='bbox 1364 1400 1411 1477; x_wconf 91' lang='lat' dir='ltr'><strong>ad</strong></span> <span class='ocrx_word' id='word_1_54' title='bbox 1432 1429 1515 1478; x_wconf 89' lang='lat' dir='ltr'><strong>eam</strong></span> <span class='ocrx_word' id='word_1_55' title='bbox 1539 1398 1746 1508; x_wconf 83' lang='lat' dir='ltr'><strong>pertinere,</strong></span> 
     </span>
    </p>

    <p class='ocr_par' dir='ltr' id='par_1_3' title="bbox 323 1530 1748 1897">
     <span class='ocr_line' id='line_1_7' title="bbox 324 1530 1747 1637; baseline -0.004 -25"><span class='ocrx_word' id='word_1_56' title='bbox 324 1533 427 1612; x_wconf 87' lang='lat' dir='ltr'><strong>dioto</strong></span> <span class='ocrx_word' id='word_1_57' title='bbox 445 1530 583 1608; x_wconf 89' lang='lat' dir='ltr'><strong>comite</strong></span> <span class='ocrx_word' id='word_1_58' title='bbox 603 1530 831 1608; x_wconf 88' lang='lat' dir='ltr'><strong>contrarium</strong></span> <span class='ocrx_word' id='word_1_59' title='bbox 855 1530 1025 1622; x_wconf 79' lang='lat' dir='ltr'><strong>dicente,</strong></span> <span class='ocrx_word' id='word_1_60' title='bbox 1049 1546 1088 1606; x_wconf 90' lang='lat' dir='ltr'><strong>et</strong></span> <span class='ocrx_word' id='word_1_61' title='bbox 1104 1545 1257 1636; x_wconf 87' lang='lat' dir='ltr'><strong>petente</strong></span> <span class='ocrx_word' id='word_1_62' title='bbox 1276 1532 1518 1637; x_wconf 85' lang='lat' dir='ltr'><strong>pronunciari</strong></span> <span class='ocrx_word' id='word_1_63' title='bbox 1543 1560 1583 1610; x_wconf 88' lang='lat' dir='ltr'><strong>se</strong></span> <span class='ocrx_word' id='word_1_64' title='bbox 1607 1561 1686 1611; x_wconf 89' lang='lat' dir='ltr'><strong>esse</strong></span> <span class='ocrx_word' id='word_1_65' title='bbox 1707 1531 1747 1607; x_wconf 95' lang='lat' dir='ltr'><strong>in</strong></span> 
     </span>
     <span class='ocr_line' id='line_1_8' title="bbox 323 1660 1748 1772; baseline -0.002 -30"><span class='ocrx_word' id='word_1_66' title='bbox 323 1661 559 1772; x_wconf 70' lang='lat' dir='ltr'><strong>possessione</strong></span> <span class='ocrx_word' id='word_1_67' title='bbox 586 1660 657 1738; x_wconf 88' lang='lat' dir='ltr'><strong>alte</strong></span> <span class='ocrx_word' id='word_1_68' title='bbox 677 1660 847 1769; x_wconf 86' lang='lat' dir='ltr'><strong>justicie,</strong></span> <span class='ocrx_word' id='word_1_69' title='bbox 871 1661 912 1738; x_wconf 89' lang='lat' dir='ltr'><strong>in</strong></span> <span class='ocrx_word' id='word_1_70' title='bbox 935 1678 1036 1739; x_wconf 88' lang='lat' dir='ltr'><strong>terra</strong></span> <span class='ocrx_word' id='word_1_71' title='bbox 1058 1660 1246 1767; x_wconf 87' lang='lat' dir='ltr'><strong>predicta,</strong></span> <span class='ocrx_word' id='word_1_72' title='bbox 1268 1680 1306 1740; x_wconf 89' lang='lat' dir='ltr'><strong>et</strong></span> <span class='ocrx_word' id='word_1_73' title='bbox 1332 1691 1371 1740; x_wconf 87' lang='lat' dir='ltr'><strong>se</strong></span> <span class='ocrx_word' id='word_1_74' title='bbox 1392 1662 1531 1742; x_wconf 86' lang='lat' dir='ltr'><strong>debere</strong></span> <span class='ocrx_word' id='word_1_75' title='bbox 1553 1663 1593 1739; x_wconf 92' lang='lat' dir='ltr'><strong>in</strong></span> <span class='ocrx_word' id='word_1_76' title='bbox 1621 1691 1663 1740; x_wconf 89' lang='lat' dir='ltr'><strong>ea</strong></span> <span class='ocrx_word' id='word_1_77' title='bbox 1687 1689 1748 1739; x_wconf 91' lang='lat' dir='ltr'><strong>re-</strong></span> 
     </span>
     <span class='ocr_line' id='line_1_9' title="bbox 324 1791 1745 1897; baseline -0.001 -26"><span class='ocrx_word' id='word_1_78' title='bbox 324 1821 478 1872; x_wconf 89' lang='lat' dir='ltr'><strong>manere</strong></span> <span class='ocrx_word' id='word_1_79' title='bbox 500 1823 509 1868; x_wconf 75' lang='grc' dir='ltr'><strong><em>ε</em></strong></span> <span class='ocrx_word' id='word_1_80' title='bbox 529 1791 617 1873; x_wconf 86' lang='lat' dir='ltr'><strong>Visa</strong></span> <span class='ocrx_word' id='word_1_81' title='bbox 641 1792 815 1897; x_wconf 83' lang='lat' dir='ltr'><strong>inquesta</strong></span> <span class='ocrx_word' id='word_1_82' title='bbox 840 1819 953 1897; x_wconf 88' lang='lat' dir='ltr'><strong>super</strong></span> <span class='ocrx_word' id='word_1_83' title='bbox 972 1792 1046 1869; x_wconf 93' lang='lat' dir='ltr'><strong>hoc</strong></span> <span class='ocrx_word' id='word_1_84' title='bbox 1072 1791 1121 1868; x_wconf 90' lang='lat' dir='ltr'><strong>de</strong></span> <span class='ocrx_word' id='word_1_85' title='bbox 1148 1792 1325 1870; x_wconf 87' lang='lat' dir='ltr'><strong>mandato</strong></span> <span class='ocrx_word' id='word_1_86' title='bbox 1351 1792 1454 1870; x_wconf 89' lang='lat' dir='ltr'><strong>curie</strong></span> <span class='ocrx_word' id='word_1_87' title='bbox 1481 1812 1607 1872; x_wconf 90' lang='lat' dir='ltr'><strong>nostre</strong></span> <span class='ocrx_word' id='word_1_88' title='bbox 1635 1792 1745 1880; x_wconf 86' lang='lat' dir='ltr'><strong>facta,</strong></span> 
     </span>
    </p>

    <p class='ocr_par' dir='ltr' id='par_1_4' title="bbox 323 1919 1748 2029">
     <span class='ocr_line' id='line_1_10' title="bbox 323 1919 1748 2029; baseline -0.001 -27"><span class='ocrx_word' id='word_1_89' title='bbox 323 1926 401 2002; x_wconf 88' lang='lat' dir='ltr'><strong>viso</strong></span> <span class='ocrx_word' id='word_1_90' title='bbox 422 1924 539 2002; x_wconf 88' lang='lat' dir='ltr'><strong>eciam</strong></span> <span class='ocrx_word' id='word_1_91' title='bbox 564 1922 670 2029; x_wconf 88' lang='lat' dir='ltr'><strong>quod</strong></span> <span class='ocrx_word' id='word_1_92' title='bbox 690 1949 804 2029; x_wconf 87' lang='lat' dir='ltr'><strong>super</strong></span> <span class='ocrx_word' id='word_1_93' title='bbox 820 1921 912 2015; x_wconf 89' lang='lat' dir='ltr'><strong>hoc,</strong></span> <span class='ocrx_word' id='word_1_94' title='bbox 933 1922 1123 2027; x_wconf 87' lang='lat' dir='ltr'><strong>pendente</strong></span> <span class='ocrx_word' id='word_1_95' title='bbox 1143 1919 1228 2011; x_wconf 88' lang='lat' dir='ltr'><strong>lite,</strong></span> <span class='ocrx_word' id='word_1_96' title='bbox 1252 1922 1350 1999; x_wconf 87' lang='lat' dir='ltr'><strong>dicta</strong></span> <span class='ocrx_word' id='word_1_97' title='bbox 1370 1923 1524 2000; x_wconf 91' lang='lat' dir='ltr'><strong>domina</strong></span> <span class='ocrx_word' id='word_1_98' title='bbox 1546 1925 1660 2002; x_wconf 88' lang='lat' dir='ltr'><strong>rebus</strong></span> <span class='ocrx_word' id='word_1_99' title='bbox 1680 1926 1748 2002; x_wconf 91' lang='lat' dir='ltr'><strong>hu-</strong></span> 
     </span>
    </p>

    <p class='ocr_par' dir='ltr' id='par_1_5' title="bbox 324 2051 1747 2162">
     <span class='ocr_line' id='line_1_11' title="bbox 324 2051 1747 2162; baseline -0.001 -28"><span class='ocrx_word' id='word_1_100' title='bbox 324 2056 445 2134; x_wconf 89' lang='lat' dir='ltr'><strong>manis</strong></span> <span class='ocrx_word' id='word_1_101' title='bbox 476 2072 667 2160; x_wconf 79' lang='lat' dir='ltr'><strong>exempta,</strong></span> <span class='ocrx_word' id='word_1_102' title='bbox 692 2053 873 2134; x_wconf 86' lang='lat' dir='ltr'><strong>successit</strong></span> <span class='ocrx_word' id='word_1_103' title='bbox 896 2053 1022 2130; x_wconf 91' lang='lat' dir='ltr'><strong>eidem</strong></span> <span class='ocrx_word' id='word_1_104' title='bbox 1047 2052 1089 2134; x_wconf 88' lang='lat' dir='ltr'><strong>in</strong></span> <span class='ocrx_word' id='word_1_105' title='bbox 1118 2051 1296 2158; x_wconf 87' lang='lat' dir='ltr'><strong>predictis</strong></span> <span class='ocrx_word' id='word_1_106' title='bbox 1322 2053 1499 2160; x_wconf 85' lang='lat' dir='ltr'><strong>magister</strong></span> <span class='ocrx_word' id='word_1_107' title='bbox 1524 2054 1747 2162; x_wconf 85' lang='lat' dir='ltr'><strong>Radulphus</strong></span> 
     </span>
    </p>

    <p class='ocr_par' dir='ltr' id='par_1_6' title="bbox 326 2183 1747 2293">
     <span class='ocr_line' id='line_1_12' title="bbox 326 2183 1747 2293; baseline -0.001 -29"><span class='ocrx_word' id='word_1_108' title='bbox 326 2186 373 2264; x_wconf 89' lang='lat' dir='ltr'><strong>de</strong></span> <span class='ocrx_word' id='word_1_109' title='bbox 399 2185 664 2272; x_wconf 86' lang='lat' dir='ltr'><strong>Chantilliaoo,</strong></span> <span class='ocrx_word' id='word_1_110' title='bbox 689 2184 791 2264; x_wconf 86' lang='lat' dir='ltr'><strong>filius</strong></span> <span class='ocrx_word' id='word_1_111' title='bbox 812 2186 894 2293; x_wconf 90' lang='lat' dir='ltr'><strong>ejus</strong></span> <span class='ocrx_word' id='word_1_112' title='bbox 919 2200 959 2260; x_wconf 87' lang='lat' dir='ltr'><strong>et</strong></span> <span class='ocrx_word' id='word_1_113' title='bbox 974 2183 1103 2271; x_wconf 88' lang='lat' dir='ltr'><strong>heres,</strong></span> <span class='ocrx_word' id='word_1_114' title='bbox 1129 2209 1327 2264; x_wconf 86' lang='lat' dir='ltr'><strong>resumens</strong></span> <span class='ocrx_word' id='word_1_115' title='bbox 1354 2200 1392 2260; x_wconf 92' lang='lat' dir='ltr'><strong>et</strong></span> <span class='ocrx_word' id='word_1_116' title='bbox 1410 2213 1643 2291; x_wconf 88' lang='lat' dir='ltr'><strong>prosequens</strong></span> <span class='ocrx_word' id='word_1_117' title='bbox 1668 2186 1747 2263; x_wconf 87' lang='lat' dir='ltr'><strong>dic-</strong></span> 
     </span>
    </p>

    <p class='ocr_par' dir='ltr' id='par_1_7' title="bbox 323 2312 1748 2552">
     <span class='ocr_line' id='line_1_13' title="bbox 323 2312 1746 2421; baseline -0.001 -27"><span class='ocrx_word' id='word_1_118' title='bbox 323 2333 401 2394; x_wconf 85' lang='lat' dir='ltr'><strong>tam</strong></span> <span class='ocrx_word' id='word_1_119' title='bbox 417 2344 583 2408; x_wconf 87' lang='lat' dir='ltr'><strong>causam,</strong></span> <span class='ocrx_word' id='word_1_120' title='bbox 601 2315 689 2421; x_wconf 88' lang='lat' dir='ltr'><strong>quia</strong></span> <span class='ocrx_word' id='word_1_121' title='bbox 707 2315 902 2396; x_wconf 90' lang='lat' dir='ltr'><strong>inventum</strong></span> <span class='ocrx_word' id='word_1_122' title='bbox 917 2313 992 2391; x_wconf 86' lang='lat' dir='ltr'><strong>fuit</strong></span> <span class='ocrx_word' id='word_1_123' title='bbox 1005 2313 1151 2394; x_wconf 89' lang='lat' dir='ltr'><strong>dictum</strong></span> <span class='ocrx_word' id='word_1_124' title='bbox 1165 2312 1409 2418; x_wconf 88' lang='lat' dir='ltr'><strong>Radulphum</strong></span> <span class='ocrx_word' id='word_1_125' title='bbox 1424 2343 1536 2420; x_wconf 90' lang='lat' dir='ltr'><strong>super</strong></span> <span class='ocrx_word' id='word_1_126' title='bbox 1551 2317 1624 2393; x_wconf 87' lang='lat' dir='ltr'><strong>hoo</strong></span> <span class='ocrx_word' id='word_1_127' title='bbox 1641 2344 1746 2394; x_wconf 87' lang='lat' dir='ltr'><strong>suam</strong></span> 
     </span>
     <span class='ocr_line' id='line_1_14' title="bbox 326 2443 1748 2552; baseline -0.001 -27"><span class='ocrx_word' id='word_1_128' title='bbox 326 2449 579 2526; x_wconf 87' lang='lat' dir='ltr'><strong>intencionem</strong></span> <span class='ocrx_word' id='word_1_129' title='bbox 604 2443 834 2524; x_wconf 85' lang='lat' dir='ltr'><strong>sufficienter</strong></span> <span class='ocrx_word' id='word_1_130' title='bbox 857 2444 1094 2552; x_wconf 82' lang='lat' dir='ltr'><strong>probavisse</strong></span> <span class='ocrx_word' id='word_1_131' title='bbox 1121 2457 1305 2548; x_wconf 90' lang='lat' dir='ltr'><strong>quantum</strong></span> <span class='ocrx_word' id='word_1_132' title='bbox 1333 2443 1381 2519; x_wconf 92' lang='lat' dir='ltr'><strong>ad</strong></span> <span class='ocrx_word' id='word_1_133' title='bbox 1405 2460 1545 2522; x_wconf 85' lang='lat' dir='ltr'><strong>terram</strong></span> <span class='ocrx_word' id='word_1_134' title='bbox 1567 2473 1673 2522; x_wconf 87' lang='lat' dir='ltr'><strong>suam</strong></span> <span class='ocrx_word' id='word_1_135' title='bbox 1700 2445 1748 2523; x_wconf 88' lang='lat' dir='ltr'><strong>de</strong></span> 
     </span>
    </p>

    <p class='ocr_par' dir='ltr' id='par_1_8' title="bbox 325 2547 1746 2684">
     <span class='ocr_line' id='line_1_15' title="bbox 325 2547 1746 2684; baseline -0.003 -27"><span class='ocrx_word' id='word_1_136' title='bbox 325 2578 438 2658; x_wconf 87' lang='lat' dir='ltr'><strong>Villa·</strong></span> <span class='ocrx_word' id='word_1_137' title='bbox 436 2580 535 2655; x_wconf 85' lang='lat' dir='ltr'><strong>Nova</strong></span> <span class='ocrx_word' id='word_1_138' title='bbox 549 2574 748 2684; x_wconf 86' lang='lat' dir='ltr'><strong>predicta</strong></span> <span class='ocrx_word' id='word_1_139' title='bbox 738 2603 779 2652; x_wconf 84' lang='grc' dir='ltr'><strong>ιιι</strong></span> <span class='ocrx_word' id='word_1_140' title='bbox 793 2604 863 2654; x_wconf 88' lang='lat' dir='ltr'><strong>suo</strong></span> <span class='ocrx_word' id='word_1_141' title='bbox 883 2575 1062 2652; x_wconf 90' lang='lat' dir='ltr'><strong>domanio</strong></span> <span class='ocrx_word' id='word_1_142' title='bbox 1084 2572 1326 2665; x_wconf 83' lang='lat' dir='ltr'><strong>existentem,</strong></span> <span class='ocrx_word' id='word_1_143' title='bbox 1347 2573 1638 2681; x_wconf 83' lang='lat' dir='ltr'><strong>pronunciatum</strong></span> <span class='ocrx_word' id='word_1_144' title='bbox 1658 2547 1746 2666; x_wconf 81' lang='lat' dir='ltr'><strong>fuit,</strong></span> 
     </span>
    </p>

    <p class='ocr_par' dir='ltr' id='par_1_9' title="bbox 325 2702 1749 2817">
     <span class='ocr_line' id='line_1_16' title="bbox 325 2702 1749 2817; baseline -0.001 -31"><span class='ocrx_word' id='word_1_145' title='bbox 325 2736 394 2817; x_wconf 89' lang='lat' dir='ltr'><strong>per</strong></span> <span class='ocrx_word' id='word_1_146' title='bbox 409 2707 512 2788; x_wconf 90' lang='lat' dir='ltr'><strong>curie</strong></span> <span class='ocrx_word' id='word_1_147' title='bbox 528 2723 655 2785; x_wconf 89' lang='lat' dir='ltr'><strong>nostre</strong></span> <span class='ocrx_word' id='word_1_148' title='bbox 667 2706 874 2814; x_wconf 88' lang='lat' dir='ltr'><strong>judicium,</strong></span> <span class='ocrx_word' id='word_1_149' title='bbox 896 2705 1042 2783; x_wconf 84' lang='lat' dir='ltr'><strong>dictum</strong></span> <span class='ocrx_word' id='word_1_150' title='bbox 1061 2702 1240 2784; x_wconf 88' lang='lat' dir='ltr'><strong>comitem</strong></span> <span class='ocrx_word' id='word_1_151' title='bbox 1259 2702 1578 2810; x_wconf 83' lang='lat' dir='ltr'><strong>impedimentum</strong></span> <span class='ocrx_word' id='word_1_152' title='bbox 1598 2707 1749 2810; x_wconf 88' lang='lat' dir='ltr'><strong>predic-</strong></span> 
     </span>
    </p>

    <p class='ocr_par' dir='ltr' id='par_1_10' title="bbox 325 2834 1749 3075">
     <span class='ocr_line' id='line_1_17' title="bbox 325 2834 1749 2948; baseline -0.003 -30"><span class='ocrx_word' id='word_1_153' title='bbox 325 2857 409 2918; x_wconf 91' lang='lat' dir='ltr'><strong>tum</strong></span> <span class='ocrx_word' id='word_1_154' title='bbox 431 2839 569 2945; x_wconf 87' lang='lat' dir='ltr'><strong>injuste</strong></span> <span class='ocrx_word' id='word_1_155' title='bbox 594 2837 811 2945; x_wconf 87' lang='lat' dir='ltr'><strong>apposuisse</strong></span> <span class='ocrx_word' id='word_1_156' title='bbox 835 2854 873 2915; x_wconf 89' lang='lat' dir='ltr'><strong>et</strong></span> <span class='ocrx_word' id='word_1_157' title='bbox 895 2836 994 2948; x_wconf 86' lang='lat' dir='ltr'><strong>illud</strong></span> <span class='ocrx_word' id='word_1_158' title='bbox 1017 2834 1158 2913; x_wconf 89' lang='lat' dir='ltr'><strong>debere</strong></span> <span class='ocrx_word' id='word_1_159' title='bbox 1182 2834 1364 2928; x_wconf 88' lang='lat' dir='ltr'><strong>amoveri,</strong></span> <span class='ocrx_word' id='word_1_160' title='bbox 1387 2836 1491 2912; x_wconf 90' lang='lat' dir='ltr'><strong>etad</strong></span> <span class='ocrx_word' id='word_1_161' title='bbox 1511 2835 1655 2914; x_wconf 84' lang='lat' dir='ltr'><strong>dictum</strong></span> <span class='ocrx_word' id='word_1_162' title='bbox 1677 2838 1749 2914; x_wconf 86' lang='lat' dir='ltr'><strong>Ra-</strong></span> 
     </span>
     <span class='ocr_line' id='line_1_18' title="bbox 327 2963 1749 3075; baseline -0.004 -28"><span class='ocrx_word' id='word_1_163' title='bbox 327 2969 518 3075; x_wconf 90' lang='lat' dir='ltr'><strong>dulphum</strong></span> <span class='ocrx_word' id='word_1_164' title='bbox 550 2967 688 3046; x_wconf 88' lang='lat' dir='ltr'><strong>dictam</strong></span> <span class='ocrx_word' id='word_1_165' title='bbox 716 2965 906 3074; x_wconf 87' lang='lat' dir='ltr'><strong>justiciam</strong></span> <span class='ocrx_word' id='word_1_166' title='bbox 933 2966 975 3042; x_wconf 93' lang='lat' dir='ltr'><strong>in</strong></span> <span class='ocrx_word' id='word_1_167' title='bbox 993 2983 1106 3045; x_wconf 88' lang='lat' dir='ltr'><strong>terra</strong></span> <span class='ocrx_word' id='word_1_168' title='bbox 1135 2963 1303 3070; x_wconf 87' lang='lat' dir='ltr'><strong>predicta</strong></span> <span class='ocrx_word' id='word_1_169' title='bbox 1330 2964 1538 3071; x_wconf 86' lang='lat' dir='ltr'><strong>pertinere,</strong></span> <span class='ocrx_word' id='word_1_170' title='bbox 1566 2983 1749 3045; x_wconf 86' lang='lat' dir='ltr'><strong>reservata</strong></span> 
     </span>
    </p>
   </div>
   <div class='ocr_carea' id='block_1_3' title="bbox 320 3093 1750 3607">
    <p class='ocr_par' dir='ltr' id='par_1_11' title="bbox 320 3093 1750 3339">
     <span class='ocr_line' id='line_1_19' title="bbox 320 3093 1750 3207; baseline -0.002 -28.979"><span class='ocrx_word' id='word_1_171' title='bbox 320 3100 430 3179; x_wconf 88' lang='lat' dir='ltr'><strong>dicto</strong></span> <span class='ocrx_word' id='word_1_172' title='bbox 453 3098 584 3178; x_wconf 89' lang='lat' dir='ltr'><strong>comiti</strong></span> <span class='ocrx_word' id='word_1_173' title='bbox 604 3099 803 3207; x_wconf 81' lang='lat' dir='ltr'><strong>questione</strong></span> <span class='ocrx_word' id='word_1_174' title='bbox 821 3126 935 3206; x_wconf 90' lang='lat' dir='ltr'><strong>super</strong></span> <span class='ocrx_word' id='word_1_175' title='bbox 948 3097 1058 3206; x_wconf 90' lang='lat' dir='ltr'><strong>jure,</strong></span> <span class='ocrx_word' id='word_1_176' title='bbox 1079 3126 1110 3174; x_wconf 77' lang='grc' dir='ltr'><strong>ιι</strong></span> <span class='ocrx_word' id='word_1_177' title='bbox 1100 3093 1269 3203; x_wconf 94' lang='lat' dir='ltr'><strong>quod</strong></span> <span class='ocrx_word' id='word_1_178' title='bbox 1259 3123 1339 3202; x_wconf 73' lang='lat' dir='ltr'><strong>ipse</strong></span> <span class='ocrx_word' id='word_1_179' title='bbox 1361 3095 1541 3185; x_wconf 86' lang='lat' dir='ltr'><strong>habebat,</strong></span> <span class='ocrx_word' id='word_1_180' title='bbox 1564 3113 1651 3174; x_wconf 90' lang='lat' dir='ltr'><strong>ante</strong></span> <span class='ocrx_word' id='word_1_181' title='bbox 1669 3125 1750 3175; x_wconf 88' lang='lat' dir='ltr'><strong>mo-</strong></span> 
     </span>
     <span class='ocr_line' id='line_1_20' title="bbox 328 3225 1630 3339; baseline -0.004 -30"><span class='ocrx_word' id='word_1_182' title='bbox 328 3247 407 3309; x_wconf 89' lang='lat' dir='ltr'><strong>tam</strong></span> <span class='ocrx_word' id='word_1_183' title='bbox 425 3230 532 3310; x_wconf 89' lang='lat' dir='ltr'><strong>litem</strong></span> <span class='ocrx_word' id='word_1_184' title='bbox 551 3230 771 3338; x_wconf 87' lang='lat' dir='ltr'><strong>predictam,</strong></span> <span class='ocrx_word' id='word_1_185' title='bbox 792 3228 986 3339; x_wconf 86' lang='lat' dir='ltr'><strong>ajornandi</strong></span> <span class='ocrx_word' id='word_1_186' title='bbox 1006 3255 1132 3307; x_wconf 88' lang='lat' dir='ltr'><strong>coram</strong></span> <span class='ocrx_word' id='word_1_187' title='bbox 1150 3255 1191 3304; x_wconf 88' lang='lat' dir='ltr'><strong>se</strong></span> <span class='ocrx_word' id='word_1_188' title='bbox 1210 3225 1386 3314; x_wconf 87' lang='lat' dir='ltr'><strong>homines</strong></span> <span class='ocrx_word' id='word_1_189' title='bbox 1402 3225 1502 3305; x_wconf 89' lang='lat' dir='ltr'><strong>dicte</strong></span> <span class='ocrx_word' id='word_1_190' title='bbox 1518 3242 1630 3308; x_wconf 84' lang='lat' dir='ltr'><strong>terre.</strong></span> 
     </span>
    </p>

    <p class='ocr_par' dir='ltr' id='par_1_12' title="bbox 385 3361 844 3442">
     <span class='ocr_line' id='line_1_21' title="bbox 385 3361 844 3442; baseline -0.007 -1"><span class='ocrx_word' id='word_1_191' title='bbox 385 3363 428 3441; x_wconf 92' lang='lat' dir='ltr'><strong>ln</strong></span> <span class='ocrx_word' id='word_1_192' title='bbox 447 3361 544 3442; x_wconf 86' lang='lat' dir='ltr'><strong>festo</strong></span> <span class='ocrx_word' id='word_1_193' title='bbox 562 3362 664 3441; x_wconf 87' lang='lat' dir='ltr'><strong>beati</strong></span> <span class='ocrx_word' id='word_1_194' title='bbox 682 3361 844 3440; x_wconf 84' lang='lat' dir='ltr'><strong>Andree.</strong></span> 
     </span>
    </p>

    <p class='ocr_par' dir='ltr' id='par_1_13' title="bbox 386 3491 776 3607">
     <span class='ocr_line' id='line_1_22' title="bbox 386 3491 776 3607; baseline -0.01 -33"><span class='ocrx_word' id='word_1_195' title='bbox 386 3493 546 3578; x_wconf 83' lang='lat' dir='ltr'><strong>Cuillier</strong></span> <span class='ocrx_word' id='word_1_196' title='bbox 562 3491 776 3607; x_wconf 80' lang='lat' dir='ltr'><strong>reportavit,</strong></span> 
     </span>
    </p>
   </div>
   <div class='ocr_carea' id='block_1_4' title="bbox 331 3751 1758 5174">
    <p class='ocr_par' dir='ltr' id='par_1_14' title="bbox 331 3751 1758 5174">
     <span class='ocr_line' id='line_1_23' title="bbox 385 3751 1753 3840; baseline -0.007 0"><span class='ocrx_word' id='word_1_197' title='bbox 385 3760 446 3840; x_wconf 86' lang='lat' dir='ltr'><strong>IV.</strong></span> <span class='ocrx_word' id='word_1_198' title='bbox 477 3761 574 3840; x_wconf 86' lang='lat' dir='ltr'><strong>Cum</strong></span> <span class='ocrx_word' id='word_1_199' title='bbox 583 3776 686 3838; x_wconf 92' lang='lat' dir='ltr'><strong>mota</strong></span> <span class='ocrx_word' id='word_1_200' title='bbox 698 3777 796 3839; x_wconf 87' lang='lat' dir='ltr'><strong>esset</strong></span> <span class='ocrx_word' id='word_1_201' title='bbox 810 3756 997 3838; x_wconf 87' lang='lat' dir='ltr'><strong>discordia</strong></span> <span class='ocrx_word' id='word_1_202' title='bbox 1007 3785 1133 3836; x_wconf 92' lang='lat' dir='ltr'><strong>coram</strong></span> <span class='ocrx_word' id='word_1_203' title='bbox 1146 3754 1257 3834; x_wconf 90' lang='lat' dir='ltr'><strong>nobis</strong></span> <span class='ocrx_word' id='word_1_204' title='bbox 1271 3752 1591 3834; x_wconf 86' lang='lat' dir='ltr'><strong>interGeraldum</strong></span> <span class='ocrx_word' id='word_1_205' title='bbox 1606 3751 1654 3830; x_wconf 90' lang='lat' dir='ltr'><strong>de</strong></span> <span class='ocrx_word' id='word_1_206' title='bbox 1668 3754 1753 3834; x_wconf 85' lang='lat' dir='ltr'><strong>Cor-</strong></span> 
     </span>
     <span class='ocr_line' id='line_1_24' title="bbox 331 3876 1751 3998; baseline -0.003 -32"><span class='ocrx_word' id='word_1_207' title='bbox 331 3876 451 3979; x_wconf 87' lang='lat' dir='ltr'><strong>nelio,</strong></span> <span class='ocrx_word' id='word_1_208' title='bbox 471 3889 647 3986; x_wconf 91' lang='lat' dir='ltr'><strong>militem,</strong></span> <span class='ocrx_word' id='word_1_209' title='bbox 669 3909 707 3970; x_wconf 86' lang='lat' dir='ltr'><strong>et</strong></span> <span class='ocrx_word' id='word_1_210' title='bbox 725 3890 985 3981; x_wconf 89' lang='lat' dir='ltr'><strong>Guillelmam,</strong></span> <span class='ocrx_word' id='word_1_211' title='bbox 1003 3890 1085 3998; x_wconf 88' lang='lat' dir='ltr'><strong>ejus</strong></span> <span class='ocrx_word' id='word_1_212' title='bbox 1102 3915 1289 3978; x_wconf 90' lang='lat' dir='ltr'><strong>sororem,</strong></span> <span class='ocrx_word' id='word_1_213' title='bbox 1313 3915 1354 3964; x_wconf 82' lang='lat' dir='ltr'><strong>ex</strong></span> <span class='ocrx_word' id='word_1_214' title='bbox 1376 3914 1451 3964; x_wconf 87' lang='lat' dir='ltr'><strong>una</strong></span> <span class='ocrx_word' id='word_1_215' title='bbox 1471 3902 1594 3992; x_wconf 84' lang='lat' dir='ltr'><strong>parte,</strong></span> <span class='ocrx_word' id='word_1_216' title='bbox 1616 3880 1653 3963; x_wconf 78' lang='lat' dir='ltr'><strong>el</strong></span> <span class='ocrx_word' id='word_1_217' title='bbox 1672 3913 1751 3963; x_wconf 91' lang='lat' dir='ltr'><strong>ma-</strong></span> 
     </span>
     <span class='ocr_line' id='line_1_25' title="bbox 331 4015 1753 4128; baseline -0.006 -28"><span class='ocrx_word' id='word_1_218' title='bbox 331 4021 488 4128; x_wconf 84' lang='lat' dir='ltr'><strong>gistrum</strong></span> <span class='ocrx_word' id='word_1_219' title='bbox 506 4021 713 4100; x_wconf 87' lang='lat' dir='ltr'><strong>Fuloonem</strong></span> <span class='ocrx_word' id='word_1_220' title='bbox 739 4023 788 4100; x_wconf 91' lang='lat' dir='ltr'><strong>de</strong></span> <span class='ocrx_word' id='word_1_221' title='bbox 815 4021 935 4109; x_wconf 89' lang='lat' dir='ltr'><strong>Soris,</strong></span> <span class='ocrx_word' id='word_1_222' title='bbox 961 4035 1242 4127; x_wconf 87' lang='lat' dir='ltr'><strong>procuratorem</strong></span> <span class='ocrx_word' id='word_1_223' title='bbox 1265 4034 1437 4097; x_wconf 86' lang='lat' dir='ltr'><strong>nostrum</strong></span> <span class='ocrx_word' id='word_1_224' title='bbox 1462 4017 1502 4094; x_wconf 91' lang='lat' dir='ltr'><strong>in</strong></span> <span class='ocrx_word' id='word_1_225' title='bbox 1527 4015 1753 4094; x_wconf 88' lang='lat' dir='ltr'><strong>senescalliis</strong></span> 
     </span>
     <span class='ocr_line' id='line_1_26' title="bbox 332 4145 1752 4262; baseline -0.003 -35"><span class='ocrx_word' id='word_1_226' title='bbox 332 4151 625 4262; x_wconf 86' lang='lat' dir='ltr'><strong>Petragoricensi</strong></span> <span class='ocrx_word' id='word_1_227' title='bbox 646 4170 685 4231; x_wconf 89' lang='lat' dir='ltr'><strong>et</strong></span> <span class='ocrx_word' id='word_1_228' title='bbox 700 4151 937 4241; x_wconf 86' lang='lat' dir='ltr'><strong>Caturcensi,</strong></span> <span class='ocrx_word' id='word_1_229' title='bbox 954 4180 999 4228; x_wconf 85' lang='lat' dir='ltr'><strong>ex</strong></span> <span class='ocrx_word' id='word_1_230' title='bbox 1017 4150 1149 4241; x_wconf 89' lang='lat' dir='ltr'><strong>altera,</strong></span> <span class='ocrx_word' id='word_1_231' title='bbox 1166 4177 1280 4257; x_wconf 88' lang='lat' dir='ltr'><strong>super</strong></span> <span class='ocrx_word' id='word_1_232' title='bbox 1293 4177 1338 4226; x_wconf 89' lang='lat' dir='ltr'><strong>eo</strong></span> <span class='ocrx_word' id='word_1_233' title='bbox 1353 4148 1460 4255; x_wconf 94' lang='lat' dir='ltr'><strong>quod</strong></span> <span class='ocrx_word' id='word_1_234' title='bbox 1472 4145 1649 4224; x_wconf 87' lang='lat' dir='ltr'><strong>dicebant</strong></span> <span class='ocrx_word' id='word_1_235' title='bbox 1662 4146 1752 4224; x_wconf 89' lang='lat' dir='ltr'><strong>dicti</strong></span> 
     </span>
     <span class='ocr_line' id='line_1_27' title="bbox 332 4276 1753 4391; baseline -0.006 -31"><span class='ocrx_word' id='word_1_236' title='bbox 332 4282 511 4391; x_wconf 85' lang='lat' dir='ltr'><strong>conjuges</strong></span> <span class='ocrx_word' id='word_1_237' title='bbox 522 4285 628 4391; x_wconf 91' lang='lat' dir='ltr'><strong>quod</strong></span> <span class='ocrx_word' id='word_1_238' title='bbox 637 4282 825 4362; x_wconf 86' lang='lat' dir='ltr'><strong>Geraldus</strong></span> <span class='ocrx_word' id='word_1_239' title='bbox 837 4283 966 4373; x_wconf 83' lang='lat' dir='ltr'><strong>Flotc,</strong></span> <span class='ocrx_word' id='word_1_240' title='bbox 981 4281 1110 4371; x_wconf 90' lang='lat' dir='ltr'><strong>miles,</strong></span> <span class='ocrx_word' id='word_1_241' title='bbox 1127 4297 1219 4358; x_wconf 87' lang='lat' dir='ltr'><strong>tunc</strong></span> <span class='ocrx_word' id='word_1_242' title='bbox 1238 4276 1464 4357; x_wconf 86' lang='lat' dir='ltr'><strong>senescallus</strong></span> <span class='ocrx_word' id='word_1_243' title='bbox 1479 4276 1753 4383; x_wconf 81' lang='lat' dir='ltr'><strong>Petregorioen-</strong></span> 
     </span>
     <span class='ocr_line' id='line_1_28' title="bbox 333 4405 1754 4523; baseline -0.006 -33"><span class='ocrx_word' id='word_1_244' title='bbox 333 4411 383 4490; x_wconf 83' lang='lat' dir='ltr'><strong>sis</strong></span> <span class='ocrx_word' id='word_1_245' title='bbox 395 4414 693 4523; x_wconf 71' lang='lat' dir='ltr'><strong>etQaturcensis,</strong></span> <span class='ocrx_word' id='word_1_246' title='bbox 706 4443 771 4492; x_wconf 87' lang='lat' dir='ltr'><strong>eos</strong></span> <span class='ocrx_word' id='word_1_247' title='bbox 784 4441 910 4491; x_wconf 87' lang='lat' dir='ltr'><strong>coram</strong></span> <span class='ocrx_word' id='word_1_248' title='bbox 922 4439 962 4490; x_wconf 88' lang='lat' dir='ltr'><strong>se</strong></span> <span class='ocrx_word' id='word_1_249' title='bbox 974 4427 1134 4488; x_wconf 85' lang='lat' dir='ltr'><strong>traxerat</strong></span> <span class='ocrx_word' id='word_1_250' title='bbox 1146 4409 1185 4484; x_wconf 91' lang='lat' dir='ltr'><strong>in</strong></span> <span class='ocrx_word' id='word_1_251' title='bbox 1201 4436 1366 4498; x_wconf 85' lang='lat' dir='ltr'><strong>causam,</strong></span> <span class='ocrx_word' id='word_1_252' title='bbox 1381 4407 1428 4484; x_wconf 92' lang='lat' dir='ltr'><strong>ad</strong></span> <span class='ocrx_word' id='word_1_253' title='bbox 1443 4405 1660 4483; x_wconf 89' lang='lat' dir='ltr'><strong>instanciam</strong></span> <span class='ocrx_word' id='word_1_254' title='bbox 1672 4433 1754 4511; x_wconf 82' lang='lat' dir='ltr'><strong>pro</strong></span> 
     </span>
     <span class='ocr_line' id='line_1_29' title="bbox 334 4537 1753 4652; baseline -0.006 -32"><span class='ocrx_word' id='word_1_255' title='bbox 334 4544 514 4623; x_wconf 85' lang='lat' dir='ltr'><strong>curaton&#39;s</strong></span> <span class='ocrx_word' id='word_1_256' title='bbox 537 4545 657 4623; x_wconf 89' lang='lat' dir='ltr'><strong>nostri</strong></span> <span class='ocrx_word' id='word_1_257' title='bbox 683 4544 865 4652; x_wconf 86' lang='lat' dir='ltr'><strong>predicti,</strong></span> <span class='ocrx_word' id='word_1_258' title='bbox 886 4541 1084 4620; x_wconf 86' lang='lat' dir='ltr'><strong>asserentis</strong></span> <span class='ocrx_word' id='word_1_259' title='bbox 1104 4540 1233 4620; x_wconf 87' lang='lat' dir='ltr'><strong>dotem</strong></span> <span class='ocrx_word' id='word_1_260' title='bbox 1253 4537 1352 4616; x_wconf 90' lang='lat' dir='ltr'><strong>dicte</strong></span> <span class='ocrx_word' id='word_1_261' title='bbox 1379 4537 1579 4616; x_wconf 87' lang='lat' dir='ltr'><strong>Guillelme</strong></span> <span class='ocrx_word' id='word_1_262' title='bbox 1600 4553 1638 4613; x_wconf 89' lang='lat' dir='ltr'><strong>et</strong></span> <span class='ocrx_word' id='word_1_263' title='bbox 1660 4565 1753 4642; x_wconf 90' lang='lat' dir='ltr'><strong>que-</strong></span> 
     </span>
     <span class='ocr_line' id='line_1_30' title="bbox 335 4665 1754 4784; baseline -0.005 -34"><span class='ocrx_word' id='word_1_264' title='bbox 335 4674 421 4750; x_wconf 87' lang='lat' dir='ltr'><strong>dam</strong></span> <span class='ocrx_word' id='word_1_265' title='bbox 441 4674 511 4752; x_wconf 87' lang='lat' dir='ltr'><strong>alia</strong></span> <span class='ocrx_word' id='word_1_266' title='bbox 530 4675 632 4755; x_wconf 91' lang='lat' dir='ltr'><strong>bona</strong></span> <span class='ocrx_word' id='word_1_267' title='bbox 647 4674 816 4784; x_wconf 89' lang='lat' dir='ltr'><strong>ejusdem</strong></span> <span class='ocrx_word' id='word_1_268' title='bbox 835 4702 915 4751; x_wconf 89' lang='lat' dir='ltr'><strong>esse</strong></span> <span class='ocrx_word' id='word_1_269' title='bbox 935 4672 1045 4750; x_wconf 86' lang='lat' dir='ltr'><strong>uobis</strong></span> <span class='ocrx_word' id='word_1_270' title='bbox 1069 4670 1283 4757; x_wconf 86' lang='lat' dir='ltr'><strong>commissa,</strong></span> <span class='ocrx_word' id='word_1_271' title='bbox 1307 4668 1502 4775; x_wconf 88' lang='lat' dir='ltr'><strong>dictusque</strong></span> <span class='ocrx_word' id='word_1_272' title='bbox 1526 4665 1754 4744; x_wconf 85' lang='lat' dir='ltr'><strong>senescallus</strong></span> 
     </span>
     <span class='ocr_line' id='line_1_31' title="bbox 333 4798 1755 4913; baseline -0.004 -32"><span class='ocrx_word' id='word_1_273' title='bbox 333 4807 656 4910; x_wconf 85' lang='lat' dir='ltr'><strong>pronunciaverat,</strong></span> <span class='ocrx_word' id='word_1_274' title='bbox 676 4835 745 4913; x_wconf 91' lang='lat' dir='ltr'><strong>per</strong></span> <span class='ocrx_word' id='word_1_275' title='bbox 761 4803 997 4883; x_wconf 85' lang='lat' dir='ltr'><strong>diffinitivam</strong></span> <span class='ocrx_word' id='word_1_276' title='bbox 1016 4831 1122 4883; x_wconf 90' lang='lat' dir='ltr'><strong>suam</strong></span> <span class='ocrx_word' id='word_1_277' title='bbox 1142 4800 1386 4891; x_wconf 85' lang='lat' dir='ltr'><strong>sentenciam,</strong></span> <span class='ocrx_word' id='word_1_278' title='bbox 1410 4799 1547 4877; x_wconf 87' lang='lat' dir='ltr'><strong>dictam</strong></span> <span class='ocrx_word' id='word_1_279' title='bbox 1567 4798 1696 4876; x_wconf 83' lang='lat' dir='ltr'><strong>dotem</strong></span> <span class='ocrx_word' id='word_1_280' title='bbox 1717 4814 1755 4875; x_wconf 88' lang='lat' dir='ltr'><strong>et</strong></span> 
     </span>
     <span class='ocr_line' id='line_1_32' title="bbox 335 4928 1757 5044; baseline -0.004 -33"><span class='ocrx_word' id='word_1_281' title='bbox 335 4935 497 5040; x_wconf 87' lang='lat' dir='ltr'><strong>quedam</strong></span> <span class='ocrx_word' id='word_1_282' title='bbox 511 4936 581 5013; x_wconf 89' lang='lat' dir='ltr'><strong>alia</strong></span> <span class='ocrx_word' id='word_1_283' title='bbox 592 4935 695 5030; x_wconf 84' lang='lat' dir='ltr'><strong>bona</strong></span> <span class='ocrx_word' id='word_1_284' title='bbox 709 4936 877 5044; x_wconf 90' lang='lat' dir='ltr'><strong>ejusdem</strong></span> <span class='ocrx_word' id='word_1_285' title='bbox 891 4933 1094 5014; x_wconf 90' lang='lat' dir='ltr'><strong>Guillelme</strong></span> <span class='ocrx_word' id='word_1_286' title='bbox 1108 4961 1188 5011; x_wconf 87' lang='lat' dir='ltr'><strong>esse</strong></span> <span class='ocrx_word' id='word_1_287' title='bbox 1201 4929 1311 5009; x_wconf 88' lang='lat' dir='ltr'><strong>nobis</strong></span> <span class='ocrx_word' id='word_1_288' title='bbox 1325 4928 1536 5019; x_wconf 65' lang='lat' dir='ltr'><strong>commissam</strong></span> <span class='ocrx_word' id='word_1_289' title='bbox 1550 4955 1571 5005; x_wconf 92' lang='lat' dir='ltr'><strong>a</strong></span> <span class='ocrx_word' id='word_1_290' title='bbox 1585 4958 1659 5036; x_wconf 90' lang='lat' dir='ltr'><strong>qua</strong></span> <span class='ocrx_word' id='word_1_291' title='bbox 1674 4957 1757 5008; x_wconf 90' lang='lat' dir='ltr'><strong>sen·</strong></span> 
     </span>
     <span class='ocr_line' id='line_1_33' title="bbox 334 5059 1758 5174; baseline -0.004 -35"><span class='ocrx_word' id='word_1_292' title='bbox 334 5065 472 5155; x_wconf 77' lang='lat' dir='ltr'><strong>tenuia,</strong></span> <span class='ocrx_word' id='word_1_293' title='bbox 495 5083 687 5174; x_wconf 86' lang='lat' dir='ltr'><strong>tamquam</strong></span> <span class='ocrx_word' id='word_1_294' title='bbox 705 5066 811 5146; x_wconf 90' lang='lat' dir='ltr'><strong>nulla</strong></span> <span class='ocrx_word' id='word_1_295' title='bbox 829 5095 898 5144; x_wconf 92' lang='lat' dir='ltr'><strong>seu</strong></span> <span class='ocrx_word' id='word_1_296' title='bbox 917 5064 1068 5173; x_wconf 86' lang='lat' dir='ltr'><strong>iniqua,</strong></span> <span class='ocrx_word' id='word_1_297' title='bbox 1090 5063 1182 5142; x_wconf 86' lang='lat' dir='ltr'><strong>dicti</strong></span> <span class='ocrx_word' id='word_1_298' title='bbox 1202 5061 1380 5171; x_wconf 82' lang='lat' dir='ltr'><strong>conjuges</strong></span> <span class='ocrx_word' id='word_1_299' title='bbox 1400 5059 1447 5138; x_wconf 91' lang='lat' dir='ltr'><strong>ad</strong></span> <span class='ocrx_word' id='word_1_300' title='bbox 1463 5088 1532 5138; x_wconf 87' lang='lat' dir='ltr'><strong>nos</strong></span> <span class='ocrx_word' id='word_1_301' title='bbox 1551 5059 1758 5166; x_wconf 86' lang='lat' dir='ltr'><strong>appellave-</strong></span> 
     </span>
    </p>
   </div>
   <div class='ocr_carea' id='block_1_5' title="bbox 420 5235 1629 5298">
    <p class='ocr_par' dir='ltr' id='par_1_15' title="bbox 420 5235 1629 5298">
     <span class='ocr_line' id='line_1_34' title="bbox 420 5235 1629 5298; baseline 0 -15"><span class='ocrx_word' id='word_1_302' title='bbox 420 5241 473 5285; x_wconf 78' lang='grc' dir='ltr'><strong>ιιι</strong></span> <span class='ocrx_word' id='word_1_303' title='bbox 494 5242 577 5286; x_wconf 80' lang='lat' dir='ltr'><strong>omn.</strong></span> <span class='ocrx_word' id='word_1_304' title='bbox 599 5247 647 5287; x_wconf 89' lang='grc' dir='ltr'><strong>ιιι.</strong></span> <span class='ocrx_word' id='word_1_305' title='bbox 1589 5235 1629 5298; x_wconf 79' lang='lat'><strong>²9</strong></span> 
     </span>
    </p>
   </div>
   <div class='ocr_carea' id='block_1_6' title="bbox 0 0 2249 6209">
    <p class='ocr_par' dir='ltr' id='par_1_16' title="bbox 0 0 2249 6209">
     <span class='ocr_line' id='line_1_35' title="bbox 0 0 2249 6209; baseline 0 0"><span class='ocrx_word' id='word_1_306' title='bbox 0 0 2249 6209; x_wconf 95' lang='lat' dir='ltr'><strong> </strong></span> 
     </span>
    </p>
   </div>
  </div>
 </body>
</html>
