4450 6209
506 686 580 763 sta
1085 686 1177 759 tus
1202 682 1341 757 OLIM.

281 841 411 898 ruitum
422 839 466 902 tv,
557 831 706 908 Domus
718 844 846 907 tamen
860 828 901 903 in
914 855 990 934 qua
1003 828 1203 905 tenebatur
1218 826 1321 933 nptrd
1337 826 1585 935 Mcmlogium
1601 804 1702 906 dictri
1713 826 1926 907 communis

343 936 406 978 ’Μ’
504 961 622 1049 curia,
638 988 714 1067 que
729 956 1010 1039 luitconfiscata
1024 958 1219 1037 occasione
1236 958 1418 1065 predicta,
1435 959 1591 1037 domiuo
1610 959 1701 1067 Regi
1720 958 1792 1037 soli
1810 988 1927 1039 reme·

504 1091 611 1170 nebit
629 1089 837 1169 commissa.

560 1221 670 1299 Salvo
697 1221 848 1326 iusuper
869 1218 909 1295 in
929 1218 1105 1325 predictis
1121 1220 1207 1327 jure
1234 1218 1376 1297 domini
1401 1218 1449 1295 de
1468 1219 1591 1309 Petra,
1613 1220 1644 1297 si
1666 1220 1773 1326 quod
1794 1219 1923 1307 habet,

505 1382 620 1459 super
636 1377 715 1459 quo
734 1352 803 1431 liet
814 1350 891 1431 sibi
900 1350 1071 1458 justicia,
1093 1350 1124 1429 si
1144 1367 1258 1456 petat.

562 1482 671 1561 Salvo
692 1483 811 1562 eciam
825 1482 912 1589 jure
935 1482 1083 1560 domiui
1099 1481 1210 1590 Regis
1223 1496 1264 1559 et
1277 1481 1367 1561 dicti
1385 1482 1549 1587 episcopi
1566 1498 1695 1561 uontm
1715 1480 1925 1589 predictum

506 1616 705 1694 dominum
727 1614 774 1691 de
794 1615 919 1702 Petra,
941 1640 1055 1718 super
1077 1612 1174 1691 laeto
1192 1630 1346 1719 propter
1365 1612 1470 1719 quod
1485 1610 1578 1691 laetu
1598 1628 1655 1691 est
1674 1612 1926 1717 oondempna-

506 1748 563 1825 cio
577 1743 807 1851 supradicta,
829 1742 860 1821 si
881 1743 1091 1849 reperiatur
1110 1741 1318 1847 culpabilis.

564 1875 727 1955 sabbato
747 1891 833 1981 post
851 1876 1033 1955 Sanctum
1048 1874 1268 1981 Georgium.

564 2136 789 2216 LXXXVIII.
819 2136 914 2215 Cum
934 2135 1133 2241 episcopus
1156 2134 1449 2223 Lemovicensis,
1472 2162 1686 2242 proponens
1712 2151 1873 2213 castrum
1892 2150 1928 2211 et

508 2266 760 2347 castellaniam
777 2264 825 2345 de
841 2264 1073 2345 Combornio
1089 2294 1170 2345 esse
1185 2265 1232 2343 de
1255 2264 1368 2345 leode
1383 2293 1470 2357 suo,
1487 2283 1581 2345 etse
1598 2284 1795 2373 tamquam
1814 2264 1927 2343 domi·

509 2430 603 2479 num
620 2399 826 2486 feodalem,
848 2381 1060 2477 manumet
1079 2398 1253 2477 saisinam
1263 2397 1548 2487 suam,'dictum
1562 2396 1718 2477 leodum
1733 2423 1847 2477 suum
1855 2394 1927 2501 jue

507 2531 689 2620 ticiaudo,
710 2530 854 2608 ibidem
873 2558 918 2609 ex
938 2546 1038 2607 certa
1051 2556 1162 2610 causa
1176 2528 1345 2634 posuisse
1361 2546 1399 2609 et
1411 2546 1560 2617 tenere,
1578 2558 1620 2608 ac
1635 2545 1765 2636 gentes
1786 2527 1926 2607 domini

509 2664 637 2770 Regis,
659 2662 870 2739 amovendo
895 2661 984 2739 inde
1011 2659 1102 2738 dicti
1126 2659 1292 2766 episcopi
1318 2686 1475 2739 manum
1497 2677 1535 2738 et
1552 2676 1700 2769 gentes,
1722 2660 1801 2739 sino
1822 2686 1926 2738 cansa

510 2793 749 2901 cognicione,
773 2820 928 2869 manum
950 2789 1096 2867 domini
1116 2788 1226 2896 Regis
1248 2789 1391 2869 ibidem
1413 2790 1600 2899 posuisse,
1622 2790 1833 2899 requireret
1856 2788 1928 2868 die-

510 2940 586 3000 tam
606 2951 761 3001 manum
779 2920 924 2999 domini
942 2920 1053 3026 Regis
1071 2919 1162 2999 inde
1182 2922 1345 3001 amoveri
1364 2938 1403 2999 et
1414 2950 1569 3001 manum
1586 2950 1693 3001 suam
1710 2922 1856 3003 ibidem
1875 2948 1928 2999 re-

510 3053 620 3159 poni,
636 3050 812 3159 gentihus
824 3049 968 3127 domini
984 3049 1095 3155 Regis
1110 3048 1240 3156 plures
1259 3050 1298 3127 iu
1313 3052 1542 3129 contrarium
1562 3050 1863 3159 proponentibus
1876 3078 1929 3127 ra-

512 3185 654 3270 ciones,
671 3181 841 3270 tandem,
857 3209 972 3286 super
986 3180 1188 3287 propositis
1205 3182 1291 3259 hinc
1306 3200 1343 3259 et
1358 3183 1465 3272 inde,
1484 3184 1651 3289 precepit
1666 3182 1845 3261 dominus
1857 3182 1929 3261 Rex

510 3314 703 3392 veritatem
725 3311 884 3419 inquiri:
906 3312 1081 3418 lnquesta
1098 3312 1213 3419 igitur
1232 3340 1345 3419 super
1366 3313 1438 3389 hiis
1464 3312 1558 3395 lacta
1579 3314 1653 3391 visa
1674 3330 1711 3391 et
1730 3312 1929 3419 diligenter

511 3446 733 3533 examinata,
747 3471 816 3551 per
831 3444 1073 3521 curienostre
1086 3442 1294 3548 judicium,
1316 3444 1459 3522 dictum
1478 3443 1550 3521 luit
1568 3444 1672 3549 quod
1689 3444 1785 3522 dicto
1802 3470 1928 3521 manus

511 3576 657 3655 domiui
673 3575 784 3681 Regis
803 3576 844 3652 in
854 3573 1033 3681 predictis
1050 3590 1170 3652 castro
1187 3591 1225 3651 et
1239 3573 1466 3667 castellania,
1486 3593 1534 3689 ut.
1543 3575 1767 3685 premissum
1785 3591 1857 3662 est,
1874 3604 1928 3680 ap

511 3706 647 3813 posita,
669 3704 759 3783 inde
779 3705 1003 3792 retrahatur,
1031 3721 1070 3781 et
1087 3704 1179 3781 dicti
1201 3706 1365 3813 episcopi
1388 3707 1582 3785 manneio
1603 3723 1701 3785 statu
1722 3705 1761 3783 in
1781 3734 1859 3812 quo
1878 3704 1927 3780 ibi

513 3854 606 3924 erat,
632 3850 803 3941 temporo
825 3834 1077 3942 apposicionis
1100 3834 1199 3911 dicte
1224 3864 1357 3915 manus
1383 3838 1508 3945 Regis,
1538 3854 1745 3944 reponetur
1770 3836 1925 3939 ibidem,

512 3966 611 4045 salvo
631 3967 672 4041 in
689 3965 868 4045 omnibus
886 3993 1000 4071 super
1019 3965 1092 4045 biis
1112 3983 1150 4042 et
1169 3966 1249 4045 aliis
1263 3966 1351 4074 jure
1372 3968 1518 4049 domini
1538 3970 1658 4077 Regis.

568 4099 609 4173 ln
629 4095 772 4173 octabis
791 4098 944 4174 Pasche.

568 4228 675 4307 Greci
694 4228 904 4334 reportavit.

568 4489 756 4568 LXXXIX.
789 4490 885 4569 Cum
914 4491 1103 4571 Jordanua
1134 4492 1181 4571 de
1211 4494 1355 4583 Insula,
1387 4494 1516 4583 miles,
1547 4494 1775 4583 senescallus
1806 4513 1928 4575 noster

510 4619 728 4699 Retouina·
744 4622 984 4713 etNemausi,
1001 4625 1138 4702 vocatis
1151 4642 1190 4701 et
1202 4625 1440 4731 presentibus
1452 4656 1577 4707 coram
1591 4628 1673 4735 ipso
1684 4627 1928 4707 lanumsibus

512 4752 685 4827 Nemausi
705 4752 1041 4846 commorantibus,
1063 4756 1296 4861 exposuisset
1313 4756 1475 4847 eisdem,
1504 4786 1571 4866 pro
1592 4788 1633 4837 se
1653 4776 1691 4836 et
1709 4760 1819 4839 sociis
1837 4760 1927 4848 suis,

512 4879 671 4986 qualiter
694 4899 874 4988 potestas,
901 4884 1033 4974 abbas,
1059 4886 1205 4963 anciani
1231 4905 1268 4965 et
1292 4916 1495 4968 commune
1523 4888 1722 4970 consilium
1749 4890 1867 4969 lanne
1890 4917 1929 4967 ac

514 5010 709 5091 Octo-Viri
725 5013 895 5117 deputati
912 5044 1026 5122 super
1037 5017 1134 5094 lacto
1152 5016 1386 5096 roberiamm
1409 5020 1728 5101 restituendorum
1747 5037 1787 5099 et
1803 5048 1928 5099 emen·
