4450 6209
521 711 595 787 368
1104 712 1194 785 LES
1224 710 1365 785 OLIM.

298 876 427 931 rurum
440 873 483 938 tv,
522 873 560 933 et
579 856 746 963 culpam,
766 856 933 935 indebite
951 854 1139 944 lecerunt,
1162 871 1201 932 et
1215 853 1304 932 alias
1323 854 1365 931 in
1383 854 1713 936 administratione
1728 888 1796 938 sua
1816 864 1936 944 multis

358 968 421 1012 ’Μ’
523 988 648 1066 modis
670 986 956 1095 delinquerunt,
974 986 1113 1065 dictam
1135 986 1461 1075 communitatem,
1480 986 1611 1065 multis
1631 990 1775 1082 modis,
1792 1023 1860 1099 per
1878 1026 1936 1075 eo-

523 1150 607 1199 rum
620 1120 756 1199 malam
766 1118 1150 1209 administracionem,
1166 1118 1488 1224 dampnificandos
1498 1120 1678 1227 quodque
1690 1123 1847 1233 Helyam
1859 1130 1938 1207 Les·

520 1252 667 1341 eboba,
683 1252 837 1329 Petrum
854 1250 1026 1329 Garriera
1047 1267 1085 1327 et
1106 1249 1264 1357 Helyam
1278 1250 1442 1357 Rigaldi,
1459 1250 1663 1328 servientes
1680 1272 1846 1347 nostros,
1861 1288 1939 1336 auc-

519 1384 671 1462 toritate
682 1382 849 1489 propria,
862 1382 1030 1459 indebite
1047 1398 1230 1488 ceperunt
1245 1398 1283 1458 et
1297 1410 1366 1459 suo
1380 1382 1517 1459 carceri
1530 1381 1655 1461 viliter
1664 1388 1935 1495 mancipanmt3

518 1516 610 1593 item
629 1514 750 1623 quod,
777 1543 822 1592 eo
844 1532 1016 1621 tempore
1036 1542 1114 1620 quo
1134 1514 1268 1590 Petrus
1293 1512 1445 1591 Martini
1472 1540 1513 1589 se
1538 1512 1693 1620 gerebat
1711 1546 1782 1623 pro
1806 1523 1938 1630 majore

519 1645 618 1723 dicte
637 1645 740 1738 ville,
763 1646 858 1753 ipse,
880 1674 1059 1723 unacum
1079 1643 1307 1753 quibusdam
1325 1644 1404 1721 snis
1418 1644 1640 1723 consulibus
1656 1663 1696 1723 et
1709 1648 1794 1726 aliis
1813 1679 1937 1730 eorum

519 1776 768 1883 complicibus
789 1777 888 1855 dicte
908 1776 1012 1865 ville,
1039 1806 1206 1885 quorum
1229 1775 1384 1854 nomina
1403 1774 1560 1853 inferius
1584 1779 1842 1874 continentur,
1863 1804 1941 1889 post

521 1927 559 1986 et
572 1926 698 1987 contra
717 1908 1007 1999 inhibicionem,
1022 1908 1125 1987 dicto
1140 1907 1273 2016 majori
1286 1925 1324 1985 et
1338 1905 1577 1996 consulibus,
1597 1937 1665 2014 per
1677 1908 1849 2017 bajulum
1863 1942 1941 1992 uos

520 2058 621 2117 trum
630 2040 987 2147 Petregoricensem,
1001 2040 1048 2117 de
1062 2040 1239 2117 mandato
1251 2056 1397 2127 nostro,
1411 2036 1561 2128 lectam,
1573 2068 1621 2115 ne
1635 2038 1736 2117 dicto
1749 2042 1941 2121 Lamberto

521 2170 646 2261 Forte,
662 2171 841 2278 burgensi
855 2170 1164 2279 Petregoriceusi,
1180 2171 1344 2277 aliquam
1355 2169 1531 2277 injuriam
1545 2198 1613 2246 seu
1625 2169 1835 2248 indebitam
1847 2177 1944 2251 novi·

519 2318 637 2381 tatem
662 2300 842 2392 lacerent,
865 2318 904 2379 et
926 2318 1012 2407 post
1032 2319 1070 2379 et
1088 2318 1219 2380 eontra
1237 2300 1533 2408 appellacionem
1554 2329 1622 2378 seu
1640 2305 1942 2409 provocacionem

522 2461 590 2539 per
603 2434 727 2540 ipsum
742 2433 987 2512 Lambertum
1003 2433 1148 2539 abipso
1164 2433 1305 2542 majore
1321 2448 1360 2509 et
1379 2432 1461 2540 ejus
1479 2432 1676 2509 creacioue
1692 2450 1731 2510 et
1749 2452 1878 2513 contra
1893 2438 1943 2544 ip·

522 2594 606 2644 sum
627 2564 675 2641 ad
698 2593 783 2653 nos,
810 2592 878 2643 seu
897 2562 944 2641 ad
963 2564 1214 2642 senescallum
1238 2580 1410 2640 nostrum
1434 2562 1795 2669 Petrsgoricensem‚
1816 2566 1943 2645 factam

524 2713 562 2772 et
581 2696 634 2773 eis
653 2694 884 2775 sufficienter
901 2696 1149 2784 insinuatam,
1170 2696 1329 2802 ipsoque
1347 2694 1570 2783 Lamberto,
1592 2724 1661 2801 per
1681 2696 1825 2777 dictum
1844 2699 1944 2807 baju-

524 2824 604 2903 lrun
624 2843 797 2905 nostrum
818 2826 889 2903 sub
906 2827 1138 2934 protectione
1158 2844 1287 2904 nostra
1300 2825 1380 2933 jam
1400 2843 1571 2933 recepto,
1593 2826 1759 2904 eundem
1780 2830 1945 2909 lamber-

525 2973 625 3044 tum,
640 2938 822 3035 violenter
837 2974 875 3033 et
885 2956 1048 3064 turpiter
1061 2955 1249 3065 pulsando
1263 2973 1301 3034 et
1310 2955 1358 3034 ad
1367 2973 1507 3033 terram
1519 2956 1644 3063 ipsum
1655 2962 1942 3064 prestmeade,

526 3116 703 3194 acusque
724 3088 772 3165 ad
790 3088 1013 3166 effusionem
1029 3088 1221 3197 sanguinis
1233 3086 1470 3165 verberando.
1482 3104 1521 3164 et
1534 3087 1632 3165 male
1649 3091 1859 3183 tractando,
1874 3094 1946 3171 vio-

525 3218 647 3297 lenter
673 3236 870 3328 ceperunt,
901 3237 938 3296 et
962 3239 1111 3326 ceptum
1140 3222 1188 3298 ad
1211 3218 1371 3297 domum
1397 3218 1613 3299 consulatus
1640 3221 1946 3329 Petregorioensis

526 3351 731 3440 duxerunt,
753 3378 831 3428 non
851 3352 1022 3429 obstante
1043 3351 1164 3459 quod,
1188 3367 1273 3428 ante
1290 3349 1507 3457 capcionem
1525 3351 1615 3428 etin
1629 3352 1704 3458 ipsa
1723 3356 1899 3461 capcione
1913 3375 1946 3435 et

508 3490 629 3589 post,
649 3483 697 3560 ad
712 3512 782 3561 nos
795 3511 863 3560 seu
876 3483 1123 3561 senescallum
1138 3500 1308 3561 nostrum
1322 3482 1536 3589 predictum
1551 3483 1774 3590 appellasset
1788 3514 1856 3565 seu
1869 3516 1946 3593 pro

524 3632 707 3703 vocasset,
724 3614 842 3691 immo
861 3632 1002 3722 quanto
1022 3615 1107 3721 plus
1126 3614 1174 3691 ad
1192 3642 1264 3692 nes
1283 3612 1509 3721 appellabat,
1524 3631 1630 3691 tanto
1646 3614 1757 3693 vilius
1770 3646 1840 3723 per
1852 3620 1945 3725 ipsos

525 3745 745 3835 ducebatur,
762 3746 964 3852 presertim
982 3747 1072 3823 dum
1087 3744 1276 3853 prefatum
1295 3745 1556 3837 Lambertum,
1573 3745 1620 3822 ad
1635 3775 1705 3826 nos
1722 3776 1791 3824 seu
1807 3748 1855 3825 ad
1873 3751 1946 3828 dic·

524 3893 607 3955 tum
623 3877 872 3955 senescallum
890 3864 1061 3957 nostmm
1081 3878 1152 3956 alta
1168 3906 1258 3957 voce
1271 3876 1541 3985 appellantem,
1562 3895 1712 3984 captum
1730 3879 1780 3956 ad
1796 3881 1946 3959 domum

411 4018 415 4027 '
526 4008 616 4086 dicti
632 4010 848 4087 consulatus
864 4010 1061 4099 ducerent,
1079 4010 1234 4117 quidam
1256 4009 1459 4087 servientes
1474 4010 1592 4087 nostri
1609 4011 1752 4088 eisdem
1767 4013 1898 4120 majori
1913 4031 1947 4091 ct

526 4140 745 4220 consulibus
758 4142 972 4233 obviarunt,
986 4172 1028 4219 ac
1039 4142 1146 4248 ipsis,
1162 4140 1383 4220 auctoritate
1397 4158 1540 4231 nostra,
1558 4141 1809 4221 inhibuerunt
1822 4173 1869 4221 ne
1881 4145 1946 4223 die

522 4292 604 4353 tum
629 4273 891 4362 lambertum,
913 4273 1164 4380 appellantem
1189 4272 1239 4349 ad
1262 4300 1346 4360 nos,
1369 4271 1529 4350 ulterius
1549 4274 1747 4363 ducerent,
1770 4292 1809 4351 et
1834 4275 1946 4381 preci-

523 4405 666 4511 piendo
687 4405 741 4483 eis
758 4405 864 4513 quod
878 4406 1002 4512 ipsum
1019 4404 1162 4483 eisdem
1181 4403 1387 4480 redderent
1402 4420 1441 4481 ct
1458 4403 1672 4482 liberarent.
1691 4405 1768 4499 Qui
1782 4398 1900 4514 major
1913 4423 1948 4483 et

451 4525 454 4530 ⁵
525 4536 699 4615 consules
716 4536 824 4614 dictis
839 4536 1088 4614 servientibus
1102 4535 1142 4611 in
1161 4534 1287 4641 aliquo
1300 4534 1457 4611 obedire
1472 4532 1696 4628 noluerunt,
1711 4564 1857 4615 necnon
1873 4538 1946 4613 dic·

524 4684 606 4743 tum
623 4668 884 4759 Lambertum,
901 4667 953 4745 sic
969 4684 1121 4774 captum
1133 4683 1169 4743 et
1183 4664 1282 4742 intra
1295 4682 1422 4771 portas
1437 4665 1526 4742 dicti
1542 4666 1761 4744 consulatus
1770 4667 1946 4745 violenter

526 4796 729 4887 intrusum,
747 4798 926 4905 injuriose
942 4800 988 4876 ad
1006 4799 1145 4905 pedem
1161 4796 1358 4904 cujusdam
1370 4796 1468 4875 scale
1481 4797 1619 4874 iterum
1634 4798 1683 4874 ad
1694 4815 1834 4875 terram
1852 4827 1947 4905 pros·

517 4946 731 5017 traverunt,
749 4930 1145 5037 ipsumque,«invitum
1165 4944 1203 5005 et
1217 4928 1462 5020 renitentem,
1483 4928 1586 5005 etad
1603 4957 1673 5007 nos
1691 4920 1759 5007 seu
1773 4928 1947 5009 senescal-

528 5058 609 5135 lum
627 5074 796 5137 nostrum
814 5058 1080 5136 reclamantem
1098 5075 1137 5135 et
1149 5057 1420 5164 appellantem,
1438 5057 1578 5136 dictam
1592 5058 1727 5137 scalam
1742 5061 1825 5167 ipso
1840 5060 1946 5137 invito
