<?xml version="1.0" encoding="UTF-8"?>
<!DOCTYPE html PUBLIC "-//W3C//DTD XHTML 1.0 Transitional//EN"
    "http://www.w3.org/TR/xhtml1/DTD/xhtml1-transitional.dtd">
<html xmlns="http://www.w3.org/1999/xhtml" xml:lang="en" lang="en">
 <head>
  <title>
</title>
<meta http-equiv="Content-Type" content="text/html;charset=utf-8" />
  <meta name='ocr-system' content='tesseract 3.04.00' />
  <meta name='ocr-capabilities' content='ocr_page ocr_carea ocr_par ocr_line ocrx_word'/>
</head>
<body>
  <div class='ocr_page' id='page_1' title='image "./lesolimouregist00parigoog_0795.png"; bbox 0 0 4450 6209; ppageno 0'>
   <div class='ocr_carea' id='block_1_1' title="bbox 510 732 1345 816">
    <p class='ocr_par' dir='ltr' id='par_1_1' title="bbox 510 732 1345 816">
     <span class='ocr_line' id='line_1_1' title="bbox 510 732 1345 816; baseline 0.011 -12"><span class='ocrx_word' id='word_1_1' title='bbox 510 732 582 810; x_wconf 91' lang='grc'><strong>700</strong></span> <span class='ocrx_word' id='word_1_2' title='bbox 1089 741 1178 815; x_wconf 77' lang='lat' dir='ltr'><strong>Lus</strong></span> <span class='ocrx_word' id='word_1_3' title='bbox 1207 739 1345 816; x_wconf 85' lang='lat' dir='ltr'><strong>OLllll.</strong></span> 
     </span>
    </p>
   </div>
   <div class='ocr_carea' id='block_1_2' title="bbox 281 877 1928 989">
    <p class='ocr_par' dir='ltr' id='par_1_2' title="bbox 281 877 1928 989">
     <span class='ocr_line' id='line_1_2' title="bbox 281 877 1928 989; baseline 0.009 -41"><span class='ocrx_word' id='word_1_4' title='bbox 281 880 413 932; x_wconf 64' lang='lat' dir='ltr'>Pfflffl’ss</span> <span class='ocrx_word' id='word_1_5' title='bbox 425 877 469 940; x_wconf 73' lang='grc' dir='ltr'><strong>Ν·</strong></span> <span class='ocrx_word' id='word_1_6' title='bbox 507 905 622 983; x_wconf 88' lang='lat' dir='ltr'><strong>quare</strong></span> <span class='ocrx_word' id='word_1_7' title='bbox 636 879 897 960; x_wconf 89' lang='lat' dir='ltr'><strong>dicebatidem</strong></span> <span class='ocrx_word' id='word_1_8' title='bbox 909 879 1083 973; x_wconf 79' lang='lat' dir='ltr'><strong>ballivus,</strong></span> <span class='ocrx_word' id='word_1_9' title='bbox 1096 911 1166 989; x_wconf 91' lang='lat' dir='ltr'><strong>pro</strong></span> <span class='ocrx_word' id='word_1_10' title='bbox 1177 881 1304 973; x_wconf 89' lang='lat' dir='ltr'><strong>nobis,</strong></span> <span class='ocrx_word' id='word_1_11' title='bbox 1320 909 1390 959; x_wconf 88' lang='lat' dir='ltr'><strong>nos</strong></span> <span class='ocrx_word' id='word_1_12' title='bbox 1400 881 1541 960; x_wconf 82' lang='lat' dir='ltr'><strong>debore</strong></span> <span class='ocrx_word' id='word_1_13' title='bbox 1553 880 1693 961; x_wconf 79' lang='lat' dir='ltr'><strong>absolvi</strong></span> <span class='ocrx_word' id='word_1_14' title='bbox 1709 883 1928 989; x_wconf 88' lang='lat' dir='ltr'><strong>apeticione</strong></span> 
     </span>
    </p>
   </div>
   <div class='ocr_carea' id='block_1_3' title="bbox 344 970 408 1012">
    <p class='ocr_par' dir='ltr' id='par_1_3' title="bbox 344 970 408 1012">
     <span class='ocr_line' id='line_1_3' title="bbox 344 970 408 1012; baseline 0 0"><span class='ocrx_word' id='word_1_15' title='bbox 344 970 408 1012; x_wconf 72' lang='lat'>1³11.</span> 
     </span>
    </p>
   </div>
   <div class='ocr_carea' id='block_1_4' title="bbox 501 1011 1926 3086">
    <p class='ocr_par' dir='ltr' id='par_1_4' title="bbox 501 1011 1926 2823">
     <span class='ocr_line' id='line_1_4' title="bbox 507 1011 1925 1120; baseline 0.005 -35"><span class='ocrx_word' id='word_1_16' title='bbox 507 1011 674 1114; x_wconf 86' lang='lat' dir='ltr'><strong>predicta</strong></span> <span class='ocrx_word' id='word_1_17' title='bbox 695 1014 785 1091; x_wconf 91' lang='lat' dir='ltr'><strong>dicti</strong></span> <span class='ocrx_word' id='word_1_18' title='bbox 806 1013 971 1104; x_wconf 90' lang='lat' dir='ltr'><strong>comitis,</strong></span> <span class='ocrx_word' id='word_1_19' title='bbox 997 1029 1035 1092; x_wconf 89' lang='lat' dir='ltr'><strong>et</strong></span> <span class='ocrx_word' id='word_1_20' title='bbox 1055 1014 1211 1103; x_wconf 86' lang='lat' dir='ltr'><strong>debere,</strong></span> <span class='ocrx_word' id='word_1_21' title='bbox 1234 1041 1304 1120; x_wconf 91' lang='lat' dir='ltr'><strong>per</strong></span> <span class='ocrx_word' id='word_1_22' title='bbox 1322 1029 1489 1090; x_wconf 87' lang='lat' dir='ltr'><strong>nostram</strong></span> <span class='ocrx_word' id='word_1_23' title='bbox 1506 1013 1667 1104; x_wconf 89' lang='lat' dir='ltr'><strong>curiam,</strong></span> <span class='ocrx_word' id='word_1_24' title='bbox 1689 1017 1925 1120; x_wconf 76' lang='lat' dir='ltr'><strong>pronunciari</strong></span> 
     </span>
     <span class='ocr_line' id='line_1_5' title="bbox 508 1137 1923 1252; baseline 0.004 -36"><span class='ocrx_word' id='word_1_25' title='bbox 508 1137 694 1219; x_wconf 89' lang='lat' dir='ltr'><strong>dictorum</strong></span> <span class='ocrx_word' id='word_1_26' title='bbox 716 1143 1021 1252; x_wconf 83' lang='lat' dir='ltr'><strong>cirograpborum</strong></span> <span class='ocrx_word' id='word_1_27' title='bbox 1046 1161 1084 1222; x_wconf 94' lang='lat' dir='ltr'><strong>et</strong></span> <span class='ocrx_word' id='word_1_28' title='bbox 1102 1143 1310 1222; x_wconf 90' lang='lat' dir='ltr'><strong>litterarum</strong></span> <span class='ocrx_word' id='word_1_29' title='bbox 1331 1143 1590 1250; x_wconf 80' lang='lat' dir='ltr'><strong>cognicionem</strong></span> <span class='ocrx_word' id='word_1_30' title='bbox 1609 1160 1650 1222; x_wconf 90' lang='lat' dir='ltr'><strong>et</strong></span> <span class='ocrx_word' id='word_1_31' title='bbox 1665 1145 1923 1223; x_wconf 75' lang='lat' dir='ltr'><strong>executionem</strong></span> 
     </span>
     <span class='ocr_line' id='line_1_6' title="bbox 506 1269 1924 1365; baseline 0.004 -18"><span class='ocrx_word' id='word_1_32' title='bbox 506 1269 545 1348; x_wconf 93' lang='lat' dir='ltr'><strong>in</strong></span> <span class='ocrx_word' id='word_1_33' title='bbox 563 1273 743 1351; x_wconf 85' lang='lat' dir='ltr'><strong>comitatu</strong></span> <span class='ocrx_word' id='word_1_34' title='bbox 757 1273 957 1365; x_wconf 92' lang='lat' dir='ltr'><strong>Bolonnie,</strong></span> <span class='ocrx_word' id='word_1_35' title='bbox 983 1292 1109 1354; x_wconf 86' lang='lat' dir='ltr'><strong>contra</strong></span> <span class='ocrx_word' id='word_1_36' title='bbox 1125 1275 1298 1354; x_wconf 88' lang='lat' dir='ltr'><strong>subditos</strong></span> <span class='ocrx_word' id='word_1_37' title='bbox 1317 1273 1406 1352; x_wconf 89' lang='lat' dir='ltr'><strong>dicti</strong></span> <span class='ocrx_word' id='word_1_38' title='bbox 1428 1275 1629 1353; x_wconf 76' lang='lat' dir='ltr'><strong>comitatus</strong></span> <span class='ocrx_word' id='word_1_39' title='bbox 1642 1292 1682 1352; x_wconf 90' lang='lat' dir='ltr'><strong>et</strong></span> <span class='ocrx_word' id='word_1_40' title='bbox 1701 1275 1741 1350; x_wconf 90' lang='lat' dir='ltr'><strong>in</strong></span> <span class='ocrx_word' id='word_1_41' title='bbox 1764 1303 1811 1354; x_wconf 87' lang='lat' dir='ltr'><strong>eo</strong></span> <span class='ocrx_word' id='word_1_42' title='bbox 1825 1303 1924 1354; x_wconf 91' lang='lat' dir='ltr'><strong>oom-</strong></span> 
     </span>
     <span class='ocr_line' id='line_1_7' title="bbox 507 1405 1925 1515; baseline 0.004 -37"><span class='ocrx_word' id='word_1_43' title='bbox 507 1422 712 1496; x_wconf 90' lang='lat' dir='ltr'><strong>morantes,</strong></span> <span class='ocrx_word' id='word_1_44' title='bbox 728 1406 776 1482; x_wconf 91' lang='lat' dir='ltr'><strong>ad</strong></span> <span class='ocrx_word' id='word_1_45' title='bbox 788 1435 856 1483; x_wconf 93' lang='lat' dir='ltr'><strong>nos</strong></span> <span class='ocrx_word' id='word_1_46' title='bbox 874 1406 1077 1513; x_wconf 86' lang='lat' dir='ltr'><strong>pertinere,</strong></span> <span class='ocrx_word' id='word_1_47' title='bbox 1093 1405 1407 1514; x_wconf 83' lang='lat' dir='ltr'><strong>quandocumque</strong></span> <span class='ocrx_word' id='word_1_48' title='bbox 1423 1405 1521 1484; x_wconf 90' lang='lat' dir='ltr'><strong>dicte</strong></span> <span class='ocrx_word' id='word_1_49' title='bbox 1532 1424 1663 1515; x_wconf 83' lang='lat' dir='ltr'><strong>gentes</strong></span> <span class='ocrx_word' id='word_1_50' title='bbox 1673 1422 1802 1485; x_wconf 87' lang='lat' dir='ltr'><strong>nostre</strong></span> <span class='ocrx_word' id='word_1_51' title='bbox 1816 1435 1925 1514; x_wconf 89' lang='lat' dir='ltr'><strong>super</strong></span> 
     </span>
     <span class='ocr_line' id='line_1_8' title="bbox 507 1533 1925 1644; baseline 0.006 -35"><span class='ocrx_word' id='word_1_52' title='bbox 507 1533 578 1610; x_wconf 91' lang='lat' dir='ltr'><strong>boc</strong></span> <span class='ocrx_word' id='word_1_53' title='bbox 590 1535 767 1639; x_wconf 89' lang='lat' dir='ltr'><strong>primitus</strong></span> <span class='ocrx_word' id='word_1_54' title='bbox 785 1539 1047 1644; x_wconf 86' lang='lat' dir='ltr'><strong>requiruntur:</strong></span> <span class='ocrx_word' id='word_1_55' title='bbox 1060 1538 1244 1626; x_wconf 83' lang='lat' dir='ltr'><strong>Tandem,</strong></span> <span class='ocrx_word' id='word_1_56' title='bbox 1257 1537 1429 1644; x_wconf 88' lang='lat' dir='ltr'><strong>inquesta</strong></span> <span class='ocrx_word' id='word_1_57' title='bbox 1442 1566 1557 1644; x_wconf 89' lang='lat' dir='ltr'><strong>super</strong></span> <span class='ocrx_word' id='word_1_58' title='bbox 1574 1538 1664 1628; x_wconf 90' lang='lat' dir='ltr'><strong>hiis,</strong></span> <span class='ocrx_word' id='word_1_59' title='bbox 1680 1537 1849 1644; x_wconf 84' lang='lat' dir='ltr'><strong>partibus</strong></span> <span class='ocrx_word' id='word_1_60' title='bbox 1866 1568 1925 1617; x_wconf 86' lang='lat' dir='ltr'><strong>vo·</strong></span> 
     </span>
     <span class='ocr_line' id='line_1_9' title="bbox 505 1666 1925 1776; baseline 0.004 -36"><span class='ocrx_word' id='word_1_61' title='bbox 505 1666 617 1756; x_wconf 87' lang='lat' dir='ltr'><strong>catis,</strong></span> <span class='ocrx_word' id='word_1_62' title='bbox 637 1668 685 1746; x_wconf 94' lang='lat' dir='ltr'><strong>de</strong></span> <span class='ocrx_word' id='word_1_63' title='bbox 705 1671 882 1748; x_wconf 86' lang='lat' dir='ltr'><strong>mandato</strong></span> <span class='ocrx_word' id='word_1_64' title='bbox 901 1687 1031 1749; x_wconf 91' lang='lat' dir='ltr'><strong>nostro</strong></span> <span class='ocrx_word' id='word_1_65' title='bbox 1049 1669 1158 1759; x_wconf 87' lang='lat' dir='ltr'><strong>sacta,</strong></span> <span class='ocrx_word' id='word_1_66' title='bbox 1174 1687 1213 1746; x_wconf 91' lang='lat' dir='ltr'><strong>et</strong></span> <span class='ocrx_word' id='word_1_67' title='bbox 1231 1668 1279 1745; x_wconf 91' lang='lat' dir='ltr'><strong>ad</strong></span> <span class='ocrx_word' id='word_1_68' title='bbox 1288 1669 1558 1774; x_wconf 86' lang='lat' dir='ltr'><strong>judicandum,</strong></span> <span class='ocrx_word' id='word_1_69' title='bbox 1579 1668 1628 1746; x_wconf 88' lang='lat' dir='ltr'><strong>de</strong></span> <span class='ocrx_word' id='word_1_70' title='bbox 1648 1695 1834 1746; x_wconf 84' lang='lat' dir='ltr'><strong>consensu</strong></span> <span class='ocrx_word' id='word_1_71' title='bbox 1845 1697 1925 1776; x_wconf 84' lang='lat' dir='ltr'><strong>par-</strong></span> 
     </span>
     <span class='ocr_line' id='line_1_10' title="bbox 506 1797 1921 1907; baseline 0.004 -35"><span class='ocrx_word' id='word_1_72' title='bbox 506 1797 605 1874; x_wconf 89' lang='lat' dir='ltr'><strong>cium</strong></span> <span class='ocrx_word' id='word_1_73' title='bbox 623 1800 894 1906; x_wconf 88' lang='lat' dir='ltr'><strong>predictarum,</strong></span> <span class='ocrx_word' id='word_1_74' title='bbox 912 1802 1013 1878; x_wconf 87' lang='lat' dir='ltr'><strong>curie</strong></span> <span class='ocrx_word' id='word_1_75' title='bbox 1032 1819 1158 1878; x_wconf 89' lang='lat' dir='ltr'><strong>nostre</strong></span> <span class='ocrx_word' id='word_1_76' title='bbox 1175 1799 1325 1889; x_wconf 87' lang='lat' dir='ltr'><strong>tradita,</strong></span> <span class='ocrx_word' id='word_1_77' title='bbox 1340 1801 1415 1878; x_wconf 85' lang='lat' dir='ltr'><strong>visa</strong></span> <span class='ocrx_word' id='word_1_78' title='bbox 1430 1817 1469 1877; x_wconf 92' lang='lat' dir='ltr'><strong>et</strong></span> <span class='ocrx_word' id='word_1_79' title='bbox 1488 1799 1690 1907; x_wconf 81' lang='lat' dir='ltr'><strong>diligenter</strong></span> <span class='ocrx_word' id='word_1_80' title='bbox 1705 1801 1921 1888; x_wconf 84' lang='lat' dir='ltr'><strong>examinata,</strong></span> 
     </span>
     <span class='ocr_line' id='line_1_11' title="bbox 505 1929 1925 2039; baseline 0.004 -35"><span class='ocrx_word' id='word_1_81' title='bbox 505 1957 574 2034; x_wconf 87' lang='lat' dir='ltr'><strong>per</strong></span> <span class='ocrx_word' id='word_1_82' title='bbox 584 1929 687 2007; x_wconf 90' lang='lat' dir='ltr'><strong>curio</strong></span> <span class='ocrx_word' id='word_1_83' title='bbox 698 1949 824 2009; x_wconf 88' lang='lat' dir='ltr'><strong>nostre</strong></span> <span class='ocrx_word' id='word_1_84' title='bbox 833 1931 1037 2039; x_wconf 87' lang='lat' dir='ltr'><strong>judicium,</strong></span> <span class='ocrx_word' id='word_1_85' title='bbox 1051 1930 1211 2009; x_wconf 90' lang='lat' dir='ltr'><strong>absoluti</strong></span> <span class='ocrx_word' id='word_1_86' title='bbox 1222 1930 1363 2009; x_wconf 86' lang='lat' dir='ltr'><strong>luimus</strong></span> <span class='ocrx_word' id='word_1_87' title='bbox 1375 1959 1395 2007; x_wconf 89' lang='lat' dir='ltr'><strong>a</strong></span> <span class='ocrx_word' id='word_1_88' title='bbox 1407 1931 1593 2038; x_wconf 87' lang='lat' dir='ltr'><strong>peticione</strong></span> <span class='ocrx_word' id='word_1_89' title='bbox 1605 1931 1773 2036; x_wconf 85' lang='lat' dir='ltr'><strong>predicta</strong></span> <span class='ocrx_word' id='word_1_90' title='bbox 1784 1931 1925 2010; x_wconf 87' lang='lat' dir='ltr'><strong>comitis</strong></span> 
     </span>
     <span class='ocr_line' id='line_1_12' title="bbox 506 2061 1926 2169; baseline 0.002 -33"><span class='ocrx_word' id='word_1_91' title='bbox 506 2061 724 2166; x_wconf 82' lang='lat' dir='ltr'><strong>supradicti,</strong></span> <span class='ocrx_word' id='word_1_92' title='bbox 743 2081 796 2152; x_wconf 92' lang='lat' dir='ltr'><strong>et,</strong></span> <span class='ocrx_word' id='word_1_93' title='bbox 810 2091 880 2168; x_wconf 92' lang='lat' dir='ltr'><strong>per</strong></span> <span class='ocrx_word' id='word_1_94' title='bbox 894 2063 993 2140; x_wconf 87' lang='lat' dir='ltr'><strong>idem</strong></span> <span class='ocrx_word' id='word_1_95' title='bbox 1005 2063 1212 2169; x_wconf 89' lang='lat' dir='ltr'><strong>judicium,</strong></span> <span class='ocrx_word' id='word_1_96' title='bbox 1226 2062 1515 2168; x_wconf 85' lang='lat' dir='ltr'><strong>pronunciatum</strong></span> <span class='ocrx_word' id='word_1_97' title='bbox 1529 2061 1600 2140; x_wconf 85' lang='lat' dir='ltr'><strong>luit</strong></span> <span class='ocrx_word' id='word_1_98' title='bbox 1613 2062 1872 2168; x_wconf 84' lang='lat' dir='ltr'><strong>cognicionem</strong></span> <span class='ocrx_word' id='word_1_99' title='bbox 1887 2080 1926 2139; x_wconf 89' lang='lat' dir='ltr'><strong>et</strong></span> 
     </span>
     <span class='ocr_line' id='line_1_13' title="bbox 507 2191 1925 2300; baseline 0.005 -35"><span class='ocrx_word' id='word_1_100' title='bbox 507 2191 770 2270; x_wconf 83' lang='lat' dir='ltr'><strong>execucionem</strong></span> <span class='ocrx_word' id='word_1_101' title='bbox 785 2193 1040 2299; x_wconf 88' lang='lat' dir='ltr'><strong>predictorum</strong></span> <span class='ocrx_word' id='word_1_102' title='bbox 1059 2193 1375 2300; x_wconf 80' lang='lat' dir='ltr'><strong>cyrographorum</strong></span> <span class='ocrx_word' id='word_1_103' title='bbox 1393 2210 1432 2270; x_wconf 90' lang='lat' dir='ltr'><strong>et</strong></span> <span class='ocrx_word' id='word_1_104' title='bbox 1449 2191 1676 2284; x_wconf 79' lang='lat' dir='ltr'><strong>litterarum,</strong></span> <span class='ocrx_word' id='word_1_105' title='bbox 1691 2209 1822 2271; x_wconf 84' lang='lat' dir='ltr'><strong>contra</strong></span> <span class='ocrx_word' id='word_1_106' title='bbox 1839 2191 1925 2272; x_wconf 86' lang='lat' dir='ltr'><strong>sub-</strong></span> 
     </span>
     <span class='ocr_line' id='line_1_14' title="bbox 507 2319 1926 2432; baseline 0.005 -36"><span class='ocrx_word' id='word_1_107' title='bbox 507 2319 607 2398; x_wconf 92' lang='lat' dir='ltr'><strong>ditos</strong></span> <span class='ocrx_word' id='word_1_108' title='bbox 622 2320 711 2400; x_wconf 89' lang='lat' dir='ltr'><strong>dicti</strong></span> <span class='ocrx_word' id='word_1_109' title='bbox 727 2324 924 2402; x_wconf 86' lang='lat' dir='ltr'><strong>comitatus</strong></span> <span class='ocrx_word' id='word_1_110' title='bbox 942 2340 980 2401; x_wconf 90' lang='lat' dir='ltr'><strong>et</strong></span> <span class='ocrx_word' id='word_1_111' title='bbox 999 2341 1274 2401; x_wconf 86' lang='lat' dir='ltr'><strong>commorantes</strong></span> <span class='ocrx_word' id='word_1_112' title='bbox 1295 2324 1335 2400; x_wconf 91' lang='lat' dir='ltr'><strong>in</strong></span> <span class='ocrx_word' id='word_1_113' title='bbox 1354 2324 1510 2414; x_wconf 90' lang='lat' dir='ltr'><strong>eodem,</strong></span> <span class='ocrx_word' id='word_1_114' title='bbox 1526 2324 1757 2432; x_wconf 88' lang='lat' dir='ltr'><strong>ubicumque</strong></span> <span class='ocrx_word' id='word_1_115' title='bbox 1774 2352 1843 2432; x_wconf 85' lang='lat' dir='ltr'><strong>per</strong></span> <span class='ocrx_word' id='word_1_116' title='bbox 1858 2325 1926 2403; x_wconf 90' lang='lat' dir='ltr'><strong>hu-</strong></span> 
     </span>
     <span class='ocr_line' id='line_1_15' title="bbox 501 2451 1925 2564; baseline 0.002 -36"><span class='ocrx_word' id='word_1_117' title='bbox 501 2451 671 2559; x_wconf 87' lang='lat' dir='ltr'><strong>jusmodi</strong></span> <span class='ocrx_word' id='word_1_118' title='bbox 681 2453 824 2533; x_wconf 87' lang='lat' dir='ltr'><strong>litteras</strong></span> <span class='ocrx_word' id='word_1_119' title='bbox 836 2472 874 2532; x_wconf 90' lang='lat' dir='ltr'><strong>et</strong></span> <span class='ocrx_word' id='word_1_120' title='bbox 886 2455 1112 2564; x_wconf 83' lang='lat' dir='ltr'><strong>cyrographa</strong></span> <span class='ocrx_word' id='word_1_121' title='bbox 1125 2454 1266 2532; x_wconf 85' lang='lat' dir='ltr'><strong>luerint</strong></span> <span class='ocrx_word' id='word_1_122' title='bbox 1276 2453 1442 2563; x_wconf 83' lang='lat' dir='ltr'><strong>obligati,</strong></span> <span class='ocrx_word' id='word_1_123' title='bbox 1457 2454 1506 2532; x_wconf 89' lang='lat' dir='ltr'><strong>ad</strong></span> <span class='ocrx_word' id='word_1_124' title='bbox 1515 2482 1585 2531; x_wconf 91' lang='lat' dir='ltr'><strong>nos</strong></span> <span class='ocrx_word' id='word_1_125' title='bbox 1596 2455 1802 2562; x_wconf 85' lang='lat' dir='ltr'><strong>pertinere,</strong></span> <span class='ocrx_word' id='word_1_126' title='bbox 1815 2483 1925 2562; x_wconf 84' lang='lat' dir='ltr'><strong>quan</strong></span> 
     </span>
     <span class='ocr_line' id='line_1_16' title="bbox 507 2582 1926 2696; baseline 0.004 -37"><span class='ocrx_word' id='word_1_127' title='bbox 507 2582 722 2693; x_wconf 89' lang='lat' dir='ltr'><strong>documque</strong></span> <span class='ocrx_word' id='word_1_128' title='bbox 742 2586 831 2664; x_wconf 90' lang='lat' dir='ltr'><strong>dicti</strong></span> <span class='ocrx_word' id='word_1_129' title='bbox 843 2587 1041 2696; x_wconf 85' lang='lat' dir='ltr'><strong>justiciarii</strong></span> <span class='ocrx_word' id='word_1_130' title='bbox 1061 2586 1177 2664; x_wconf 83' lang='lat' dir='ltr'><strong>nostri</strong></span> <span class='ocrx_word' id='word_1_131' title='bbox 1193 2585 1253 2664; x_wconf 87' lang='lat' dir='ltr'><strong>vel</strong></span> <span class='ocrx_word' id='word_1_132' title='bbox 1268 2586 1363 2664; x_wconf 87' lang='lat' dir='ltr'><strong>alter</strong></span> <span class='ocrx_word' id='word_1_133' title='bbox 1381 2615 1516 2665; x_wconf 88' lang='lat' dir='ltr'><strong>eorum</strong></span> <span class='ocrx_word' id='word_1_134' title='bbox 1535 2615 1648 2694; x_wconf 89' lang='lat' dir='ltr'><strong>super</strong></span> <span class='ocrx_word' id='word_1_135' title='bbox 1665 2587 1740 2666; x_wconf 90' lang='lat' dir='ltr'><strong>boc</strong></span> <span class='ocrx_word' id='word_1_136' title='bbox 1754 2586 1926 2693; x_wconf 88' lang='lat' dir='ltr'><strong>primitus</strong></span> 
     </span>
     <span class='ocr_line' id='line_1_17' title="bbox 506 2713 845 2823; baseline 0.015 -34"><span class='ocrx_word' id='word_1_137' title='bbox 506 2713 646 2792; x_wconf 85' lang='lat' dir='ltr'><strong>luerint</strong></span> <span class='ocrx_word' id='word_1_138' title='bbox 663 2717 845 2823; x_wconf 87' lang='lat' dir='ltr'><strong>requisiti.</strong></span> 
     </span>
    </p>

    <p class='ocr_par' dir='ltr' id='par_1_5' title="bbox 562 2845 1531 2956">
     <span class='ocr_line' id='line_1_18' title="bbox 562 2845 1531 2956; baseline 0.002 -34"><span class='ocrx_word' id='word_1_139' title='bbox 562 2845 757 2924; x_wconf 88' lang='lat' dir='ltr'><strong>Dominica</strong></span> <span class='ocrx_word' id='word_1_140' title='bbox 775 2865 858 2924; x_wconf 86' lang='lat' dir='ltr'><strong>ante</strong></span> <span class='ocrx_word' id='word_1_141' title='bbox 875 2848 1151 2955; x_wconf 84' lang='lat' dir='ltr'><strong>Magdalenam,</strong></span> <span class='ocrx_word' id='word_1_142' title='bbox 1173 2849 1274 2956; x_wconf 90' lang='lat' dir='ltr'><strong>apud</strong></span> <span class='ocrx_word' id='word_1_143' title='bbox 1288 2850 1531 2928; x_wconf 84' lang='lat' dir='ltr'><strong>Pontisaram.</strong></span> 
     </span>
    </p>

    <p class='ocr_par' dir='ltr' id='par_1_6' title="bbox 563 2978 977 3086">
     <span class='ocr_line' id='line_1_19' title="bbox 563 2978 977 3086; baseline 0.005 -32"><span class='ocrx_word' id='word_1_144' title='bbox 563 2978 746 3056; x_wconf 92' lang='lat' dir='ltr'><strong>Thibotot</strong></span> <span class='ocrx_word' id='word_1_145' title='bbox 764 2980 977 3086; x_wconf 87' lang='lat' dir='ltr'><strong>reportavit.</strong></span> 
     </span>
    </p>
   </div>
   <div class='ocr_carea' id='block_1_5' title="bbox 496 3244 1923 5190">
    <p class='ocr_par' dir='ltr' id='par_1_7' title="bbox 496 3244 1923 5190">
     <span class='ocr_line' id='line_1_20' title="bbox 560 3244 1919 3356; baseline 0.002 -35"><span class='ocrx_word' id='word_1_146' title='bbox 560 3245 669 3322; x_wconf 89' lang='lat' dir='ltr'><strong>LXll.</strong></span> <span class='ocrx_word' id='word_1_147' title='bbox 700 3247 797 3326; x_wconf 88' lang='lat' dir='ltr'><strong>Cum</strong></span> <span class='ocrx_word' id='word_1_148' title='bbox 810 3248 1024 3356; x_wconf 88' lang='lat' dir='ltr'><strong>inquestam</strong></span> <span class='ocrx_word' id='word_1_149' title='bbox 1039 3249 1259 3355; x_wconf 89' lang='lat' dir='ltr'><strong>quamdam,</strong></span> <span class='ocrx_word' id='word_1_150' title='bbox 1275 3275 1343 3353; x_wconf 89' lang='lat' dir='ltr'><strong>per</strong></span> <span class='ocrx_word' id='word_1_151' title='bbox 1355 3265 1478 3326; x_wconf 83' lang='lat' dir='ltr'><strong>certos</strong></span> <span class='ocrx_word' id='word_1_152' title='bbox 1491 3246 1766 3325; x_wconf 87' lang='lat' dir='ltr'><strong>commissarios</strong></span> <span class='ocrx_word' id='word_1_153' title='bbox 1779 3244 1919 3334; x_wconf 63' lang='lat' dir='ltr'><strong>ladam,</strong></span> 
     </span>
     <span class='ocr_line' id='line_1_21' title="bbox 505 3375 1922 3486; baseline 0.002 -35"><span class='ocrx_word' id='word_1_154' title='bbox 505 3375 604 3454; x_wconf 87' lang='lat' dir='ltr'><strong>inter</strong></span> <span class='ocrx_word' id='word_1_155' title='bbox 622 3379 800 3457; x_wconf 88' lang='lat' dir='ltr'><strong>comitem</strong></span> <span class='ocrx_word' id='word_1_156' title='bbox 817 3380 939 3470; x_wconf 91' lang='lat' dir='ltr'><strong>Barri,</strong></span> <span class='ocrx_word' id='word_1_157' title='bbox 958 3408 1002 3456; x_wconf 86' lang='lat' dir='ltr'><strong>ex</strong></span> <span class='ocrx_word' id='word_1_158' title='bbox 1024 3409 1099 3456; x_wconf 92' lang='lat' dir='ltr'><strong>una</strong></span> <span class='ocrx_word' id='word_1_159' title='bbox 1117 3397 1238 3486; x_wconf 89' lang='lat' dir='ltr'><strong>parte,</strong></span> <span class='ocrx_word' id='word_1_160' title='bbox 1257 3397 1297 3457; x_wconf 93' lang='lat' dir='ltr'><strong>et</strong></span> <span class='ocrx_word' id='word_1_161' title='bbox 1310 3379 1484 3458; x_wconf 85' lang='lat' dir='ltr'><strong>abbatem</strong></span> <span class='ocrx_word' id='word_1_162' title='bbox 1501 3396 1540 3456; x_wconf 88' lang='lat' dir='ltr'><strong>et</strong></span> <span class='ocrx_word' id='word_1_163' title='bbox 1558 3395 1785 3456; x_wconf 82' lang='lat' dir='ltr'><strong>conventum</strong></span> <span class='ocrx_word' id='word_1_164' title='bbox 1798 3375 1922 3455; x_wconf 85' lang='lat' dir='ltr'><strong>Molis·</strong></span> 
     </span>
     <span class='ocr_line' id='line_1_22' title="bbox 505 3507 1921 3619; baseline 0 -35"><span class='ocrx_word' id='word_1_165' title='bbox 505 3535 654 3586; x_wconf 88' lang='lat' dir='ltr'><strong>menses</strong></span> <span class='ocrx_word' id='word_1_166' title='bbox 676 3538 752 3586; x_wconf 89' lang='lat' dir='ltr'><strong>una</strong></span> <span class='ocrx_word' id='word_1_167' title='bbox 777 3540 864 3588; x_wconf 90' lang='lat' dir='ltr'><strong>cum</strong></span> <span class='ocrx_word' id='word_1_168' title='bbox 891 3511 1027 3588; x_wconf 88' lang='lat' dir='ltr'><strong>comite</strong></span> <span class='ocrx_word' id='word_1_169' title='bbox 1048 3511 1268 3616; x_wconf 88' lang='lat' dir='ltr'><strong>Campanie,</strong></span> <span class='ocrx_word' id='word_1_170' title='bbox 1290 3541 1334 3588; x_wconf 81' lang='lat' dir='ltr'><strong>ex</strong></span> <span class='ocrx_word' id='word_1_171' title='bbox 1350 3511 1479 3600; x_wconf 88' lang='lat' dir='ltr'><strong>altera,</strong></span> <span class='ocrx_word' id='word_1_172' title='bbox 1495 3509 1645 3586; x_wconf 88' lang='lat' dir='ltr'><strong>racione</strong></span> <span class='ocrx_word' id='word_1_173' title='bbox 1665 3507 1921 3619; x_wconf 80' lang='lat' dir='ltr'><strong>saisineganle</strong></span> 
     </span>
     <span class='ocr_line' id='line_1_23' title="bbox 504 3639 1923 3748; baseline 0.001 -33"><span class='ocrx_word' id='word_1_174' title='bbox 504 3639 690 3745; x_wconf 88' lang='lat' dir='ltr'><strong>prioratus</strong></span> <span class='ocrx_word' id='word_1_175' title='bbox 705 3641 816 3748; x_wconf 83' lang='lat' dir='ltr'><strong>burgi</strong></span> <span class='ocrx_word' id='word_1_176' title='bbox 834 3643 1118 3731; x_wconf 84' lang='lat' dir='ltr'><strong>Sancte-Mario,</strong></span> <span class='ocrx_word' id='word_1_177' title='bbox 1140 3671 1225 3748; x_wconf 86' lang='lat' dir='ltr'><strong>pars</strong></span> <span class='ocrx_word' id='word_1_178' title='bbox 1244 3643 1334 3720; x_wconf 91' lang='lat' dir='ltr'><strong>dicti</strong></span> <span class='ocrx_word' id='word_1_179' title='bbox 1357 3641 1504 3720; x_wconf 84' lang='lat' dir='ltr'><strong>comitis</strong></span> <span class='ocrx_word' id='word_1_180' title='bbox 1521 3641 1625 3719; x_wconf 90' lang='lat' dir='ltr'><strong>Barri</strong></span> <span class='ocrx_word' id='word_1_181' title='bbox 1644 3641 1764 3718; x_wconf 83' lang='lat' dir='ltr'><strong>videri</strong></span> <span class='ocrx_word' id='word_1_182' title='bbox 1782 3655 1923 3747; x_wconf 86' lang='lat' dir='ltr'><strong>peteret</strong></span> 
     </span>
     <span class='ocr_line' id='line_1_24' title="bbox 505 3770 1920 3879; baseline 0.005 -33"><span class='ocrx_word' id='word_1_183' title='bbox 505 3787 543 3846; x_wconf 89' lang='lat' dir='ltr'><strong>et</strong></span> <span class='ocrx_word' id='word_1_184' title='bbox 557 3770 737 3876; x_wconf 82' lang='lat' dir='ltr'><strong>judicari3</strong></span> <span class='ocrx_word' id='word_1_185' title='bbox 764 3790 869 3879; x_wconf 88' lang='lat' dir='ltr'><strong>parte</strong></span> <span class='ocrx_word' id='word_1_186' title='bbox 894 3775 1046 3850; x_wconf 88' lang='lat' dir='ltr'><strong>adversa</strong></span> <span class='ocrx_word' id='word_1_187' title='bbox 1067 3773 1232 3864; x_wconf 89' lang='lat' dir='ltr'><strong>dicente,</strong></span> <span class='ocrx_word' id='word_1_188' title='bbox 1264 3773 1362 3848; x_wconf 83' lang='lat' dir='ltr'><strong>inter</strong></span> <span class='ocrx_word' id='word_1_189' title='bbox 1387 3788 1526 3862; x_wconf 89' lang='lat' dir='ltr'><strong>cetera,</strong></span> <span class='ocrx_word' id='word_1_190' title='bbox 1552 3771 1690 3848; x_wconf 82' lang='lat' dir='ltr'><strong>dictam</strong></span> <span class='ocrx_word' id='word_1_191' title='bbox 1714 3771 1920 3877; x_wconf 81' lang='lat' dir='ltr'><strong>inquesum</strong></span> 
     </span>
     <span class='ocr_line' id='line_1_25' title="bbox 503 3898 1920 4009; baseline 0.003 -35"><span class='ocrx_word' id='word_1_192' title='bbox 503 3898 637 3976; x_wconf 85' lang='lat' dir='ltr'><strong>factam</strong></span> <span class='ocrx_word' id='word_1_193' title='bbox 653 3901 766 3979; x_wconf 88' lang='lat' dir='ltr'><strong>luisse</strong></span> <span class='ocrx_word' id='word_1_194' title='bbox 786 3930 831 3980; x_wconf 91' lang='lat' dir='ltr'><strong>eo</strong></span> <span class='ocrx_word' id='word_1_195' title='bbox 850 3919 1020 4009; x_wconf 88' lang='lat' dir='ltr'><strong>tempore</strong></span> <span class='ocrx_word' id='word_1_196' title='bbox 1041 3931 1118 4009; x_wconf 93' lang='lat' dir='ltr'><strong>quo</strong></span> <span class='ocrx_word' id='word_1_197' title='bbox 1139 3904 1263 3981; x_wconf 91' lang='lat' dir='ltr'><strong>dictus</strong></span> <span class='ocrx_word' id='word_1_198' title='bbox 1285 3930 1411 3980; x_wconf 90' lang='lat' dir='ltr'><strong>comes</strong></span> <span class='ocrx_word' id='word_1_199' title='bbox 1429 3902 1633 4007; x_wconf 84' lang='lat' dir='ltr'><strong>Campania</strong></span> <span class='ocrx_word' id='word_1_200' title='bbox 1653 3917 1732 3978; x_wconf 87' lang='lat' dir='ltr'><strong>erat</strong></span> <span class='ocrx_word' id='word_1_201' title='bbox 1753 3901 1793 3977; x_wconf 93' lang='lat' dir='ltr'><strong>in</strong></span> <span class='ocrx_word' id='word_1_202' title='bbox 1812 3898 1920 3978; x_wconf 86' lang='lat' dir='ltr'><strong>baillo</strong></span> 
     </span>
     <span class='ocr_line' id='line_1_26' title="bbox 504 4028 1922 4140; baseline 0.003 -35"><span class='ocrx_word' id='word_1_203' title='bbox 504 4028 657 4106; x_wconf 89' lang='lat' dir='ltr'><strong>alterius</strong></span> <span class='ocrx_word' id='word_1_204' title='bbox 676 4049 714 4108; x_wconf 88' lang='lat' dir='ltr'><strong>et</strong></span> <span class='ocrx_word' id='word_1_205' title='bbox 733 4033 772 4109; x_wconf 92' lang='lat' dir='ltr'><strong>in</strong></span> <span class='ocrx_word' id='word_1_206' title='bbox 788 4050 885 4111; x_wconf 86' lang='lat' dir='ltr'><strong>etate</strong></span> <span class='ocrx_word' id='word_1_207' title='bbox 900 4034 1035 4112; x_wconf 89' lang='lat' dir='ltr'><strong>minori</strong></span> <span class='ocrx_word' id='word_1_208' title='bbox 1060 4035 1304 4124; x_wconf 89' lang='lat' dir='ltr'><strong>constitutus,</strong></span> <span class='ocrx_word' id='word_1_209' title='bbox 1323 4033 1574 4140; x_wconf 89' lang='lat' dir='ltr'><strong>pluribusque</strong></span> <span class='ocrx_word' id='word_1_210' title='bbox 1593 4032 1824 4123; x_wconf 90' lang='lat' dir='ltr'><strong>racionibus,</strong></span> <span class='ocrx_word' id='word_1_211' title='bbox 1840 4059 1922 4138; x_wconf 90' lang='lat' dir='ltr'><strong>pro-</strong></span> 
     </span>
     <span class='ocr_line' id='line_1_27' title="bbox 502 4161 1923 4272; baseline 0 -34"><span class='ocrx_word' id='word_1_212' title='bbox 502 4179 668 4268; x_wconf 80' lang='lat' dir='ltr'><strong>ponente</strong></span> <span class='ocrx_word' id='word_1_213' title='bbox 689 4163 828 4241; x_wconf 88' lang='lat' dir='ltr'><strong>dictam</strong></span> <span class='ocrx_word' id='word_1_214' title='bbox 845 4165 1055 4272; x_wconf 86' lang='lat' dir='ltr'><strong>inquestam</strong></span> <span class='ocrx_word' id='word_1_215' title='bbox 1071 4165 1211 4244; x_wconf 87' lang='lat' dir='ltr'><strong>debere</strong></span> <span class='ocrx_word' id='word_1_216' title='bbox 1226 4163 1394 4242; x_wconf 89' lang='lat' dir='ltr'><strong>totaliter</strong></span> <span class='ocrx_word' id='word_1_217' title='bbox 1407 4164 1586 4242; x_wconf 83' lang='lat' dir='ltr'><strong>anullari:</strong></span> <span class='ocrx_word' id='word_1_218' title='bbox 1605 4164 1776 4241; x_wconf 87' lang='lat' dir='ltr'><strong>Tandem</strong></span> <span class='ocrx_word' id='word_1_219' title='bbox 1790 4161 1923 4239; x_wconf 88' lang='lat' dir='ltr'><strong>auditis</strong></span> 
     </span>
     <span class='ocr_line' id='line_1_28' title="bbox 504 4291 1921 4403; baseline 0.001 -34"><span class='ocrx_word' id='word_1_220' title='bbox 504 4291 592 4370; x_wconf 90' lang='lat' dir='ltr'><strong>hinc</strong></span> <span class='ocrx_word' id='word_1_221' title='bbox 611 4294 699 4371; x_wconf 84' lang='lat' dir='ltr'><strong>inde</strong></span> <span class='ocrx_word' id='word_1_222' title='bbox 720 4296 940 4402; x_wconf 88' lang='lat' dir='ltr'><strong>propositis,</strong></span> <span class='ocrx_word' id='word_1_223' title='bbox 962 4295 1114 4403; x_wconf 86' lang='lat' dir='ltr'><strong>visaque</strong></span> <span class='ocrx_word' id='word_1_224' title='bbox 1130 4295 1394 4373; x_wconf 89' lang='lat' dir='ltr'><strong>commissione</strong></span> <span class='ocrx_word' id='word_1_225' title='bbox 1409 4323 1524 4401; x_wconf 89' lang='lat' dir='ltr'><strong>super</strong></span> <span class='ocrx_word' id='word_1_226' title='bbox 1541 4295 1616 4372; x_wconf 89' lang='lat' dir='ltr'><strong>boc</strong></span> <span class='ocrx_word' id='word_1_227' title='bbox 1634 4294 1742 4372; x_wconf 85' lang='lat' dir='ltr'><strong>(lictis</strong></span> <span class='ocrx_word' id='word_1_228' title='bbox 1753 4292 1921 4370; x_wconf 86' lang='lat' dir='ltr'><strong>commis·</strong></span> 
     </span>
     <span class='ocr_line' id='line_1_29' title="bbox 503 4422 1919 4533; baseline -0.001 -32"><span class='ocrx_word' id='word_1_229' title='bbox 503 4423 608 4503; x_wconf 89' lang='lat' dir='ltr'><strong>sariis</strong></span> <span class='ocrx_word' id='word_1_230' title='bbox 623 4423 718 4503; x_wconf 88' lang='lat' dir='ltr'><strong>lacta</strong></span> <span class='ocrx_word' id='word_1_231' title='bbox 730 4455 772 4502; x_wconf 89' lang='lat' dir='ltr'><strong>ac</strong></span> <span class='ocrx_word' id='word_1_232' title='bbox 782 4426 862 4504; x_wconf 89' lang='lat' dir='ltr'><strong>viso</strong></span> <span class='ocrx_word' id='word_1_233' title='bbox 875 4444 1046 4533; x_wconf 85' lang='lat' dir='ltr'><strong>tempore</strong></span> <span class='ocrx_word' id='word_1_234' title='bbox 1060 4455 1137 4533; x_wconf 94' lang='lat' dir='ltr'><strong>quo</strong></span> <span class='ocrx_word' id='word_1_235' title='bbox 1156 4424 1250 4503; x_wconf 87' lang='lat' dir='ltr'><strong>lacta</strong></span> <span class='ocrx_word' id='word_1_236' title='bbox 1269 4424 1342 4504; x_wconf 83' lang='lat' dir='ltr'><strong>fuit</strong></span> <span class='ocrx_word' id='word_1_237' title='bbox 1353 4427 1525 4533; x_wconf 89' lang='lat' dir='ltr'><strong>inquesta</strong></span> <span class='ocrx_word' id='word_1_238' title='bbox 1537 4423 1722 4531; x_wconf 84' lang='lat' dir='ltr'><strong>predicta,</strong></span> <span class='ocrx_word' id='word_1_239' title='bbox 1736 4451 1808 4531; x_wconf 90' lang='lat' dir='ltr'><strong>per</strong></span> <span class='ocrx_word' id='word_1_240' title='bbox 1823 4422 1919 4501; x_wconf 82' lang='lat' dir='ltr'><strong>curis</strong></span> 
     </span>
     <span class='ocr_line' id='line_1_30' title="bbox 503 4553 1918 4666; baseline 0.001 -37"><span class='ocrx_word' id='word_1_241' title='bbox 503 4572 630 4632; x_wconf 90' lang='lat' dir='ltr'><strong>nostre</strong></span> <span class='ocrx_word' id='word_1_242' title='bbox 641 4556 847 4664; x_wconf 88' lang='lat' dir='ltr'><strong>judicium,</strong></span> <span class='ocrx_word' id='word_1_243' title='bbox 871 4557 968 4635; x_wconf 89' lang='lat' dir='ltr'><strong>dicta</strong></span> <span class='ocrx_word' id='word_1_244' title='bbox 986 4559 1158 4666; x_wconf 86' lang='lat' dir='ltr'><strong>inquesta</strong></span> <span class='ocrx_word' id='word_1_245' title='bbox 1174 4557 1246 4636; x_wconf 83' lang='lat' dir='ltr'><strong>fuit</strong></span> <span class='ocrx_word' id='word_1_246' title='bbox 1262 4556 1429 4635; x_wconf 89' lang='lat' dir='ltr'><strong>totaliter</strong></span> <span class='ocrx_word' id='word_1_247' title='bbox 1440 4553 1622 4646; x_wconf 89' lang='lat' dir='ltr'><strong>anullata,</strong></span> <span class='ocrx_word' id='word_1_248' title='bbox 1643 4554 1743 4632; x_wconf 82' lang='lat' dir='ltr'><strong>salvo</strong></span> <span class='ocrx_word' id='word_1_249' title='bbox 1752 4553 1840 4662; x_wconf 88' lang='lat' dir='ltr'><strong>jure</strong></span> <span class='ocrx_word' id='word_1_250' title='bbox 1858 4583 1918 4631; x_wconf 88' lang='lat' dir='ltr'><strong>cu·</strong></span> 
     </span>
     <span class='ocr_line' id='line_1_31' title="bbox 496 4685 1917 4798; baseline -0.001 -37"><span class='ocrx_word' id='word_1_251' title='bbox 496 4685 659 4792; x_wconf 88' lang='lat' dir='ltr'><strong>juslibet</strong></span> <span class='ocrx_word' id='word_1_252' title='bbox 672 4690 841 4795; x_wconf 88' lang='lat' dir='ltr'><strong>parcium</strong></span> <span class='ocrx_word' id='word_1_253' title='bbox 855 4689 1128 4797; x_wconf 86' lang='lat' dir='ltr'><strong>predictarum,</strong></span> <span class='ocrx_word' id='word_1_254' title='bbox 1145 4690 1294 4767; x_wconf 87' lang='lat' dir='ltr'><strong>racione</strong></span> <span class='ocrx_word' id='word_1_255' title='bbox 1313 4689 1427 4798; x_wconf 80' lang='lat' dir='ltr'><strong>garde</strong></span> <span class='ocrx_word' id='word_1_256' title='bbox 1442 4689 1630 4794; x_wconf 87' lang='lat' dir='ltr'><strong>prioratus</strong></span> <span class='ocrx_word' id='word_1_257' title='bbox 1642 4685 1822 4792; x_wconf 88' lang='lat' dir='ltr'><strong>predicti,</strong></span> <span class='ocrx_word' id='word_1_258' title='bbox 1846 4701 1917 4762; x_wconf 84' lang='lat' dir='ltr'><strong>tam</strong></span> 
     </span>
     <span class='ocr_line' id='line_1_32' title="bbox 503 4811 1913 4929; baseline 0.001 -36"><span class='ocrx_word' id='word_1_259' title='bbox 503 4843 616 4923; x_wconf 88' lang='lat' dir='ltr'><strong>super</strong></span> <span class='ocrx_word' id='word_1_260' title='bbox 639 4817 772 4897; x_wconf 88' lang='lat' dir='ltr'><strong>saisina</strong></span> <span class='ocrx_word' id='word_1_261' title='bbox 797 4849 910 4927; x_wconf 86' lang='lat' dir='ltr'><strong>quam</strong></span> <span class='ocrx_word' id='word_1_262' title='bbox 937 4849 1051 4928; x_wconf 90' lang='lat' dir='ltr'><strong>super</strong></span> <span class='ocrx_word' id='word_1_263' title='bbox 1076 4821 1324 4929; x_wconf 88' lang='lat' dir='ltr'><strong>proprietate,</strong></span> <span class='ocrx_word' id='word_1_264' title='bbox 1352 4837 1406 4910; x_wconf 92' lang='lat' dir='ltr'><strong>et,</strong></span> <span class='ocrx_word' id='word_1_265' title='bbox 1434 4819 1465 4896; x_wconf 90' lang='lat' dir='ltr'><strong>si</strong></span> <span class='ocrx_word' id='word_1_266' title='bbox 1493 4819 1618 4896; x_wconf 85' lang='lat' dir='ltr'><strong>dictus</strong></span> <span class='ocrx_word' id='word_1_267' title='bbox 1641 4844 1769 4895; x_wconf 89' lang='lat' dir='ltr'><strong>comes</strong></span> <span class='ocrx_word' id='word_1_268' title='bbox 1796 4811 1913 4902; x_wconf 74' lang='lat' dir='ltr'><strong>sant,</strong></span> 
     </span>
     <span class='ocr_line' id='line_1_33' title="bbox 499 4946 1916 5057; baseline -0.004 -33"><span class='ocrx_word' id='word_1_269' title='bbox 499 4947 651 5054; x_wconf 89' lang='lat' dir='ltr'><strong>quando</strong></span> <span class='ocrx_word' id='word_1_270' title='bbox 663 4949 734 5026; x_wconf 92' lang='lat' dir='ltr'><strong>sibi</strong></span> <span class='ocrx_word' id='word_1_271' title='bbox 745 4949 937 5055; x_wconf 84' lang='lat' dir='ltr'><strong>placuerit,</strong></span> <span class='ocrx_word' id='word_1_272' title='bbox 951 4951 1142 5057; x_wconf 88' lang='lat' dir='ltr'><strong>predictos</strong></span> <span class='ocrx_word' id='word_1_273' title='bbox 1154 4950 1332 5028; x_wconf 82' lang='lat' dir='ltr'><strong>comitem</strong></span> <span class='ocrx_word' id='word_1_274' title='bbox 1343 4948 1546 5055; x_wconf 79' lang='lat' dir='ltr'><strong>Campania</strong></span> <span class='ocrx_word' id='word_1_275' title='bbox 1560 4946 1916 5053; x_wconf 85' lang='lat' dir='ltr'><strong>etreligiosossuper</strong></span> 
     </span>
     <span class='ocr_line' id='line_1_34' title="bbox 499 5077 1837 5190; baseline 0 -36"><span class='ocrx_word' id='word_1_276' title='bbox 499 5077 573 5156; x_wconf 92' lang='lat' dir='ltr'><strong>hoc</strong></span> <span class='ocrx_word' id='word_1_277' title='bbox 590 5077 721 5158; x_wconf 86' lang='lat' dir='ltr'><strong>lecerit</strong></span> <span class='ocrx_word' id='word_1_278' title='bbox 739 5079 917 5188; x_wconf 87' lang='lat' dir='ltr'><strong>ajornari,</strong></span> <span class='ocrx_word' id='word_1_279' title='bbox 937 5083 1038 5161; x_wconf 88' lang='lat' dir='ltr'><strong>curia</strong></span> <span class='ocrx_word' id='word_1_280' title='bbox 1053 5082 1164 5161; x_wconf 87' lang='lat' dir='ltr'><strong>laciet</strong></span> <span class='ocrx_word' id='word_1_281' title='bbox 1180 5082 1322 5161; x_wconf 82' lang='lat' dir='ltr'><strong>eisdem</strong></span> <span class='ocrx_word' id='word_1_282' title='bbox 1334 5080 1487 5190; x_wconf 81' lang='lat' dir='ltr'><strong>justicie</strong></span> <span class='ocrx_word' id='word_1_283' title='bbox 1502 5079 1837 5186; x_wconf 86' lang='lat' dir='ltr'><strong>complementum.</strong></span> 
     </span>
    </p>
   </div>
   <div class='ocr_carea' id='block_1_6' title="bbox 0 0 2230 6209">
    <p class='ocr_par' dir='ltr' id='par_1_8' title="bbox 0 0 2230 6209">
     <span class='ocr_line' id='line_1_35' title="bbox 0 0 2230 6209; baseline 0 2"><span class='ocrx_word' id='word_1_284' title='bbox 0 0 2230 6209; x_wconf 95' lang='lat' dir='ltr'><strong> </strong></span> 
     </span>
    </p>
   </div>
  </div>
 </body>
</html>
