4450 6209
510 691 585 768 658
1089 690 1177 762 LES
1212 690 1353 765 OLIM.

285 843 413 900 aarum
427 844 471 908 Ν,
510 859 676 912 asserens
686 831 809 910 dictus
820 848 1038 936 procurator
1050 859 1183 910 omnes
1193 827 1464 910 mercatoresin
1474 827 1576 906 dicto
1585 845 1751 906 mercato
1766 846 1930 907 ementes

346 937 409 978 Μ’
511 961 766 1042 attendentes
779 989 858 1040 esso
873 978 911 1040 et
924 961 1366 1069 brissesemperfrancos,
1382 959 1524 1036 liberos
1532 977 1572 1038 et
1581 961 1757 1038 inmunes
1771 959 1928 1039 abomni

509 1113 696 1183 costuma,
718 1093 898 1174 solvendo
917 1093 1027 1172 nobis
1048 1111 1085 1172 at
1102 1095 1279 1201 episcopo
1297 1089 1557 1170 Amelianensi
1572 1109 1712 1170 certam
1726 1110 1928 1172 costumam

507 1226 619 1306 nobis
635 1243 672 1304 et
684 1223 826 1330 prefato
843 1225 1017 1332 episcopo
1031 1225 1077 1302 ab
1092 1227 1246 1332 antiquo
1261 1223 1426 1302 debitam
1442 1237 1481 1298 et
1494 1251 1563 1328 per
1573 1241 1706 1331 gentes
1717 1243 1860 1302 nostras
1871 1225 1925 1302 rel

508 1359 597 1436 dicti
618 1357 781 1464 episcopi
802 1355 914 1436 levari
936 1375 1171 1448 consuetam,
1193 1385 1338 1464 nosque
1358 1381 1439 1430 esse
1457 1370 1495 1432 et
1512 1353 1628 1434 fuisse
1646 1384 1796 1462 semper
1809 1355 1850 1433 in
1863 1357 1927 1434 sai-

507 1491 587 1566 sina
602 1488 753 1566 tenendi
764 1506 801 1565 et
811 1488 1008 1597 gardiandi
1022 1517 1154 1568 omnes
1161 1505 1404 1574 mercatores,
1417 1504 1585 1566 ementes
1594 1504 1633 1564 et
1642 1488 1849 1566 vendentes
1855 1487 1927 1564 ani-

507 1621 615 1700 malia
636 1622 677 1700 in
696 1637 860 1698 mercato
878 1619 1062 1726 predicto,
1083 1619 1230 1700 francos
1249 1637 1287 1698 et
1305 1618 1446 1696 liberos
1463 1617 1511 1695 ab
1530 1619 1634 1695 omni
1654 1618 1728 1696 alia
1747 1637 1924 1709 costuma,

506 1781 619 1858 quare
634 1751 783 1860 petebat
792 1769 1011 1857 procurator
1021 1751 1215 1858 predictus
1227 1751 1407 1832 declarari
1422 1755 1523 1860 ipsos
1537 1767 1761 1829 mercatores
1775 1751 1816 1826 in
1832 1750 1925 1827 dicto

508 1901 672 1961 mercato
692 1899 859 1960 ementes
877 1881 1048 1960 animalia
1071 1882 1130 1959 vel
1149 1885 1370 1975 vendentes,
1394 1883 1541 1963 francos
1560 1909 1640 1960 esse
1659 1881 1800 1960 liberos
1818 1899 1857 1958 et
1875 1881 1926 1957 in-

506 2042 639 2094 munes
661 2014 707 2091 ab
727 2012 828 2092 omni
849 2031 1033 2104 costuma,
1055 2013 1235 2092 solvendo
1255 2033 1479 2102 costumam,
1499 2031 1544 2092 ut
1559 2011 1801 2119 premittitur,
1823 2013 1925 2092 nobis

507 2164 546 2224 et
565 2146 741 2252 episcopo
759 2143 901 2251 prefato
923 2145 1102 2235 debitam,
1121 2163 1159 2222 et
1177 2146 1281 2252 quod
1300 2166 1466 2226 costuma
1485 2175 1598 2253 quam
1617 2145 1741 2222 dictus
1755 2143 1926 2223 milesia

506 2307 590 2358 rare
609 2308 628 2356 a
649 2278 932 2367 mercatoribus,
955 2278 994 2354 in
1012 2278 1182 2383 predicto
1198 2297 1362 2358 mercato
1376 2279 1548 2357 animalia
1564 2276 1776 2355 ementibus
1789 2293 1830 2354 ct
1846 2305 1926 2354 ven·

507 2411 683 2491 dentibus
702 2411 900 2500 nitebatur,
919 2411 1069 2488 caderet
1087 2411 1253 2501 omnino,
1270 2430 1309 2490 et
1322 2412 1428 2519 quod
1445 2413 1526 2518 ipse
1538 2409 1831 2517 compelleretur
1842 2410 1924 2486 red·

507 2543 597 2620 dere
619 2541 748 2649 viginti
774 2541 888 2618 libras
905 2542 964 2619 vel
984 2541 1078 2619 circa
1103 2571 1197 2649 quas
1215 2543 1297 2648 ipse
1316 2543 1488 2621 {avarita
1511 2542 1623 2620 dictis
1640 2541 1921 2628 mercatoribus,

506 2675 699 2754 occasione
709 2673 891 2780 predicta,
908 2672 1091 2752 aduobus
1104 2673 1211 2750 aunis
1223 2675 1325 2752 citra.
1338 2677 1431 2752 Item
1445 2673 1550 2781 quod
1560 2691 1719 2751 cessam
1727 2672 1922 2779 impedire,

505 2803 656 2884 turbare
671 2835 740 2884 sou
751 2803 957 2912 inquietare
972 2820 1200 2882 mercatores
1213 2806 1403 2911 predictos
1417 2807 1458 2882 in
1470 2805 1580 2882 dictis
1593 2803 1764 2882 libertate
1779 2821 1818 2882 et
1832 2804 1925 2882 ban

506 2938 621 3014 chisia
644 2936 721 3014 suis
740 2953 779 3012 et
796 2963 864 3014 nos
884 2934 923 3012 in
940 2935 1075 3012 saisina
1098 2952 1223 3012 nostra
1246 2937 1429 3042 predicta,
1451 2936 1552 3014 dicto
1574 2935 1692 3014 milite
1712 2964 1756 3012 er
1776 2937 1923 3014 adverso

505 3067 654 3144 dicente
674 3094 714 3146 se
735 3075 775 3142 ‘et
793 3093 881 3144 suos
900 3066 1183 3172 predecessores
1203 3094 1283 3145 esse
1306 3085 1345 3144 et
1362 3066 1477 3146 fuisse
1496 3068 1536 3145 in
1555 3067 1689 3144 saisina
1708 3066 1870 3144 habendi
1889 3085 1925 3145 et

504 3196 652 3274 levandi
678 3213 815 3273 cartam
836 3212 1045 3274 costumam
1063 3225 1084 3272 a
1103 3198 1376 3276 mercatoribus
1394 3198 1443 3275 de
1463 3215 1565 3276 extra
1583 3197 1836 3304 episcopatum
1852 3197 1924 3275 An-

503 3328 754 3407 relianensem
776 3327 1023 3418 venientibus,
1044 3329 1258 3406 ementibus
1273 3328 1576 3408 attendentibus
1589 3329 1629 3405 in
1645 3329 1816 3435 predicto
1831 3356 1924 3406 mer-

504 3478 585 3540 cato
605 3458 794 3550 animalia,
815 3487 883 3565 per
901 3475 1045 3536 tantum
1062 3461 1243 3566 temporis
1262 3460 1368 3568 quod
1385 3460 1525 3539 sufficit
1542 3461 1592 3539 ad
1605 3460 1670 3569 jus
1687 3460 1822 3538 saisine
1836 3489 1924 3568 qne

503 3592 636 3684 rende,
664 3620 780 3698 quare
804 3589 955 3696 petebat
970 3591 1086 3681 ¹idom
1120 3591 1230 3669 miles
1256 3593 1524 3682 turbationem,
1550 3591 1864 3697 impedimentum
1887 3610 1923 3668 et

504 3751 655 3802 manum
669 3741 832 3801 nostram
842 3723 883 3799 in
897 3722 995 3801 dicta
1009 3722 1144 3800 saisina
1161 3723 1349 3830 appositos
1359 3752 1428 3830 per
1441 3740 1572 3833 gentes
1582 3740 1727 3801 nostras
1740 3721 1918 3811 indebite,

503 3873 547 3930 ut
565 3853 728 3942 dicebat,
746 3853 908 3932 amoveri
924 3871 963 3929 et
974 3854 1143 3958 permitti
1159 3855 1282 3960 ipsum
1299 3855 1419 3932 libere
1433 3883 1502 3932 stra
1512 3854 1678 3961 predicta
1693 3853 1825 3931 saisina
1839 3880 1922 3962 gan·

504 3983 610 4072 dere,
632 3982 783 4060 tandem
802 3983 1015 4088 prepositus
1030 3983 1238 4091 predictus,
1258 3986 1396 4064 auditis
1410 3986 1622 4064 racionibns
1639 3985 1726 4063 binc
1741 3986 1831 4064 inde
1846 4014 1922 4092 pro

502 4113 648 4220 positis,
682 4112 843 4218 visisque
876 4142 917 4189 ac
944 4113 1145 4223 diligenter
1169 4116 1343 4223 inspectis
1369 4116 1673 4224 deposicionibus
1701 4117 1853 4194 testium
1879 4115 1921 4192 ab

503 4263 661 4352 utraque
680 4262 783 4352 parte
800 4274 913 4352 super
931 4246 1007 4326 hoc
1020 4248 1292 4354 productorum
1308 4278 1421 4356 super
1434 4249 1644 4356 premissis,
1660 4250 1843 4358 judicarit
1855 4249 1922 4326 dic·

502 4395 578 4454 tem
588 4395 885 4484 costumam,per
898 4378 1039 4456 dictum
1047 4380 1207 4456 militem
1219 4380 1435 4487 aliquandiu
1445 4380 1764 4470 levatam,debere
1772 4380 1921 4459 omuino

501 4509 645 4600 cadere,
661 4526 699 4586 et
709 4526 946 4600 mercatores,
962 4511 1000 4588 in
1011 4511 1112 4589 dicto
1127 4529 1292 4591 mercato
1303 4529 1472 4590 ementes
1483 4512 1656 4590 animalia
1666 4511 1918 4598 etvendentes,

501 4638 645 4717 francos
659 4670 772 4745 super
788 4642 861 4718 hoc
875 4659 913 4720 et
927 4642 1066 4722 liberos
1078 4671 1292 4735 remanere;
1308 4667 1419 4752 aquo
1429 4645 1610 4753 judicato,
1626 4663 1818 4753 tamquam
1833 4643 1920 4721 falso

502 4787 539 4846 et
562 4797 685 4874 pravo,
711 4773 837 4852 dictus
857 4775 965 4853 miles
990 4774 1038 4854 ad
1061 4775 1241 4854 ballivum
1259 4776 1565 4889 Aurelianensem
1586 4775 1799 4884 appellavit
1821 4774 1921 4884 quod

496 4900 706 5008 judicatum
732 4905 975 5008 postmodum
1001 4907 1100 4986 idem
1127 4908 1286 4986 ballivus
1311 4909 1560 4999 confirmavit3
1585 4936 1606 4985 a
1630 4937 1704 5016 qua
1728 4907 1920 4986 confirma·

501 5033 624 5124 cione,
647 5049 839 5142 tamquam
861 5034 951 5116 falsa
969 5056 1007 5116 et
1025 5065 1150 5144 prava
1172 5039 1283 5117 miles
1303 5040 1495 5146 predictus
1513 5040 1681 5119 secando
1698 5040 1746 5116 ad
1762 5056 1919 5118 nomam
