4450 6209
738 717 1003 828 aaoutrns
1029 739 1093 810 sr
1121 720 1319 810 uaccas
1667 735 1742 811 eae

325 879 576 988 pedamento,
586 876 729 956 dictum
745 876 887 967 fuisset,
902 877 1002 956 inter
1014 893 1152 967 cetera,
1166 876 1273 983 quod
1286 876 1388 952 dicto
1397 875 1599 982 Redulpbo
1608 878 1744 983 quinte
1781 891 1911 945 Parum
1923 885 1968 949 Ν.

326 1011 441 1116 partis
461 1008 663 1086 feudorum
678 1008 939 1095 viromandie,
959 1008 1161 1114 dequibus
1180 1007 1339 1084 decessit
1358 1007 1504 1084 saisitus
1521 1035 1646 1084 comes
1659 1036 1749 1114 pre-n
1843 979 1907 1024 Μ’

327 1140 465 1231 dictus,
489 1138 759 1216 deliberabitur
782 1138 933 1227 saisina,
955 1138 1153 1245 dictusque
1172 1137 1408 1244 Radulpbus,
1433 1137 1569 1216 virtute
1587 1138 1746 1244 judicati

326 1271 503 1378 predicti,
528 1286 675 1377 peteret
700 1269 772 1347 sibi
792 1268 992 1348 deliberari
1012 1269 1184 1374 q'uintam
1214 1286 1358 1376 partem
1386 1269 1746 1377 quadringentarum

327 1401 547 1480 libratarum
561 1417 660 1478 terre
675 1399 898 1488 leodalium,
919 1428 1013 1506 quas
1033 1399 1371 1489 dictusIohannes,
1387 1427 1506 1506 nepos
1525 1399 1622 1507 ejus,
1643 1417 1747 1477 tenet

172 1591 197 1616 .
327 1532 429 1638 apud
455 1532 597 1638 Royem
618 1547 657 1608 et
681 1529 876 1636 granchias
899 1545 938 1606 et
964 1529 1214 1634 pertinencias
1235 1528 1425 1608 dictorum
1452 1528 1640 1621 locorum,
1673 1559 1747 1636 que

328 1661 485 1740 luerunt
504 1660 669 1738 defuncti
692 1660 839 1738 comitis
861 1661 1037 1765 predicti,
1064 1660 1245 1766 quasdem
1265 1661 1314 1738 ad
1334 1661 1406 1737 hoe
1419 1661 1587 1738 raciones
1606 1678 1645 1737 et
1658 1689 1749 1739 con·

329 1792 551 1870 suetudines
570 1790 769 1899 allegando
790 1807 829 1866 et
844 1790 986 1868 dictum
999 1790 1213 1897 judicatum
1235 1790 1467 1880 exhibeud03
1489 1790 1591 1868 dicto
1610 1809 1748 1900 nepote

328 1922 455 2028 plures
469 1923 638 2000 raciones
648 1939 686 1998 et
696 1920 987 2000 consuetudines
1001 1921 1041 1996 in
1054 1920 1283 1999 contrarium
1298 1938 1551 2026 proponente:
1565 1922 1746 2009 Tandem,

328 2053 466 2130 auditis
481 2050 674 2130 hincinde
693 2050 896 2157 propositis
916 2067 953 2127 et
970 2051 1148 2158 inquisita
1161 2050 1316 2130 veritate
1336 2081 1451 2158 super
1463 2051 1644 2160 predictis
1662 2081 1749 2131 con-

330 2182 612 2270 suetudinibus,
628 2198 667 2262 et
677 2182 752 2259 visa
765 2183 955 2286 inquesta,
970 2181 1141 2286 partibus
1154 2181 1306 2269 vocatis,
1321 2211 1434 2288 super
1444 2184 1518 2260 hoc
1529 2182 1639 2274 facte,
1652 2185 1752 2261 viso·
1805 2184 1807 2188 ’

330 2310 1472 2420 quejudicatopredicto,percurienostrejudiciurn‚dictum
1483 2312 1669 2419 luitquod
1679 2312 1752 2390 dic·

330 2459 453 2521 tarum
476 2441 832 2549 quadringentarum
851 2439 1072 2518 libratarum
1092 2458 1193 2516 terre
1212 2441 1346 2546 quinte
1365 2441 1479 2545 partIs
1496 2441 1637 2520 saisina·
1651 2442 1752 2520 dicto

330 2573 530 2680 Radulpho
557 2570 846 2657 deliberabitur,
874 2567 1083 2646 secundum
1110 2569 1200 2646 dicti
1219 2570 1377 2677 judicati
1402 2573 1539 2677 prioris
1560 2589 1749 2660 tenorem,

333 2720 371 2780 et
391 2703 591 2780 declaravit
610 2701 713 2778 curie
737 2717 880 2790 nostra,
901 2727 969 2804 per
994 2700 1205 2806 inquestam
1232 2701 1457 2807 predictam,
1485 2704 1643 2780 maxime
1665 2732 1751 2780 cum

333 2831 637 2940 deposicionibus
660 2831 813 2910 testium
835 2831 875 2908 in
897 2859 941 2908 ea
961 2830 1234 2936 productorum
1255 2832 1353 2910 dicte
1377 2849 1503 2940 partes
1528 2862 1568 2912 se
1592 2832 1755 2912 dixerint

331 2964 428 3042 velle
444 2981 559 3055 stare,
570 2963 679 3070 quod
695 2962 879 3042 dictarum
895 2963 1256 3070 quadringentarum
1275 2963 1494 3042 libratarum
1511 2982 1611 3042 terre
1626 2963 1755 3044 feoda-

332 3094 444 3184 Iium,
461 3123 535 3202 que
550 3110 639 3172 sunt
654 3093 694 3170 in
708 3093 968 3182 Viromandia,
987 3094 1035 3172 de
1051 3093 1327 3172 cousuetudine
1343 3095 1601 3183 Viromandis,
1616 3095 1755 3174 dictam

334 3224 505 3330 quintam
518 3241 664 3330 partem
680 3223 802 3301 dictus
814 3222 1037 3328 Redulpbus
1049 3224 1098 3300 ad
1112 3225 1225 3302 vitam
1240 3251 1348 3301 suem
1362 3225 1625 3303 tantummodo
1641 3225 1757 3304 debet

334 3354 490 3442 habere,
515 3353 590 3430 hoc
619 3354 735 3430 eciam
756 3370 910 3458 excepto
935 3354 1055 3460 quod,
1082 3355 1292 3432 secundum
1317 3355 1630 3432 cousuetudinem
1648 3357 1757 3432 Viro·

335 3484 503 3578 mendic,
521 3485 723 3562 domorum
738 3482 943 3562 feudalium
956 3485 996 3560 in
1009 3484 1108 3569 dicta
1119 3500 1219 3570 terre
1231 3487 1388 3564 sitarum
1401 3486 1523 3569 dictus
1537 3485 1756 3591 badulphus

335 3615 506 3722 quintam
527 3633 673 3720 partem
693 3643 769 3692 non
792 3615 956 3694 hebebit.
1021 3693 1025 3703 ,
1080 3661 1083 3667 v

393 3747 498 3824 Luue
516 3763 601 3852 post
620 3749 750 3824 Latere
766 3747 985 3824 Jerusalem.

391 3876 578 3954 Dominus
596 3879 627 3952 J.
651 3877 698 3954 de
713 3878 843 3984 Voyssi
863 3878 1075 3984 reportavit.

393 4138 485 4217 XVI.
517 4139 1033 4245 ProcessusinterSymonem
1047 4141 1304 4233 dePoissiaco,
1315 4144 1488 4234 militem,
1506 4147 1761 4252 etSymonem

338 4271 385 4348 de
398 4267 619 4356 villaribus,
634 4268 836 4358 anulletur,
850 4287 965 4375 prout
976 4271 1193 4353 continetur
1203 4273 1243 4348 iu
1256 4272 1382 4354 rotulo
1395 4275 1511 4381 hujus
1524 4277 1758 4382 parlamenti.

393 4530 501 4610 XVII.
533 4530 731 4608 Processus
751 4530 849 4607 inter
877 4531 1084 4610 monachos
1112 4531 1431 4613 Treuorchienses
1450 4550 1488 4611 et
1512 4523 1761 4612 Guillelmum

339 4660 538 4766 Prepositi‚
555 4662 894 4740 Trenorcbiensem
918 4660 1180 4791 domicellum,
1198 4663 1404 4750 anulletus,
1418 4682 1532 4771 prout
1548 4668 1762 4744 continetur

339 4793 378 4866 in
392 4791 519 4870 rotulo
534 4791 648 4901 hujus
666 4793 900 4901 parlamenti.

396 5053 521 5133 XVIII.
553 5053 675 5161 Super
702 5084 747 5134 eo
775 5057 823 5133 de
849 5085 926 5163 quo
955 5057 1119 5134 decanus
1144 5073 1184 5136 et
1206 5056 1413 5163 capitulum
1440 5057 1595 5138 ecclesie
1619 5059 1761 5138 Sancti-

425 5229 478 5272 nus
499 5229 582 5273 curu.
606 5233 651 5273 ur.
1616 5212 1655 5275 82
