4450 6209
738 728 1004 840 nuoutrns
1029 748 1094 820 nr
1120 727 1326 823 raocts.
1674 754 1747 826 aaa

326 893 543 971 ordinatum
564 916 632 998 per
650 889 796 969 dictum
810 892 979 1000 judicem
1000 890 1105 997 quod
1126 890 1224 969 dicte
1250 889 1374 969 littere
1404 891 1480 971 sive
1500 893 1747 971 instrumenta
1787 902 1916 961 Pfflurar
1930 902 1972 967 Ν,

325 1022 570 1131 obligacionis
593 1038 720 1099 contra
743 1022 865 1101 dictos
890 1038 1099 1113 consortes,
1126 1050 1194 1099 seu
1217 1023 1316 1100 bona
1339 1024 1507 1130 ipsorum
1533 1024 1747 1102 execucioni
1849 996 1912 1040 ω’

325 1178 403 1233 non
420 1152 700 1245 mandarentur,
721 1179 921 1260 quousque
936 1150 984 1229 de
997 1152 1071 1230 hoc
1086 1170 1125 1230 et
1138 1179 1252 1259 super
1267 1153 1339 1229 hoc
1354 1152 1484 1231 luisset
1499 1154 1647 1259 plenius
1662 1184 1749 1267 cog-

323 1285 446 1361 nitum
467 1302 507 1361 et
520 1282 752 1375 discussum
773 1284 913 1407 quibus
924 1312 1002 1362 non
1014 1284 1267 1372 obstantibus,
1286 1286 1460 1392 magister
1475 1286 1685 1392 Stephanus
1700 1291 1748 1367 de

325 1413 521 1503 Formiis,
542 1414 760 1517 deputatus,
778 1431 942 1520 exparte
961 1431 1106 1502 nostra,
1126 1415 1174 1491 ad
1195 1414 1418 1522 exigendum
1436 1416 1562 1494 debita
1577 1419 1695 1496 Richii
1712 1440 1750 1499 et

325 1545 535 1633 Moucheti,
556 1544 735 1636 militum,
759 1573 927 1623 asserens
953 1545 1074 1623 dictos
1099 1563 1326 1623 mercatores
1351 1544 1398 1622 de
1423 1547 1617 1627 Florencia
1638 1550 1748 1631 baisse

327 1678 375 1755 de
387 1676 563 1754 societate
576 1676 762 1755 dictorum
776 1677 959 1766 militum,
969 1676 1111 1753 dictam
1131 1677 1289 1783 pecunie
1304 1706 1488 1755 summam
1503 1708 1524 1756 a
1538 1680 1649 1758 dictis
1661 1710 1749 1759 con·

326 1810 493 1887 sortibus
510 1808 616 1884 nisus
633 1806 748 1885 fuerit
771 1808 938 1917 exigere;
965 1834 1082 1912 quare
1107 1806 1409 1914 supplicaverunt
1432 1810 1542 1886 nohis
1561 1829 1750 1891 consortes

324 1938 484 2047 predicti
497 1938 601 2045 quod
617 1936 799 2016 vellemus
811 1936 933 2016 facere
948 1937 1105 2043 inquiri,
1122 1938 1259 2016 vocatis
1275 1937 1449 2044 gentibus
1462 1941 1601 2017 nostris
1619 1956 1656 2017 et
1669 1940 1750 2019 aliis

326 2071 540 2160 evocandis,
562 2096 673 2174 super
686 2069 761 2146 boc
777 2068 1001 2177 diligencius
1011 2070 1206 2148 reritmem
1222 2100 1231 2145 ε
1248 2068 1437 2157 Tandem,
1453 2071 1623 2176 inquesta
1639 2100 1752 2178 super

325 2203 399 2281 hoc
414 2204 466 2280 de
485 2201 667 2287 mandato
686 2218 816 2277 nostro
834 2199 928 2277 lacta
947 2219 987 2279 et
1008 2216 1136 2278 nostre
1159 2200 1261 2277 curie
1281 2216 1483 2304 reportata,
1505 2200 1581 2279 visa
1605 2220 1642 2279 et
1666 2204 1751 2281 dili-

325 2348 458 2440 genter
481 2329 706 2419 examinata,
733 2331 820 2437 quia
846 2332 1039 2409 inventum
1065 2347 1123 2407 est
1151 2328 1380 2407 sufficienter
1400 2330 1601 2437 probatum
1630 2334 1750 2412 dictos

326 2478 518 2542 consortes
542 2460 732 2539 confessos
754 2460 868 2539 fuisse
887 2490 927 2539 se
946 2491 967 2538 a
987 2461 1098 2539 dictis
1123 2459 1394 2539 mercatoribus
1415 2489 1482 2565 seu
1512 2480 1750 2568 procuratore

326 2621 459 2672 eornm
478 2592 661 2698 recepisse
679 2608 718 2668 et
735 2590 878 2669 solvere
894 2591 1111 2698 promisisse
1134 2590 1270 2668 dictam
1286 2618 1477 2669 summam
1491 2592 1667 2697 pecunie,
1686 2624 1751 2702 spe

325 2722 453 2802 future
474 2721 768 2811 numeracionis,
789 2750 861 2799 nec
878 2739 935 2801 est
957 2724 1151 2800 inventum
1173 2720 1293 2799 dictos
1316 2738 1509 2799 consortes
1528 2722 1670 2830 aliquid
1691 2726 1753 2802 ha-

325 2855 451 2933 buisse
475 2853 533 2932 vel
554 2853 738 2961 recepisse
762 2882 784 2929 a
811 2854 920 2931 dictis
944 2853 1217 2931 mercatoribus
1238 2882 1309 2930 seu
1333 2871 1575 2959 procuratore
1595 2881 1748 2947 eorum,

327 2986 613 3093 pronunciatum
625 2983 712 3074 luit,
725 3014 793 3092 per
803 2985 906 3064 curie
916 3002 1043 3064 nostre
1054 2985 1261 3093 judicium,
1277 2985 1397 3061 dictos
1409 3003 1601 3063 consortes
1611 3013 1632 3061 a
1644 2987 1752 3065 dictis

327 3117 598 3195 mercatoribus
617 3145 684 3194 seu
705 3145 726 3193 a
745 3117 873 3206 nobis,
894 3118 1030 3196 virtute
1051 3115 1240 3193 dictorum
1255 3116 1594 3196 instrumentorum
1611 3117 1754 3195 confec-

326 3266 454 3327 torum
473 3276 586 3356 super
605 3248 704 3325 dicta
719 3276 867 3324 summa
882 3248 1059 3354 pecunie,
1073 3275 1152 3324 non
1168 3247 1309 3324 debere
1324 3247 1531 3341 molestari,
1548 3250 1668 3327 immo
1681 3249 1754 3326 dic·

326 3397 387 3458 tos
398 3396 626 3457 mercatores
637 3377 892 3469 Florentinos,
910 3405 979 3455 seu
994 3404 1128 3453 eorum
1142 3394 1440 3483 procuratorem,
1458 3404 1527 3454 seu
1541 3406 1688 3455 causam
1705 3378 1752 3457 ab

326 3510 418 3617 ipsis
440 3508 638 3600 babentes,
666 3510 715 3587 ad
741 3509 1023 3587 restitucionem
1053 3507 1244 3585 dictorum
1274 3508 1614 3585 instrumentorum
1641 3509 1752 3587 dictis

322 3641 565 3719 consortibus
584 3640 794 3719 faciendam
819 3668 900 3718 esse
919 3637 1219 3746 compellendos,
1245 3656 1283 3715 et
1306 3638 1406 3717 dicta
1424 3638 1675 3717 instrumenta
1691 3668 1755 3718 cu-

326 3772 381 3849 ria
399 3787 526 3850 nostra
545 3800 614 3878 per
633 3771 736 3848 idem
750 3769 944 3878 judicium
964 3768 1160 3859 enullavit,
1182 3768 1367 3876 dictisque
1380 3769 1654 3848 mercatoribus
1668 3770 1754 3847 Flo-

326 3903 485 3980 rentinis
508 3919 547 3980 et
570 3930 704 3980 eorum
734 3918 996 4009 procuratore,
1018 3929 1060 3976 ae
1084 3900 1130 3976 ab
1150 3899 1240 4007 ipsis
1266 3928 1415 3979 causam
1442 3898 1668 3979 habentibus
1693 3900 1753 3979 vel

326 4033 444 4110 eciam
466 4031 650 4111 habituris
674 4060 789 4139 super
806 4032 993 4139 peticione
1013 4030 1114 4108 dicte
1134 4031 1294 4135 pecunie
1314 4048 1540 4137 perpetuum
1553 4030 1753 4108 silencium

325 4190 394 4269 per
412 4163 516 4241 idem
530 4162 718 4270 judicium
735 4160 930 4269 imposuit,
951 4178 988 4237 et
1001 4160 1103 4266 ipsos
1120 4178 1312 4239 consortes
1328 4190 1442 4268 super
1457 4163 1530 4240 hoc
1547 4164 1755 4241 sentencia·

326 4293 413 4373 liter
431 4293 598 4372 absolvit.

385 4424 429 4501 ln'
446 4426 589 4504 octabis
607 4427 758 4504 Pasche.

384 4556 559 4635 Bocellus
577 4559 790 4664 reportavit.

388 4818 561 4897 LXXXV.
594 4820 697 4897 Mota
719 4820 970 4897 controversia
993 4819 1094 4895 inter
1111 4817 1371 4896 Gourrardum
1390 4817 1552 4907 Bonnel,
1577 4835 1758 4895 mercato-

332 4974 413 5023 rem
433 4949 480 5024 de
493 4948 704 5040 Florencia,
724 4978 768 5028 ex
780 4980 855 5028 nna
871 4967 995 5058 parte,
1015 4966 1054 5028 et
1071 4950 1282 5028 Firminum
1304 4947 1509 5057 Coquerel,
1525 4949 1758 5058 prepositum

332 5093 425 5158 tunc
449 5077 713 5170 Parisiensem,
736 5098 774 5158 et
799 5080 994 5159 Ferricum
1014 5079 1187 5169 Tacbier,
1214 5081 1373 5160 militem
1399 5083 1502 5188 gueti
1525 5079 1755 5168 Parisiensis,

415 5254 470 5296 cns
490 5255 573 5299 οιιιι.
590 5256 635 5295 ιιι.
1570 5240 1609 5306 (ιδ
