4450 6209
744 722 1012 831 snoutrss
1038 740 1103 813 nr
1129 723 1333 817 rnocts.
1472 830 1476 837 .
1705 746 1752 817 es

322 910 478 975 sanum,
504 899 542 960 et
566 910 590 958 a
613 899 786 989 tempore
817 882 907 962 dicti
929 881 1106 961 escambii
1130 912 1169 961 se
1193 884 1338 964 dictum
1362 885 1501 965 lactum
1525 888 1752 994 possedisse;
1792 894 1980 961 mmmm,
2056 875 2060 883 ¹

320 1012 596 1120 super-quibus
613 1012 796 1091 offerebat
816 1012 933 1120 ipsius
953 1013 1086 1092 militis
1105 1034 1335 1121 procurator,
1361 1046 1486 1095 coram
1507 1016 1608 1095 dicto
1630 1046 1755 1098 senes·
1854 989 1919 1031 Μ’

321 1142 435 1253 callo,
451 1142 572 1223 facere
591 1161 806 1253 promptam
821 1141 959 1237 fidem,
981 1160 1114 1252 petens
1131 1147 1313 1225 instanter
1332 1168 1447 1255 super
1463 1149 1655 1255 premissis
1672 1180 1754 1257 pro·
1843 1204 1845 1209 -

321 1274 408 1353 cedi
427 1276 632 1390 summarie
647 1292 686 1360 et
705 1275 752 1353 de
768 1273 902 1381 plano,
923 1304 1217 1386 proponensque
1232 1279 1309 1356 ·hoc
1329 1280 1411 1357 lieri
1437 1279 1576 1358 debere
1598 1281 1644 1359 de
1666 1310 1755 1359 con-

322 1404 527 1485 suetudine
552 1423 591 1483 et
612 1404 700 1485 stilo
725 1406 828 1483 curie
847 1407 1124 1498 Ruthenensis,
1145 1424 1389 1515 procuratore
1414 1426 1543 1489 nostro
1566 1428 1603 1489 et
1628 1411 1753 1518 priore

322 1536 495 1644 predicto
518 1537 748 1615 contrarium
768 1521 1039 1627 asserentibus,
1056 1568 1100 1616 ac
1115 1540 1416 1647 proponentibus
1432 1570 1546 1649 super
1563 1544 1754 1649 premissis

323 1697 403 1749 non
414 1669 635 1761 summarie,
652 1669 736 1759 sed,
747 1668 847 1775 juris
864 1670 997 1749 ordine
1011 1689 1172 1761 servato,
1186 1670 1267 1751 lore
1277 1674 1576 1781 procedendum.
1587 1676 1754 1753 Demum

322 1800 484 1879 testibus
504 1818 542 1879 et
561 1800 823 1879 instrumentis
842 1828 887 1877 ex
905 1816 1065 1909 utraque
1086 1819 1193 1909 parte
1213 1831 1328 1910 super
1347 1804 1539 1911 premissis
1557 1804 1753 1884 hincinde

321 1932 532 2038 productis,
555 1932 677 2011 dictus
691 1931 921 2011 senescallus
935 1934 1143 2039 predictam
1164 1934 1337 2013 saisinam
1352 1936 1505 2027 amovit,
1523 1954 1562 2014 et
1576 1937 1696 2015 voluit
1713 1965 1754 2015 ac

321 2061 491 2170 precepit
509 2066 615 2170 quod
638 2063 762 2142 dictus
779 2064 885 2171 prior
902 2064 1004 2145 dicto
1025 2064 1156 2157 militi,
1175 2096 1244 2173 pro
1262 2067 1372 2147 dictis
1391 2067 1502 2159 locis,
1527 2070 1624 2147 sicut
1643 2068 1753 2146 nobis

312 2192 484 2307 solebat,
505 2194 689 2273 obediret.
705 2196 738 2273 A
752 2195 892 2303 quibus
912 2199 1102 2275 sentencia
1122 2228 1197 2277 seu*
1208 2218 1403 2307 precepto,
1419 2218 1599 2308 tanquam
1617 2201 1663 2278 ab
1681 2201 1754 2277 ini·

322 2325 408 2432 quis
421 2342 461 2403 et
470 2324 634 2433 injustis,
649 2344 855 2434 protestate
871 2328 921 2407 de
932 2328 1109 2407 nullitate
1125 2332 1365 2422 eorumdem,
1382 2333 1486 2409 idem
1502 2332 1617 2438 prior,
1634 2360 1753 2438 quan-

321 2473 405 2533 tum
424 2486 491 2535 sua
506 2458 686 2537 interesse
706 2475 870 2566 poterat,
891 2460 1102 2568 appellavit.
1124 2461 1245 2539 Causa
1262 2491 1351 2542 vero
1372 2464 1638 2570 appellacionis
1652 2481 1753 2569 post-

321 2588 482 2667 modum
505 2617 575 2696 per
598 2617 668 2667 nos
692 2590 869 2698 magistro
893 2590 1101 2670 Guillelmo
1123 2592 1256 2671 Vitalis
1280 2594 1497 2683 commissa,
1524 2595 1626 2671 idem
1655 2622 1752 2671 com-

321 2720 528 2813 missarius,
550 2721 687 2799 vocatis
708 2721 894 2827 partibus,
913 2722 953 2798 iu
970 2722 1070 2801 dicta
1089 2751 1198 2801 causa
1213 2725 1412 2830 processit,
1429 2742 1543 2804 testes
1558 2726 1751 2803 hincinde

321 2851 525 2958 productos
551 2869 589 2930 et
613 2852 685 2930 alia
708 2882 785 2961 que
811 2870 936 2960 partes
954 2854 1165 2961 producere
1189 2872 1228 2933 et
1246 2884 1461 2963 pmponere,
1480 2857 1684 2937 voluerunt
1704 2859 1752 2935 de

315 2980 404 3088 jure
424 3001 462 3061 et
483 2984 530 3062 de
549 2982 646 3062 facto
666 2983 875 3076 audiendo;
896 2987 1070 3078 tandem,
1092 3014 1218 3065 coram
1240 3016 1286 3066 eo
1307 2989 1484 3067 concluso
1502 2990 1541 3066 in
1562 2990 1663 3067 dicto
1684 3016 1752 3067 ne-

320 3113 445 3219 gocio,
461 3142 679 3221 processum
695 3115 794 3199 dicte
806 3146 916 3195 cause
929 3118 978 3195 ad
992 3117 1136 3197 curiam
1151 3136 1318 3197 nostram
1332 3120 1498 3198 remisit:
1512 3121 1609 3200 Visis
1624 3121 1749 3229 igitur,

320 3262 398 3323 tam
421 3246 637 3355 principalis
656 3276 766 3327 cause
785 3276 900 3354 quam
919 3248 1186 3356 appellacionis
1204 3252 1475 3356 predictarum,
1493 3252 1748 3357 processibus,
1833 3282 1839 3299 ¹

322 3376 574 3485 omnibusque
602 3377 802 3485 diligenter
827 3379 1092 3470 consideratis,
1120 3382 1412 3487 pronunciatum
1436 3382 1524 3471 fuit,
1553 3412 1622 3490 per
1647 3387 1750 3463 curie

320 3526 448 3587 nostre
457 3508 664 3616 judicium,
675 3510 836 3616 predicti
850 3512 1045 3590 senescalli
1059 3513 1289 3591 sentenciam
1305 3514 1449 3591 nullam
1465 3542 1545 3593 esse
1561 3512 1599 3593 et
1614 3514 1747 3604 fuisse,

319 3639 420 3719 salvo
440 3640 542 3719 dicto
561 3640 730 3720 Gnidoni
755 3642 787 3719 si
808 3659 846 3719 et
867 3672 955 3721 cum
975 3643 1024 3720 de
1046 3644 1133 3751 jure
1158 3643 1410 3753 proprietatis,
1436 3646 1467 3722 si
1488 3647 1595 3753 quod
1615 3646 1686 3726 sibi
1710 3648 1749 3724 in

318 3772 511 3879 premissis
530 3790 735 3879 competat,
758 3775 874 3852 modo
894 3772 1026 3851 debito
1049 3775 1185 3854 vocatis
1205 3804 1372 3884 qnorum
1394 3777 1566 3872 interest,
1588 3776 1750 3857 voluerit

319 3903 492 4009 experiri.

377 4035 514 4113 Actum
534 4037 711 4114 mercurii
725 4055 813 4144 post
826 4038 964 4117 festum
984 4039 1085 4118 beati
1102 4038 1271 4119 Bamabe
1283 4038 1457 4148 apostoli.

378 4166 428 4244 M.
443 4169 492 4247 R.
509 4167 692 4249 Rosseleti
712 4171 925 4277 reportavit·

376 4431 419 4509 V.
450 4431 625 4511 Nicolaus
651 4432 875 4527 Lombardi‚
903 4463 1017 4541 super
1044 4453 1166 4512 morte
1192 4435 1283 4513 dicti
1307 4436 1526 4514 Cormarant
1553 4424 1623 4539 qui
1645 4432 1747 4509 licite

317 4560 393 4637 boc
414 4559 518 4655 fecit,
539 4590 608 4669 per
622 4562 836 4671 inquestam
853 4565 945 4643 inde
961 4564 1095 4643 betam
1109 4564 1183 4643 fuit
1201 4565 1415 4653 absolutus3
1433 4582 1470 4642 et
1484 4580 1539 4641 est
1558 4563 1749 4649 sentencia

317 4689 360 4769 in
379 4692 505 4771 rotulo
524 4722 613 4783 meo
633 4695 748 4804 hujus
767 4696 873 4789 anni,
895 4712 935 4775 et
952 4696 1070 4775 eciam
1090 4697 1131 4774 in
1152 4694 1325 4804 inquesta
1348 4722 1423 4802 que
1441 4711 1498 4773 est
1513 4695 1615 4803 apud
1634 4722 1709 4771 me.

377 4956 435 5033 vl.
466 4958 641 5064 lnquesta
662 4986 705 5035 ex
726 4961 990 5040 commissione
1011 4961 1157 5040 domini
1171 4960 1283 5069 Regis
1301 4988 1370 5069 per
1387 4958 1568 5037 ballivum
1588 4958 1747 5039 Gisorcii
1813 5051 1828 5068 ,
1918 4996 1924 5009 ’

319 5085 415 5164 facta
438 5088 538 5166 inter
561 5091 760 5170 domitium
787 5097 944 5202 Regem,
970 5122 1015 5174 ex
1033 5122 1110 5170 una
1137 5110 1259 5201 parte,
1287 5109 1326 5173 et
1343 5090 1579 5199 prepositum
1606 5119 1748 5171 merca·

408 5264 459 5309 aas
480 5265 563 5309 οιιι.
588 5268 634 5309 111.
1601 5270 1619 5333 9
