4450 6209
525 709 597 785 598
1089 709 1180 782 Lns
1206 705 1347 782 OLIM.

294 863 424 918 rernm
436 861 479 928 IV.
519 850 657 940 ficavit,
674 877 743 958 per
756 850 858 928 curie
872 867 997 930 nostre
1006 849 1213 957 judicium,
1227 847 1350 925 dictus
1364 847 1599 955 Philippotus
1615 849 1656 925 in
1671 849 1936 957 quinquaginta

358 957 421 999 Μ’
519 982 642 1075 libris,
660 981 768 1059 dictis
787 981 983 1089 religiosis,
1002 1007 1071 1086 pro
1089 980 1237 1088 injuriis
1250 979 1446 1086 predictis,
1462 997 1501 1057 et
1513 979 1553 1056 in
1565 979 1719 1086 triginta
1733 977 1856 1067 libris,
1871 1008 1935 1086 pro

519 1114 640 1194 valore
655 1114 742 1194 dicti
760 1113 860 1219 equi,
876 1128 914 1188 et
928 1109 1051 1200 nobis,
1067 1139 1137 1218 pro
1152 1111 1313 1189 emenda
1326 1128 1464 1203 nonna,
1482 1111 1522 1186 in
1539 1109 1811 1188 centumlibris
1825 1111 1936 1188 Ture

516 1245 710 1334 nensibus,
721 1244 843 1321 dictus
852 1243 970 1320 eciam
982 1242 1160 1330 Guiotus,
1170 1241 1349 1349 predictis
1361 1240 1554 1349 religiosis,
1565 1270 1635 1346 pro
1649 1239 1760 1317 dictis
1769 1239 1933 1346 dampnis

515 1403 670 1454 snorum
685 1401 897 1464 nemorum,
906 1375 945 1450 in
955 1372 1345 1483 quinquagintaiibris
1358 1389 1397 1450 et
1408 1372 1531 1460 nobis,
1541 1400 1612 1477 pro
1626 1371 1790 1450 emenda
1800 1388 1930 1464 nostra,

512 1506 552 1582 in
571 1524 723 1584 centum
742 1505 849 1582 libris
864 1502 1155 1582 Turonensibus
1174 1502 1439 1608 condempnati
1457 1501 1624 1579 fuerunt.

568 1635 745 1716 Mercurii
760 1653 845 1742 post
858 1635 1145 1714 Pentbecosten.

567 1769 730 1876 Mangon
745 1765 958 1873 reportavit.
989 1765 992 1770 ’

566 2029 754 2105 LXXXIX.
786 2028 869 2104 Lite
889 2043 990 2104 mota
1010 2026 1107 2102 inter
1124 2023 1309 2101 decanum
1335 2040 1374 2100 et
1390 2023 1600 2129 capitulum
1620 2023 1775 2100 ecclesie
1793 2024 1931 2100 Sancti-

509 2158 715 2235 Florentini
738 2158 785 2236 de
808 2159 925 2263 Roya,
953 2183 996 2233 ox
1016 2171 1122 2262 parte
1140 2171 1232 2241 una,
1259 2170 1299 2230 ot
1322 2153 1519 2260 majorem,
1536 2153 1682 2259 juratos
1703 2169 1743 2228 et
1765 2149 1930 2230 scabinos

508 2291 722 2366 communie
734 2289 783 2364 de
799 2291 901 2396 Roya
916 2316 958 2364 ac
971 2284 1215 2362 castellanum
1232 2284 1321 2361 dicti
1337 2282 1429 2374 loci,
1442 2311 1485 2359 ex
1501 2282 1630 2372 altera,
1643 2310 1814 2388 supereo
1827 2284 1930 2388 quod

506 2419 604 2496 dicti¹
614 2420 777 2498 decanus
793 2437 832 2497 st
847 2418 1057 2524 capitutum
1071 2415 1249 2492 dieebnn
1262 2413 1383 2520 quod,
1400 2415 1553 2492 interra
1568 2441 1669 2491 sacra
1678 2414 1805 2490 eidem
1816 2415 1930 2490 eccle

504 2549 558 2626 sie
579 2550 751 2656 contigua
773 2567 812 2626 et
834 2550 903 2626 sita
921 2549 1015 2625 circa
1037 2547 1176 2624 dictam
1197 2544 1391 2621 ecclesiam
1419 2559 1458 2620 et
1482 2543 1529 2620 ad
1555 2544 1714 2620 candem
1737 2542 1927 2629 ecclesiam

501 2681 730 2786 pertinente,
752 2679 927 2758 videlicet
947 2680 985 2754 in
1007 2679 1092 2755 ioco
1106 2679 1173 2784 qui
1194 2691 1348 2753 vocatur
1362 2675 1543 2752 Coretum
1562 2672 1926 2761 Sancti-Florentini,

503 2840 590 2891 curn
612 2813 770 2890 circuitu
787 2811 964 2918 contiguo
989 2808 1116 2886 eidem
1136 2823 1183 2884 et·
1194 2807 1290 2884 circa
1311 2805 1519 2913 appenticia
1539 2805 1714 2913 contigua
1730 2803 1856 2881 eidem
1872 2833 1928 2881 ec-

503 2941 615 3018 clesie
636 2958 673 3019 ct
694 2941 877 3050 injuncta,
898 2956 1037 3017 terram
1058 2965 1136 3045 que
1158 2937 1257 3014 inter
1278 2935 1499 3041 columpnas
1518 2935 1595 3011 sive
1613 2933 1745 3040 piieria
1765 2933 1813 3010 de
1832 2959 1925 3011 noro

503 3069 672 3150 edificata
686 3073 725 3149 in
740 3073 838 3150 dicta
852 3069 1022 3157 ecelesia,
1036 3068 1127 3145 dicti
1143 3066 1274 3174 major,
1288 3066 1420 3174 jurati,
1435 3065 1577 3144 scabini
1591 3083 1629 3141 et
1642 3063 1864 3141 castelianus
1876 3065 1923 3141 de

499 3203 601 3310 Roya
626 3202 759 3308 placita
783 3219 929 3292 tenere,
951 3216 1176 3277 mercaturas
1200 3214 1238 3274 et
1261 3197 1329 3273 aiia
1355 3195 1483 3274 illicita
1503 3223 1672 3272 exercere
1691 3194 1869 3272 dicuntur
1887 3214 1923 3271 et

497 3333 608 3438 plura
627 3331 697 3410 alia
718 3360 787 3440 per
807 3358 882 3441 que
900 3332 1070 3409 divinum
1094 3329 1292 3407 servicium
1310 3328 1351 3404 iu
1371 3328 1470 3404 dicta
1493 3327 1648 3404 ecclesia
1664 3324 1921 3430 multipliciter

497 3465 716 3572 impeditur,
734 3490 849 3574 quare
865 3465 1042 3572 petebant
1055 3460 1298 3569 pronunciari
1310 3458 1480 3566 predicta
1493 3458 1575 3536 loca
1589 3457 1778 3566 pertinere
1792 3456 1842 3533 ad
1861 3485 1917 3534 ec·

497 3594 649 3673 deciam
667 3597 875 3703 predictam
896 3614 934 3674 et
954 3620 1034 3672 csso
1051 3595 1099 3671 de
1118 3591 1350 3699 appendiciis
1369 3608 1408 3667 et
1426 3589 1667 3696 pertinenciis
1686 3586 1841 3664 ecdesie
1859 3616 1915 3664 su·

495 3727 682 3831 pradicte;
711 3727 818 3805 dictis
849 3727 1008 3833 majore,
1026 3725 1180 3833 juratis,
1205 3722 1368 3800 'scabinis
1392 3750 1435 3797 ac
1463 3720 1662 3798 castellano
1690 3718 1913 3796 contrarium

495 3855 744 3932 asserentibus
759 3873 796 3932 et
813 3856 922 3961 plura
937 3856 985 3930 ad
1004 3854 1063 3932 sui
1084 3852 1344 3931 defensionem
1360 3850 1657 3958 proponentibus
1670 3877 1796 3928 coram
1815 3875 1911 3925 com·

493 3983 671 4062 missariis
685 4013 753 4092 per
767 4014 837 4063 nos
850 3987 897 4062 ad
912 3987 986 4062 boc
1000 3985 1204 4091 deputatis,
1219 3985 1303 4091 qui,
1318 3983 1466 4089 cognito
1481 3983 1530 4060 de
1544 3981 1750 4090 premissis,
1768 4007 1909 4057 causam

491 4112 709 4192 instructam
725 4144 837 4222 super
852 4118 924 4194 hoc
937 4116 1039 4193 curie
1052 4119 1416 4192 nostreremiserunt
1425 4097 1667 4220 judicandam
1679 4111 1788 4191 :Visis
1800 4111 1909 4217 igitur

490 4243 660 4350 inquesta
679 4263 723 4323 'et
745 4275 922 4354 processu
944 4274 1058 4354 super
1082 4248 1155 4324 boc
1179 4245 1286 4322 sactis
1306 4244 1565 4352 etdiligenter
1587 4241 1823 4327 examinatis,
1843 4267 1907 4345 per

362 4411 367 4417 ·
489 4374 591 4451 curie
606 4385 732 4454 nostre
742 4377 942 4486 judicium,
958 4376 1030 4455 fuit
1044 4377 1189 4452 dictum
1202 4372 1381 4481 premissa
1394 4374 1567 4480 superius
1583 4371 1793 4479 specificata
1802 4369 1906 4478 perti·

488 4531 578 4582 nere
593 4507 641 4582 ad
656 4507 791 4586 dictam
811 4506 1003 4584 ecclesiam
1022 4506 1070 4583 de
1090 4509 1210 4614 Roya,
1229 4503 1406 4610 predictis
1420 4505 1569 4611 majori,
1587 4504 1764 4595 scabinis,
1773 4500 1904 4610 juratis

487 4659 528 4708 ac
543 4635 742 4715 castellano
758 4635 934 4750 deRoya‚
951 4635 1151 4743 superbiis
1169 4663 1245 4741 que
1264 4634 1304 4710 in
1319 4633 1429 4711 dictis
1448 4635 1542 4713 locis
1555 4633 1769 4714 asserebant
1788 4660 1827 4709 se
1838 4631 1903 4708 ba·

485 4759 594 4855 bere,
615 4784 845 4872 perpetuum¹
859 4765 1055 4844 silencium
1075 4763 1319 4873 imponendo.

542 4895 717 4972 Mercurii
738 4895 913 5003 predicta.

539 5023 645 5104 Creci
665 5026 876 5136 reportavit.
