4450 6209
745 699 1010 809 enormes
1036 695 1330 791 calescens.
1704 719 1747 789 21

329 861 419 941 dicti
449 846 617 963 religiosi
642 858 842 937 dicunt'se
866 850 1126 937 omnimodam
1155 854 1621 967 increpatiotionem
1648 876 1687 935 et
1713 886 1752 935 se
1790 862 1920 917 Pflwss
1935 863 1977 927 Νι

328 1020 410 1071 esse
423 990 601 1069 et'i'uis'se
619 990 659 1066 in
674 986 812 1069 'saisina
831 976 1001 1097 ejusdem
1012 989 1124 1080 ,sola
1143 990 1404 1098 superioritate
1424 1008 1462 1067 et
1480 990 1593 1099 garda
1611 1008 1651 1066 et
1669 995 1753 1095 spe*
1854 961 1916 1003 ran.

327 1124 474 1201 cialiter
497 1121 687 1200 dictorum
711 1114 1051 1201 loedrunt'adfn‘os
1072 1123 1444 1228 solnm‘pertinente,
1468 1121 1687 1200 accedentes
1706 1122 1753 1197 de

327 1280 442 1344 novo,
473 1268 600 1360 portas
628 1251 767 1331 domus
793 1252 841 1329 de
869 1253 1059 1331 Chameco
1087 1252 1295 1359 fregerunt,
1327 1254 1418 1329 item
1447 1280 1584 1357 ceppos
1612 1252 1755 1329 ibidem

328 1388 529 1464 existentes
554 1385 749 1492 fregerunt
774 1402 814 1461 et
838 1402 1075 1474 amovemnt,
1105 1402 1144 1461 et
1167 1384 1206 1459 in
1234 1384 1319 1462 loco
1349 1384 1397 1461 de
1423 1383 1586 1461 Dorneci
1606 1382 1756 1461 surches

327 1500 420 1624 erigi
448 1514 497 1593 de
521 1519 622 1593 ¹novo
647 1514 883 1593 fecerunt'et
907 1507 1015 1621 poni,
1034 1542 1116 1622 *que
1144 1514 1273 1593 omnia
1299 1514 1466 1620 predicta
1490 1532 1528 1590 et
1551 1513 1660 1620 plura
1684 1514 1755 1590 alia

327 1648 418 1723 dicti
441 1645 614 1753 ¹religiosi
640 1662 812 1725 asserunt
842 1672 922 1723 esse
948 1644 1042 1721 facta
1068 1648 1109 1721 in
1137 1644 1390 1752 prejudicium
1419 1644 1691 1750 superioritatis
1716 1664 1756 1721 et

325 1777 441 1885 garde
468 1779 614 1865 nostre,
636 1804 678 1853 ac
692 1774 969 1884 jurisdictionis
987 1800 1055 1853 sue
1075 1770 1284 1883 dampnum
1305 1804 1383 1853 non
1401 1775 1597 1853 modicum
1617 1794 1655 1853 et
1672 1806 1755 1885 gra-

325 1933 480 2001 vamen,
503 1897 589 1996 nos,
605 1933 717 2013 super
730 1908 928 2013 predictis,
941 1908 1139 1985 veritatem
1155 1909 1249 1987 scire
1266 1908 1452 1997 volentes,
1469 1908 1654 2015 quosdam
1671 1938 1755 2017 pro

325 2040 396 2117 bos
418 2039 519 2116 viros
542 2040 591 2115 ad
617 2038 717 2115 dicta
740 2038 822 2115 loca
848 2037 1135 2126 destinavimus,
1166 2040 1389 2114 mandantes
1414 2056 1451 2115 et
1477 2049 1754 2120 committentes

328 2170 472 2248 eisdem
498 2167 675 2276 quatinus
702 2194 747 2247 ea
774 2192 849 2276 que
876 2167 975 2245 clara
1005 2184 1045 2244 et
1068 2166 1215 2274 liquida
1240 2167 1287 2245 de
1316 2168 1492 2274 predictis
1520 2150 1751 2265 invenirent,

326 2301 374 2378 ad
399 2301 602 2408 pristinum
628 2316 765 2379 statum
789 2299 919 2377 reduci
940 2298 1123 2389 facerem
1144 2326 1220 2405 que
1244 2326 1331 2377 vero
1352 2300 1468 2376 dubia
1486 2328 1554 2406 per
1573 2304 1753 2380 debatum

324 2432 493 2538 parcium
519 2432 747 2521 invenirent,
768 2430 862 2508 locis
893 2428 1068 2534 primitus
1098 2430 1294 2519 resaisitis,
1324 2429 1503 2507 debatum
1530 2433 1577 2509 ad
1597 2460 1753 2511 manum

324 2580 492 2641 cosmam
509 2580 716 2670 ponerent,
739 2578 778 2638 et
791 2561 894 2637 diem
913 2587 1027 2667 super
1041 2561 1115 2638 hoc
1128 2560 1297 2665 partibus
1316 2562 1547 2668 assignarent
1561 2563 1610 2640 ad
1625 2564 1753 2643 subse-

324 2720 447 2800 quens
472 2694 644 2801 proximo
671 2691 964 2799 parlamentum,
998 2707 1111 2795 prout
1133 2691 1173 2766 in
1203 2690 1337 2767 litteris
1365 2692 1640 2773 commissionis
1665 2724 1752 2802 pre-

325 2824 426 2901 dicte
444 2825 597 2931 plenius
613 2824 845 2911 continetur3
865 2848 997 2899 verum
1017 2849 1103 2897 cum
1126 2821 1217 2899 dicti
1240 2822 1484 2901 commissarii
1506 2824 1554 2901 de
1573 2826 1752 2931 predictis

323 2955 621 3062 inquisivissent,
640 2953 862 3033 auctoritate
888 2949 1164 3031 commissionis
1184 2952 1374 3059 predicte,
1393 2952 1748 3059 pronunciaverunt,

324 3104 364 3165 et
377 3087 475 3165 inter
490 3088 559 3165 alia
569 3102 819 3193 preceperunt
831 3083 1067 3191 procuratori
1078 3084 1167 3161 dicti
1183 3085 1330 3163 comitis
1349 3084 1470 3192 quod,
1492 3114 1561 3192 pro
1572 3086 1751 3167 fractione

325 3218 424 3296 dicte
445 3218 582 3296 domus
598 3219 646 3297 de
663 3218 870 3305 Chameco,
891 3215 1000 3293 nobis
1016 3231 1054 3291 et
1072 3208 1183 3293 dictis
1196 3212 1382 3324 religiosis
1396 3219 1596 3297 emendam
1615 3218 1767 3299 laceret

325 3364 365 3425 et
380 3346 531 3427 iiarchas
549 3350 736 3457 predictas
755 3346 856 3427 dimi
875 3347 1016 3424 faceret
1033 3374 1101 3423 seu
1122 3345 1275 3454 deponi.
1293 3348 1325 3425 A
1342 3376 1415 3455 qua
1433 3346 1750 3455 pronunciacioue

324 3504 391 3557 seu
410 3496 588 3587 precepto
607 3481 732 3559 dictus
749 3496 981 3587 procurator,
1003 3506 1043 3555 se
1063 3494 1102 3555 et
1122 3478 1266 3556 dictum
1286 3479 1462 3559 comitem
1483 3481 1651 3559 senciens
1670 3510 1751 3587 gra-

322 3629 441 3703 vatos,
462 3594 513 3689 ad
528 3637 613 3705 nos,
634 3628 813 3720 tanquam
833 3640 855 3689 a
872 3610 967 3688 salso
987 3628 1025 3687 et
1042 3638 1155 3718 pravo
1173 3610 1334 3721 judicic,
1351 3610 1564 3719 appellavit,
1583 3640 1750 3690 asserens

322 3770 362 3819 se
382 3745 620 3849 proposuisse
639 3760 729 3821 ante
746 3742 886 3821 dictam
903 3743 1264 3849 pronunciacionem
1285 3762 1440 3850 etpost,
1463 3762 1501 3821 et
1520 3772 1559 3822 se
1577 3744 1751 3851 probatu·

323 3902 412 3950 rum
431 3873 631 3965 obtulisse,
651 3874 826 3953 videlicet
844 3873 951 3979 quod
970 3872 1069 3951 dicta
1088 3870 1169 3952 loca
1189 3874 1237 3951 de
1257 3874 1446 3953 Chameco
1467 3892 1504 3953 et
1524 3878 1571 3953 de
1586 3878 1750 3955 Dorneci

323 4005 393 4082 sita
405 4004 543 4083 suntin
557 4000 737 4083 eonntatn
749 4004 969 4083 Nivemensi
984 4021 1023 4081 et
1038 4002 1267 4083 castellaniis·
1278 4004 1367 4082 dicti
1381 4006 1528 4083 comitis
1539 4007 1588 4103 de
1601 4006 1751 4085 Mahers

324 4153 363 4213 et
381 4137 431 4214 de
446 4136 629 4227 Clameci3
649 4138 756 4224 item,
778 4134 884 4243 quod
902 4134 942 4211 in
964 4135 1073 4213 di'ctis
1092 4135 1185 4213 locis
1206 4135 1329 4216 dictus
1349 4164 1474 4216 comes
1494 4137 1609 4216 habet
1626 4139 1751 4216 omui-

322 4268 477 4345 modam
492 4267 797 4377 jurisdictionem
818 4283 855 4342 et
873 4255 1109 4356 dominium,
1126 4266 1219 4345 item
1237 4269 1408 4376 gardam,
1429 4269 1746 4375 superioritatem,

324 4397 596 4475 correctionem
621 4415 660 4475 et
678 4394 941 4475 obedienciam
959 4397 1133 4475 omnium
1153 4424 1226 4505 que
1248 4399 1336 4476 dicti
1359 4399 1526 4507 religiosi
1551 4398 1692 4476 habent
1711 4399 1749 4475 in

321 4525 416 4606 locis
433 4528 628 4635 predictis,
651 4546 689 4607 et
707 4543 765 4605 est
784 4527 908 4605 dictus
928 4555 1072 4617 comes,
1093 4554 1216 4634 perse
1234 4545 1272 4605 et
1285 4528 1570 4634 predecessores
1587 4556 1691 4619 suos,
1709 4529 1750 4605 in

322 4658 458 4737 saisina
477 4658 649 4739 omnium
672 4657 933 4766 predictorum
952 4674 991 4733 et
1013 4658 1173 4735 maxime
1193 4658 1233 4736 in
1258 4658 1393 4737 saisina
1407 4659 1685 4767 jurisdictionis
1702 4660 1749 4738 de

323 4788 504 4895 Derueci,
523 4821 593 4899 per
605 4785 796 4899 judicium
810 4786 936 4866 ballivi
955 4788 1213 4881 Bituricensis3
1232 4790 1341 4884 item,
1358 4792 1462 4898 prod
1478 4791 1568 4869 dicti
1583 4791 1750 4900 religiosi

324 4946 462 5026 ceppos
492 4922 541 4999 de
565 4949 664 4999 novo
686 4938 892 5028 posuerant
914 4920 954 4997 in
977 4920 1064 4999 loco
1086 4922 1256 5029 predicto
1280 4922 1328 5000 de
1353 4924 1558 5018 Charneco,
1586 4940 1623 5001 et
1645 4924 1751 5029 quod

326 5049 399 5129 hoc
422 5052 471 5129 de
494 5078 591 5132 novo
617 5053 666 5130 ad
687 5052 865 5131 noticiam
885 5052 1060 5162 gencium
1088 5054 1178 5132 dicti
1204 5055 1350 5134 comitis
1373 5074 1608 5163 pervenerat,
1635 5056 1746 5142 item,
