4450 6209
757 726 1027 835 nuounrss
1053 744 1117 816 ar
1143 726 1351 818 esoces.
1690 748 1763 819 scr

342 887 382 963 in
404 914 446 964 ea
465 866 748 993 repertosnon
769 886 1004 996 judicabitur
1028 886 1270 992 adprescns,
1291 884 1358 963 sed
1377 886 1656 993 supplebuntur
1674 886 1764 964 dicti
1797 902 1927 995 Pacius
1947 904 1990 966 tv.

345 1016 527 1107 defectus,
544 1034 598 1108 et,
613 1019 660 1095 ad
681 1046 750 1098 eos
766 1017 1012 1125 supplendos,
1030 1017 1270 1094 renovabitur
1286 1017 1500 1095 commissio
1521 1018 1570 1095 ad
1588 1018 1681 1095 alios
1701 1046 1766 1094 au·
1867 996 1929 1038 '⁸⁰⁹'

345 1147 502 1239 ditores,
519 1149 657 1256 quibus
672 1151 873 1229 mittentur
886 1148 977 1227 dicti
995 1147 1165 1226 deiectus
1179 1158 1254 1225 una'
1268 1178 1355 1227 cum
1371 1149 1634 1243 commissione
1652 1168 1691 1226 et
1709 1149 1766 1226 in-

342 1296 473 1386 questa
491 1279 686 1387 predictis,
710 1298 747 1359 et
762 1280 1003 1358 mandabitur
1018 1280 1072 1356 eis
1086 1280 1192 1385 quod
1206 1278 1419 1385 inquestam
1434 1280 1640 1386 predictam
1653 1308 1767 1386 super

343 1409 452 1489 dictis
472 1410 697 1505 defectibus,
718 1404 886 1491 totaliter
896 1410 1099 1518 perlectam
1115 1428 1154 1488 et
1170 1411 1412 1517 completam,
1427 1412 1619 1489 remittant
1637 1412 1684 1488 ad
1705 1439 1768 1489 cu·
1840 1454 1849 1471 a

342 1542 437 1618 riam
452 1540 711 1650 judicandam.

396 1671 496 1750 Jovis
515 1689 602 1778 post
620 1672 769 1750 octabas
782 1673 1003 1779 Epiphania.
1134 1712 1140 1719 ·

397 1800 669 1881 Committatur
687 1804 790 1883 M.'J.
814 1803 862 1881 de
882 1802 1089 1941 Roya,··qui
1110 1832 1191 1881 eam
1211 1804 1307 1881 vidit
1326 1822 1364 1882 et
1384 1806 1510 1883 babet.

397 1932 677 2041 iuterrogentur
688 1948 818 2024 testes,
832 1950 910 2010 tam
927 1933 1090 2041 episcopi
1106 1962 1221 2040 quam
1238 1934 1386 2028 militis,
1402 1934 1613 2042 specialiter
1631 1934 1687 2009 illi
1701 1936 1768 2041 qui

343 2065 539 2171 deponunt
552 2064 600 2139 de
614 2062 862 2141 saisinadicte
875 2064 1230 2155 administracionis,
1247 2066 1294 2142 de
1305 2090 1415 2143 eausa
1425 2064 1601 2155 sciencie,
1615 2066 1662 2142 de
1675 2083 1769 2142 tem-

340 2222 449 2301 pore,
469 2195 515 2271 de
536 2193 1066 2301 apposicionemanusliegis,
1086 2196 1239 2302 quando
1259 2193 1332 2273 fuit
1350 2198 1539 2303 apposita,
1562 2212 1600 2275 et
1612 2213 1769 2303 propter

341 2327 445 2434 quod
461 2325 659 2415 debatum3
676 2324 768 2402 item
783 2324 868 2431 quis
885 2350 1019 2403 eornm
1033 2342 1112 2402 erat
1126 2328 1165 2402 in
1179 2326 1314 2404 saisina
1328 2344 1500 2433 tempore
1519 2326 1619 2404 dicte
1634 2354 1769 2403 manus

341 2457 524 2564 apposite,
543 2472 582 2533 et
594 2484 663 2563 per
675 2454 780 2563 quod
795 2448 947 2562 tempus
961 2462 1054 2534 ante'
1065 2455 1187 2534 fuerat
1200 2457 1239 2533 in
1256 2457 1355 2534 dicta
1370 2456 1520 2545 saisina,
1534 2456 1612 2533 etsi
1625 2456 1767 2533 sciente

339 2604 445 2693 parte
471 2587 623 2665 adversa
650 2586 709 2665 vel
735 2586 829 2664 scire
853 2586 998 2665 valente
1022 2613 1091 2665 seu
1114 2588 1363 2677 clandestinm
1383 2587 1491 2679 item,
1521 2588 1568 2664 de
1586 2584 1765 2664 mandato

340 2700 496 2797 illorum
516 2718 581 2825 qui
600 2716 794 2824 ponebant
805 2718 864 2797 vel
881 2716 1123 2825 deponebant
1134 2717 1280 2796 ibidem
1290 2718 1509 2827 magistros,
1526 2718 1556 2793 si
1577 2717 1684 2824 quod
1699 2718 1766 2793 ha·

339 2847 481 2927 habant
499 2876 612 2954 super
631 2850 743 2927 hoca
764 2846 874 2925 dictis
892 2848 1071 2937 dominis,
1092 2865 1134 2926 et
1151 2849 1254 2926 idem
1275 2850 1328 2925 de
1343 2847 1421 2925 illis
1440 2848 1507 2955 qui
1529 2846 1766 2955 corrigebant
1818 2952 1823 2961 Ι

340 2978 397 3056 vel
418 2978 628 3058 audiebant·
641 2996 860 3085 componam
879 2978 1222 3057 administracionis
1241 2979 1341 3057 dicte
1362 2979 1515 3067 domus,
1538 2996 1577 3054 et
1594 2976 1679 3053 aliis
1697 2976 1768 3055 cir·

340 3108 562 3189 constanciis
581 3108 632 3185 ad
647 3109 850 3219 negocium
869 3110 1138 3216 spectantibus,
1159 3105 1363 3215 diligenter
1381 3108 1605 3215 inquiratur.

395 3372 456 3451 lx.
486 3374 584 3450 Cum
615 3371 820 3479 capicerius
842 3370 1125 3450 Aurelianensis
1149 3372 1305 3450 ecclesie
1327 3388 1519 3448 -assereret
1547 3398 1586 3450 se
1617 3396 1698 3448 esse
1725 3370 1765 3446 in

339 3504 436 3583 bona
452 3503 606 3593 saisina,
624 3520 701 3581 mm
721 3530 790 3610 per
809 3532 848 3581 se
868 3494 981 3611 φἰωι]
995 3530 1064 3610 per
1082 3522 1334 3584 antecessores
1347 3529 1455 3590 suos,
1472 3500 1643 3607 capiendi
1662 3501 1762 3608 apud

340 3662 602 3741 quoscumque
621 3636 828 3713 vendentes
851 3636 1013 3712 interra
1039 3652 1165 3712 nostra
1185 3652 1224 3711 et
1246 3632 1337 3710 alibi
1362 3632 1582 3720 Aureliano,
1609 3649 1761 3737 excepto

336 3765 499 3843 claustro
518 3766 816 3871 Sancti-Auiani,
832 3792 957 3845 ceram
972 3782 1164 3873 operatam
1179 3766 1227 3843 ad
1238 3764 1498 3853 vendendum,
1516 3762 1595 3839 sine
1608 3762 1764 3840 licencia

339 3925 422 3987 sua,
443 3913 636 4004 tamquam
661 3898 732 3975 sibi
752 3898 970 4005 acquisitam
995 3924 1061 3973 seu
1083 3895 1338 3984 commissam,
1367 3894 1611 4001 presentibus
1636 3910 1765 3970 tamen

338 4028 385 4104 ad
406 4028 479 4106 boc
498 4028 635 4107 nostris
658 4027 835 4136 gentibus
854 4045 893 4105 et
911 4026 1064 4118 vocatis,
1085 4055 1156 4132 pro
1177 4024 1374 4116 violencia,
1396 4025 1427 4102 si
1447 4052 1516 4131 per
1539 4024 1686 4130 aliquos
1707 4052 1766 4100 re·

339 4160 512 4237 sistentes
532 4159 619 4250 sibi,
640 4174 685 4235 ut
702 4157 945 4265 premittitur,
975 4156 1134 4263 capienti
1160 4154 1270 4234 fieret
1294 4155 1521 4243 amovenda,
1545 4155 1763 4260 diceretque

339 4318 378 4366 se
397 4318 466 4396 per
484 4287 665 4367 ballivum
685 4303 858 4365 nostrum
877 4284 1189 4363 Aurelianensem
1204 4285 1332 4369 minus
1351 4284 1630 4363 racionabiliter
1648 4284 1766 4390 impe-

340 4418 412 4497 diri
427 4420 466 4497 in
483 4418 649 4526 predicta
666 4417 801 4496 saisina
815 4418 914 4527 juris
932 4416 1069 4493 dictam
1085 4444 1228 4505 ceram,
1249 4433 1293 4492 nt
1311 4415 1558 4521 premittitur,
1574 4413 1762 4519 capiendi,

339 4578 379 4627 ac
389 4567 536 4656 peteret
546 4550 769 4659 hujusmodi
780 4548 1112 4657 impedimentum,
1124 4576 1193 4653 per
1204 4547 1328 4653 ipsum
1340 4545 1520 4622 ballivum
1530 4543 1761 4651 appositum,

338 4682 518 4770 amoveri,
542 4682 643 4761 dicto
659 4680 797 4760 ballivo
816 4710 885 4788 pro
906 4680 1016 4758 nobis
1039 4697 1076 4757 et
1095 4697 1225 4757 nostro
1245 4678 1401 4755 nomine
1422 4677 1651 4753 contrarium
1667 4703 1764 4752 asse-

338 4829 444 4889 rente
459 4844 467 4886 :
482 4812 670 4903 Tandem,
696 4812 772 4892 visa
796 4811 970 4919 inquesta
994 4838 1106 4919 super
1129 4810 1203 4890 hoc
1228 4811 1276 4887 de
1296 4808 1477 4886 mandato
1496 4825 1626 4885 nostro
1650 4805 1760 4895 facta,

337 4972 406 5050 per
430 4942 535 5019 curie
555 4960 679 5021 nostre
693 4942 899 5051 judicium,
923 4942 1066 5020 dictum
1087 4940 1159 5019 luit
1178 4939 1365 5048 prelatum
1384 4938 1701 5047 impedimentum
1720 4936 1760 5011 in

338 5074 436 5151 dicta
455 5074 588 5154 saisina
604 5074 701 5183 juris
718 5073 888 5180 predicto
914 5071 1029 5151 modo
1054 5072 1225 5179 capiendi
1251 5100 1375 5150 ceram
1395 5088 1584 5177 operatam
1605 5068 1652 5145 ad
1672 5094 1761 5150 ten-
