<?xml version="1.0" encoding="UTF-8"?>
<!DOCTYPE html PUBLIC "-//W3C//DTD XHTML 1.0 Transitional//EN"
    "http://www.w3.org/TR/xhtml1/DTD/xhtml1-transitional.dtd">
<html xmlns="http://www.w3.org/1999/xhtml" xml:lang="en" lang="en">
 <head>
  <title>
</title>
<meta http-equiv="Content-Type" content="text/html;charset=utf-8" />
  <meta name='ocr-system' content='tesseract 3.04.00' />
  <meta name='ocr-capabilities' content='ocr_page ocr_carea ocr_par ocr_line ocrx_word'/>
</head>
<body>
  <div class='ocr_page' id='page_1' title='image "./lesolimouregist00parigoog_0732.png"; bbox 0 0 4450 6209; ppageno 0'>
   <div class='ocr_carea' id='block_1_1' title="bbox 737 719 1741 830">
    <p class='ocr_par' dir='ltr' id='par_1_1' title="bbox 737 719 1741 830">
     <span class='ocr_line' id='line_1_1' title="bbox 737 719 1741 830; baseline -0.003 -16"><span class='ocrx_word' id='word_1_1' title='bbox 737 719 1008 830; x_wconf 81' lang='lat' dir='ltr'>uvoutrrs</span> <span class='ocrx_word' id='word_1_2' title='bbox 1035 741 1101 814; x_wconf 81' lang='lat' dir='ltr'>rr</span> <span class='ocrx_word' id='word_1_3' title='bbox 1127 726 1332 825; x_wconf 77' lang='lat' dir='ltr'>esoces.</span> <span class='ocrx_word' id='word_1_4' title='bbox 1669 741 1741 812; x_wconf 81' lang='lat' dir='ltr'>aar</span> 
     </span>
    </p>
   </div>
   <div class='ocr_carea' id='block_1_2' title="bbox 231 873 1969 4124">
    <p class='ocr_par' dir='ltr' id='par_1_2' title="bbox 323 873 1969 1255">
     <span class='ocr_line' id='line_1_2' title="bbox 324 873 1969 994; baseline -0.011 -30"><span class='ocrx_word' id='word_1_5' title='bbox 324 885 504 994; x_wconf 87' lang='lat' dir='ltr'>ponebat,</span> <span class='ocrx_word' id='word_1_6' title='bbox 522 911 639 990; x_wconf 89' lang='lat' dir='ltr'>quare</span> <span class='ocrx_word' id='word_1_7' title='bbox 658 881 808 960; x_wconf 87' lang='lat' dir='ltr'>dicebat</span> <span class='ocrx_word' id='word_1_8' title='bbox 825 909 865 960; x_wconf 87' lang='lat' dir='ltr'>se</span> <span class='ocrx_word' id='word_1_9' title='bbox 881 881 1113 960; x_wconf 88' lang='lat' dir='ltr'>nondebere</span> <span class='ocrx_word' id='word_1_10' title='bbox 1129 879 1306 988; x_wconf 90' lang='lat' dir='ltr'>compelli</span> <span class='ocrx_word' id='word_1_11' title='bbox 1322 879 1373 956; x_wconf 87' lang='lat' dir='ltr'>ad</span> <span class='ocrx_word' id='word_1_12' title='bbox 1386 879 1693 986; x_wconf 87' lang='lat' dir='ltr'>respondendum</span> <span class='ocrx_word' id='word_1_13' title='bbox 1706 879 1745 956; x_wconf 89' lang='lat' dir='ltr'>in</span> <span class='ocrx_word' id='word_1_14' title='bbox 1783 873 1913 939; x_wconf 69' lang='lat' dir='ltr'>Pflsnm</span> <span class='ocrx_word' id='word_1_15' title='bbox 1926 884 1969 946; x_wconf 76' lang='lat' dir='ltr'>lv,</span> 
     </span>
     <span class='ocr_line' id='line_1_3' title="bbox 323 977 1908 1121; baseline -0.006 -26"><span class='ocrx_word' id='word_1_16' title='bbox 323 1015 531 1096; x_wconf 83' lang='lat' dir='ltr'>continenti</span> <span class='ocrx_word' id='word_1_17' title='bbox 551 1014 650 1093; x_wconf 89' lang='lat' dir='ltr'>dicte</span> <span class='ocrx_word' id='word_1_18' title='bbox 666 1012 860 1121; x_wconf 87' lang='lat' dir='ltr'>peticioni,</span> <span class='ocrx_word' id='word_1_19' title='bbox 875 1013 1073 1120; x_wconf 83' lang='lat' dir='ltr'>presertim</span> <span class='ocrx_word' id='word_1_20' title='bbox 1090 1040 1176 1090; x_wconf 93' lang='lat' dir='ltr'>cum</span> <span class='ocrx_word' id='word_1_21' title='bbox 1194 1012 1234 1088; x_wconf 95' lang='lat' dir='ltr'>in</span> <span class='ocrx_word' id='word_1_22' title='bbox 1252 1011 1361 1090; x_wconf 89' lang='lat' dir='ltr'>dictis</span> <span class='ocrx_word' id='word_1_23' title='bbox 1377 1011 1463 1090; x_wconf 90' lang='lat' dir='ltr'>loco</span> <span class='ocrx_word' id='word_1_24' title='bbox 1476 1027 1516 1089; x_wconf 86' lang='lat' dir='ltr'>et</span> <span class='ocrx_word' id='word_1_25' title='bbox 1531 1009 1746 1088; x_wconf 87' lang='lat' dir='ltr'>senescallia</span> <span class='ocrx_word' id='word_1_26' title='bbox 1845 977 1908 1021; x_wconf 51' lang='grc' dir='ltr'>Μ’</span> 
     </span>
     <span class='ocr_line' id='line_1_4' title="bbox 324 1141 1748 1255; baseline -0.006 -31"><span class='ocrx_word' id='word_1_27' title='bbox 324 1163 450 1225; x_wconf 80' lang='lat' dir='ltr'>utatrrr</span> <span class='ocrx_word' id='word_1_28' title='bbox 464 1146 552 1255; x_wconf 86' lang='lat' dir='ltr'>jure</span> <span class='ocrx_word' id='word_1_29' title='bbox 573 1145 729 1252; x_wconf 82' lang='lat' dir='ltr'>script03</span> <span class='ocrx_word' id='word_1_30' title='bbox 747 1171 840 1251; x_wconf 89' lang='lat' dir='ltr'>quas</span> <span class='ocrx_word' id='word_1_31' title='bbox 859 1144 1028 1222; x_wconf 82' lang='lat' dir='ltr'><strong>raciones</strong></span> <span class='ocrx_word' id='word_1_32' title='bbox 1044 1141 1412 1220; x_wconf 86' lang='lat' dir='ltr'>dictus&#39;senescallus</span> <span class='ocrx_word' id='word_1_33' title='bbox 1426 1141 1625 1220; x_wconf 81' lang='lat' dir='ltr'>admittere</span> <span class='ocrx_word' id='word_1_34' title='bbox 1637 1168 1748 1220; x_wconf 91' lang='lat' dir='ltr'>recu-</span> 
     </span>
    </p>

    <p class='ocr_par' dir='ltr' id='par_1_3' title="bbox 323 1270 1748 1382">
     <span class='ocr_line' id='line_1_5' title="bbox 323 1270 1748 1382; baseline -0.006 -26"><span class='ocrx_word' id='word_1_35' title='bbox 323 1277 430 1366; x_wconf 88' lang='lat' dir='ltr'>savit,</span> <span class='ocrx_word' id='word_1_36' title='bbox 451 1275 519 1356; x_wconf 88' lang='lat' dir='ltr'>sed</span> <span class='ocrx_word' id='word_1_37' title='bbox 536 1275 812 1382; x_wconf 81' lang='lat' dir='ltr'>pronunciavit,</span> <span class='ocrx_word' id='word_1_38' title='bbox 832 1274 1024 1381; x_wconf 83' lang='lat' dir='ltr'>premissis</span> <span class='ocrx_word' id='word_1_39' title='bbox 1043 1302 1122 1352; x_wconf 92' lang='lat' dir='ltr'>non</span> <span class='ocrx_word' id='word_1_40' title='bbox 1139 1273 1392 1362; x_wconf 72' lang='lat' dir='ltr'>obstantibus,</span> <span class='ocrx_word' id='word_1_41' title='bbox 1414 1274 1533 1351; x_wconf 88' lang='lat' dir='ltr'>dictos</span> <span class='ocrx_word' id='word_1_42' title='bbox 1552 1270 1748 1377; x_wconf 89' lang='lat' dir='ltr'>religiosos</span> 
     </span>
    </p>

    <p class='ocr_par' dir='ltr' id='par_1_4' title="bbox 325 1401 1748 1515">
     <span class='ocr_line' id='line_1_6' title="bbox 325 1401 1748 1515; baseline -0.005 -30"><span class='ocrx_word' id='word_1_43' title='bbox 325 1436 438 1515; x_wconf 86' lang='lat' dir='ltr'>super</span> <span class='ocrx_word' id='word_1_44' title='bbox 449 1407 638 1514; x_wconf 86' lang='lat' dir='ltr'>premissis</span> <span class='ocrx_word' id='word_1_45' title='bbox 649 1405 773 1484; x_wconf 88' lang='lat' dir='ltr'>statim</span> <span class='ocrx_word' id='word_1_46' title='bbox 787 1405 928 1484; x_wconf 87' lang='lat' dir='ltr'>debere</span> <span class='ocrx_word' id='word_1_47' title='bbox 941 1405 1183 1511; x_wconf 90' lang='lat' dir='ltr'>respondere,</span> <span class='ocrx_word' id='word_1_48' title='bbox 1197 1404 1397 1510; x_wconf 82' lang='lat' dir='ltr'>premissas</span> <span class='ocrx_word' id='word_1_49' title='bbox 1413 1404 1583 1482; x_wconf 85' lang='lat' dir='ltr'>raciones</span> <span class='ocrx_word' id='word_1_50' title='bbox 1592 1430 1660 1508; x_wconf 89' lang='lat' dir='ltr'>per</span> <span class='ocrx_word' id='word_1_51' title='bbox 1671 1401 1748 1480; x_wconf 88' lang='lat' dir='ltr'>dic-</span> 
     </span>
    </p>

    <p class='ocr_par' dir='ltr' id='par_1_5' title="bbox 324 1537 1744 1649">
     <span class='ocr_line' id='line_1_7' title="bbox 324 1537 1744 1649; baseline -0.002 -33"><span class='ocrx_word' id='word_1_52' title='bbox 324 1556 382 1616; x_wconf 89' lang='lat' dir='ltr'>tos</span> <span class='ocrx_word' id='word_1_53' title='bbox 395 1538 590 1649; x_wconf 89' lang='lat' dir='ltr'>religiosos</span> <span class='ocrx_word' id='word_1_54' title='bbox 602 1539 812 1646; x_wconf 88' lang='lat' dir='ltr'>propositas</span> <span class='ocrx_word' id='word_1_55' title='bbox 829 1567 909 1618; x_wconf 89' lang='lat' dir='ltr'>non</span> <span class='ocrx_word' id='word_1_56' title='bbox 926 1539 1145 1629; x_wconf 79' lang='lat' dir='ltr'>admittens3</span> <span class='ocrx_word' id='word_1_57' title='bbox 1163 1538 1330 1616; x_wconf 88' lang='lat' dir='ltr'>inhibuit</span> <span class='ocrx_word' id='word_1_58' title='bbox 1345 1538 1456 1616; x_wconf 85' lang='lat' dir='ltr'>etiam</span> <span class='ocrx_word' id='word_1_59' title='bbox 1475 1555 1513 1614; x_wconf 89' lang='lat' dir='ltr'>et</span> <span class='ocrx_word' id='word_1_60' title='bbox 1534 1537 1744 1624; x_wconf 77' lang='lat' dir='ltr'>interdixit,</span> 
     </span>
    </p>

    <p class='ocr_par' dir='ltr' id='par_1_6' title="bbox 324 1668 1749 1904">
     <span class='ocr_line' id='line_1_8' title="bbox 324 1668 1748 1780; baseline -0.001 -34"><span class='ocrx_word' id='word_1_61' title='bbox 324 1669 394 1748; x_wconf 89' lang='lat' dir='ltr'>sub</span> <span class='ocrx_word' id='word_1_62' title='bbox 419 1697 515 1777; x_wconf 87' lang='lat' dir='ltr'>pena</span> <span class='ocrx_word' id='word_1_63' title='bbox 535 1671 806 1780; x_wconf 89' lang='lat' dir='ltr'>quinquaginta</span> <span class='ocrx_word' id='word_1_64' title='bbox 827 1669 1026 1759; x_wconf 87' lang='lat' dir='ltr'>librarum,</span> <span class='ocrx_word' id='word_1_65' title='bbox 1048 1668 1234 1746; x_wconf 89' lang='lat' dir='ltr'>advocatis</span> <span class='ocrx_word' id='word_1_66' title='bbox 1256 1685 1294 1746; x_wconf 94' lang='lat' dir='ltr'>et</span> <span class='ocrx_word' id='word_1_67' title='bbox 1316 1668 1538 1748; x_wconf 84' lang='lat' dir='ltr'>consiliariis</span> <span class='ocrx_word' id='word_1_68' title='bbox 1560 1669 1748 1746; x_wconf 90' lang='lat' dir='ltr'>dictorum</span> 
     </span>
     <span class='ocr_line' id='line_1_9' title="bbox 324 1793 1749 1904; baseline -0.002 -27"><span class='ocrx_word' id='word_1_69' title='bbox 324 1799 468 1879; x_wconf 89' lang='lat' dir='ltr'>abbatis</span> <span class='ocrx_word' id='word_1_70' title='bbox 496 1817 535 1877; x_wconf 87' lang='lat' dir='ltr'>et</span> <span class='ocrx_word' id='word_1_71' title='bbox 553 1793 755 1877; x_wconf 73' lang='lat' dir='ltr'>&#39;conventus</span> <span class='ocrx_word' id='word_1_72' title='bbox 783 1827 831 1876; x_wconf 92' lang='lat' dir='ltr'>ne</span> <span class='ocrx_word' id='word_1_73' title='bbox 855 1799 1056 1876; x_wconf 90' lang='lat' dir='ltr'>consilium</span> <span class='ocrx_word' id='word_1_74' title='bbox 1077 1827 1144 1876; x_wconf 89' lang='lat' dir='ltr'>seu</span> <span class='ocrx_word' id='word_1_75' title='bbox 1168 1798 1419 1903; x_wconf 83' lang='lat' dir='ltr'>patrocinium</span> <span class='ocrx_word' id='word_1_76' title='bbox 1442 1798 1513 1876; x_wconf 90' lang='lat' dir='ltr'>sibi</span> <span class='ocrx_word' id='word_1_77' title='bbox 1541 1813 1749 1904; x_wconf 87' lang='lat' dir='ltr'>prestarent</span> 
     </span>
    </p>

    <p class='ocr_par' dir='ltr' id='par_1_7' title="bbox 323 1928 1883 2299">
     <span class='ocr_line' id='line_1_10' title="bbox 324 1928 1883 2036; baseline -0.001 -28"><span class='ocrx_word' id='word_1_78' title='bbox 324 1958 439 2036; x_wconf 89' lang='lat' dir='ltr'>super</span> <span class='ocrx_word' id='word_1_79' title='bbox 451 1929 657 2035; x_wconf 86' lang='lat' dir='ltr'>premissis,</span> <span class='ocrx_word' id='word_1_80' title='bbox 676 1947 714 2006; x_wconf 89' lang='lat' dir='ltr'>et</span> <span class='ocrx_word' id='word_1_81' title='bbox 726 1929 881 2008; x_wconf 86' lang='lat' dir='ltr'>notariis</span> <span class='ocrx_word' id='word_1_82' title='bbox 896 1928 1042 2007; x_wconf 87' lang='lat' dir='ltr'>ibidem</span> <span class='ocrx_word' id='word_1_83' title='bbox 1057 1929 1298 2034; x_wconf 85' lang='lat' dir='ltr'>presentibus</span> <span class='ocrx_word' id='word_1_84' title='bbox 1314 1956 1363 2006; x_wconf 89' lang='lat' dir='ltr'>ne</span> <span class='ocrx_word' id='word_1_85' title='bbox 1382 1929 1429 2005; x_wconf 93' lang='lat' dir='ltr'>de</span> <span class='ocrx_word' id='word_1_86' title='bbox 1447 1929 1626 2035; x_wconf 85' lang='lat' dir='ltr'>predictis</span> <span class='ocrx_word' id='word_1_87' title='bbox 1640 1929 1749 2006; x_wconf 90' lang='lat' dir='ltr'>dictis</span> <span class='ocrx_word' id='word_1_88' title='bbox 1880 1957 1883 1962; x_wconf 53' lang='lat'><em>⁴</em></span> 
     </span>
     <span class='ocr_line' id='line_1_11' title="bbox 323 2058 1750 2167; baseline 0.001 -32"><span class='ocrx_word' id='word_1_89' title='bbox 323 2059 508 2167; x_wconf 84' lang='lat' dir='ltr'>religiosis</span> <span class='ocrx_word' id='word_1_90' title='bbox 530 2058 695 2138; x_wconf 85' lang='lat' dir='ltr'>lacerent</span> <span class='ocrx_word' id='word_1_91' title='bbox 718 2059 915 2165; x_wconf 91' lang='lat' dir='ltr'>publicum</span> <span class='ocrx_word' id='word_1_92' title='bbox 939 2059 1328 2150; x_wconf 65' lang='lat' dir='ltr'>instrumentum-ex</span> <span class='ocrx_word' id='word_1_93' title='bbox 1354 2059 1493 2167; x_wconf 89' lang='lat' dir='ltr'>quibus</span> <span class='ocrx_word' id='word_1_94' title='bbox 1516 2059 1691 2139; x_wconf 89' lang='lat' dir='ltr'>omnibus</span> <span class='ocrx_word' id='word_1_95' title='bbox 1712 2077 1750 2136; x_wconf 90' lang='lat' dir='ltr'>et</span> 
     </span>
     <span class='ocr_line' id='line_1_12' title="bbox 324 2188 1748 2299; baseline -0.001 -31"><span class='ocrx_word' id='word_1_96' title='bbox 324 2191 482 2299; x_wconf 91' lang='lat' dir='ltr'>singulis</span> <span class='ocrx_word' id='word_1_97' title='bbox 491 2190 730 2296; x_wconf 89' lang='lat' dir='ltr'>supradictis,</span> <span class='ocrx_word' id='word_1_98' title='bbox 740 2190 904 2296; x_wconf 81' lang='lat' dir='ltr'>religiosi</span> <span class='ocrx_word' id='word_1_99' title='bbox 919 2188 1095 2295; x_wconf 87' lang='lat' dir='ltr'>predicti,</span> <span class='ocrx_word' id='word_1_100' title='bbox 1110 2189 1318 2266; x_wconf 89' lang='lat' dir='ltr'>sencientes</span> <span class='ocrx_word' id='word_1_101' title='bbox 1332 2218 1373 2268; x_wconf 91' lang='lat' dir='ltr'>se</span> <span class='ocrx_word' id='word_1_102' title='bbox 1387 2208 1424 2267; x_wconf 92' lang='lat' dir='ltr'>et</span> <span class='ocrx_word' id='word_1_103' title='bbox 1437 2190 1631 2268; x_wconf 88' lang='lat' dir='ltr'>ecclesiam</span> <span class='ocrx_word' id='word_1_104' title='bbox 1643 2219 1748 2268; x_wconf 91' lang='lat' dir='ltr'>suam</span> 
     </span>
    </p>

    <p class='ocr_par' dir='ltr' id='par_1_8' title="bbox 323 2318 1748 2427">
     <span class='ocr_line' id='line_1_13' title="bbox 323 2318 1748 2427; baseline -0.001 -28"><span class='ocrx_word' id='word_1_105' title='bbox 323 2349 391 2427; x_wconf 91' lang='lat' dir='ltr'>per</span> <span class='ocrx_word' id='word_1_106' title='bbox 412 2322 536 2427; x_wconf 89' lang='lat' dir='ltr'>ipsum</span> <span class='ocrx_word' id='word_1_107' title='bbox 556 2318 803 2398; x_wconf 88' lang='lat' dir='ltr'>senescallum</span> <span class='ocrx_word' id='word_1_108' title='bbox 827 2319 997 2398; x_wconf 89' lang='lat' dir='ltr'>indebite</span> <span class='ocrx_word' id='word_1_109' title='bbox 1017 2319 1243 2426; x_wconf 83' lang='lat' dir='ltr'>pergravari,</span> <span class='ocrx_word' id='word_1_110' title='bbox 1261 2319 1309 2394; x_wconf 89' lang='lat' dir='ltr'>ad</span> <span class='ocrx_word' id='word_1_111' title='bbox 1328 2319 1561 2396; x_wconf 85' lang='lat' dir='ltr'>audienciam</span> <span class='ocrx_word' id='word_1_112' title='bbox 1583 2338 1748 2397; x_wconf 88' lang='lat' dir='ltr'>nostram</span> 
     </span>
    </p>

    <p class='ocr_par' dir='ltr' id='par_1_9' title="bbox 325 2449 1746 2557">
     <span class='ocr_line' id='line_1_14' title="bbox 325 2449 1746 2557; baseline 0.002 -31"><span class='ocrx_word' id='word_1_113' title='bbox 325 2451 365 2528; x_wconf 88' lang='lat' dir='ltr'>iu</span> <span class='ocrx_word' id='word_1_114' title='bbox 383 2451 527 2557; x_wconf 89' lang='lat' dir='ltr'>scriptis</span> <span class='ocrx_word' id='word_1_115' title='bbox 545 2449 848 2557; x_wconf 88' lang='lat' dir='ltr'>appellaverunt:</span> <span class='ocrx_word' id='word_1_116' title='bbox 865 2449 952 2530; x_wconf 87' lang='lat' dir='ltr'>Visa</span> <span class='ocrx_word' id='word_1_117' title='bbox 971 2449 1085 2555; x_wconf 91' lang='lat' dir='ltr'>igitur</span> <span class='ocrx_word' id='word_1_118' title='bbox 1103 2449 1277 2555; x_wconf 89' lang='lat' dir='ltr'>inquesta</span> <span class='ocrx_word' id='word_1_119' title='bbox 1297 2465 1335 2527; x_wconf 87' lang='lat' dir='ltr'>et</span> <span class='ocrx_word' id='word_1_120' title='bbox 1352 2479 1530 2556; x_wconf 87' lang='lat' dir='ltr'>processu</span> <span class='ocrx_word' id='word_1_121' title='bbox 1550 2452 1746 2557; x_wconf 89' lang='lat' dir='ltr'>predictis,</span> 
     </span>
    </p>

    <p class='ocr_par' dir='ltr' id='par_1_10' title="bbox 231 2577 1750 3211">
     <span class='ocr_line' id='line_1_15' title="bbox 231 2577 1748 2689; baseline 0 -30"><span class='ocrx_word' id='word_1_122' title='bbox 231 2592 233 2602; x_wconf 88' lang='lat'>&#39;</span> <span class='ocrx_word' id='word_1_123' title='bbox 324 2611 393 2688; x_wconf 91' lang='lat' dir='ltr'>per</span> <span class='ocrx_word' id='word_1_124' title='bbox 406 2581 594 2689; x_wconf 86' lang='lat' dir='ltr'>judicium</span> <span class='ocrx_word' id='word_1_125' title='bbox 613 2580 716 2658; x_wconf 92' lang='lat' dir='ltr'>curie</span> <span class='ocrx_word' id='word_1_126' title='bbox 737 2596 882 2672; x_wconf 87' lang='lat' dir='ltr'>nostre,</span> <span class='ocrx_word' id='word_1_127' title='bbox 900 2578 1046 2656; x_wconf 91' lang='lat' dir='ltr'>dictum</span> <span class='ocrx_word' id='word_1_128' title='bbox 1064 2577 1138 2655; x_wconf 84' lang='lat' dir='ltr'>tuit</span> <span class='ocrx_word' id='word_1_129' title='bbox 1155 2579 1369 2685; x_wconf 88' lang='lat' dir='ltr'>predictum</span> <span class='ocrx_word' id='word_1_130' title='bbox 1385 2581 1630 2660; x_wconf 85' lang='lat' dir='ltr'>senescallum</span> <span class='ocrx_word' id='word_1_131' title='bbox 1651 2581 1748 2659; x_wconf 86' lang='lat' dir='ltr'>mele</span> 
     </span>
     <span class='ocr_line' id='line_1_16' title="bbox 324 2708 1748 2819; baseline 0.001 -31"><span class='ocrx_word' id='word_1_132' title='bbox 324 2712 547 2817; x_wconf 90' lang='lat' dir='ltr'>processisse</span> <span class='ocrx_word' id='word_1_133' title='bbox 567 2711 607 2789; x_wconf 92' lang='lat' dir='ltr'>in</span> <span class='ocrx_word' id='word_1_134' title='bbox 626 2710 819 2818; x_wconf 90' lang='lat' dir='ltr'>predictis,</span> <span class='ocrx_word' id='word_1_135' title='bbox 846 2710 1007 2786; x_wconf 83' lang='lat' dir='ltr'>maxime</span> <span class='ocrx_word' id='word_1_136' title='bbox 1031 2708 1201 2790; x_wconf 70' lang='lat' dir='ltr'>lamando</span> <span class='ocrx_word' id='word_1_137' title='bbox 1228 2710 1478 2790; x_wconf 89' lang='lat' dir='ltr'>inbibiciones</span> <span class='ocrx_word' id='word_1_138' title='bbox 1502 2712 1690 2819; x_wconf 88' lang='lat' dir='ltr'>predictas</span> <span class='ocrx_word' id='word_1_139' title='bbox 1711 2731 1748 2790; x_wconf 91' lang='lat' dir='ltr'>et</span> 
     </span>
     <span class='ocr_line' id='line_1_17' title="bbox 326 2840 1746 2951; baseline 0 -31"><span class='ocrx_word' id='word_1_140' title='bbox 326 2842 545 2951; x_wconf 87' lang='lat' dir='ltr'>denegando</span> <span class='ocrx_word' id='word_1_141' title='bbox 559 2841 648 2919; x_wconf 88' lang='lat' dir='ltr'>dicti</span> <span class='ocrx_word' id='word_1_142' title='bbox 661 2840 734 2919; x_wconf 91' lang='lat' dir='ltr'>loci</span> <span class='ocrx_word' id='word_1_143' title='bbox 748 2842 1022 2934; x_wconf 90' lang='lat' dir='ltr'>ostencionem,</span> <span class='ocrx_word' id='word_1_144' title='bbox 1040 2858 1079 2919; x_wconf 92' lang='lat' dir='ltr'>et</span> <span class='ocrx_word' id='word_1_145' title='bbox 1092 2841 1260 2948; x_wconf 91' lang='lat' dir='ltr'>precepit</span> <span class='ocrx_word' id='word_1_146' title='bbox 1274 2843 1394 2948; x_wconf 88' lang='lat' dir='ltr'>quod,</span> <span class='ocrx_word' id='word_1_147' title='bbox 1409 2844 1546 2921; x_wconf 88' lang='lat' dir='ltr'>vocatis</span> <span class='ocrx_word' id='word_1_148' title='bbox 1558 2843 1746 2948; x_wconf 88' lang='lat' dir='ltr'>partibus,</span> 
     </span>
     <span class='ocr_line' id='line_1_18' title="bbox 325 2973 1750 3082; baseline 0 -32"><span class='ocrx_word' id='word_1_149' title='bbox 325 2973 372 3052; x_wconf 87' lang='lat' dir='ltr'>ad</span> <span class='ocrx_word' id='word_1_150' title='bbox 390 2973 517 3052; x_wconf 90' lang='lat' dir='ltr'>locum</span> <span class='ocrx_word' id='word_1_151' title='bbox 541 2973 824 3052; x_wconf 89' lang='lat' dir='ltr'>contenciosum</span> <span class='ocrx_word' id='word_1_152' title='bbox 848 2973 1014 3066; x_wconf 88' lang='lat' dir='ltr'>accedat,</span> <span class='ocrx_word' id='word_1_153' title='bbox 1036 2989 1075 3050; x_wconf 91' lang='lat' dir='ltr'>et</span> <span class='ocrx_word' id='word_1_154' title='bbox 1102 3001 1149 3051; x_wconf 92' lang='lat' dir='ltr'>eo</span> <span class='ocrx_word' id='word_1_155' title='bbox 1166 2973 1246 3050; x_wconf 89' lang='lat' dir='ltr'>viso</span> <span class='ocrx_word' id='word_1_156' title='bbox 1269 2991 1468 3082; x_wconf 86' lang='lat' dir='ltr'>cognoscat</span> <span class='ocrx_word' id='word_1_157' title='bbox 1489 2975 1537 3052; x_wconf 91' lang='lat' dir='ltr'>de</span> <span class='ocrx_word' id='word_1_158' title='bbox 1559 2973 1689 3080; x_wconf 88' lang='lat' dir='ltr'>plano,</span> <span class='ocrx_word' id='word_1_159' title='bbox 1713 2993 1750 3050; x_wconf 87' lang='lat' dir='ltr'>et</span> 
     </span>
     <span class='ocr_line' id='line_1_19' title="bbox 325 3101 1748 3211; baseline -0.004 -27"><span class='ocrx_word' id='word_1_160' title='bbox 325 3104 464 3211; x_wconf 87' lang='lat' dir='ltr'>absque</span> <span class='ocrx_word' id='word_1_161' title='bbox 487 3101 607 3182; x_wconf 91' lang='lat' dir='ltr'>libelli</span> <span class='ocrx_word' id='word_1_162' title='bbox 630 3103 853 3193; x_wconf 88' lang='lat' dir='ltr'>tradicione,</span> <span class='ocrx_word' id='word_1_163' title='bbox 876 3105 924 3182; x_wconf 88' lang='lat' dir='ltr'>da</span> <span class='ocrx_word' id='word_1_164' title='bbox 950 3104 1049 3181; x_wconf 87' lang='lat' dir='ltr'>dicta</span> <span class='ocrx_word' id='word_1_165' title='bbox 1070 3132 1206 3182; x_wconf 83' lang='lat' dir='ltr'>merrus</span> <span class='ocrx_word' id='word_1_166' title='bbox 1231 3104 1471 3209; x_wconf 82' lang='lat' dir='ltr'>opposicione</span> <span class='ocrx_word' id='word_1_167' title='bbox 1495 3121 1533 3182; x_wconf 90' lang='lat' dir='ltr'>et</span> <span class='ocrx_word' id='word_1_168' title='bbox 1552 3104 1634 3210; x_wconf 88' lang='lat' dir='ltr'>ejus</span> <span class='ocrx_word' id='word_1_169' title='bbox 1655 3103 1748 3180; x_wconf 84' lang='lat' dir='ltr'>frac-</span> 
     </span>
    </p>

    <p class='ocr_par' dir='ltr' id='par_1_11' title="bbox 281 3209 1750 4124">
     <span class='ocr_line' id='line_1_20' title="bbox 281 3209 1748 3323; baseline 0 -14"><span class='ocrx_word' id='word_1_170' title='bbox 281 3209 288 3238; x_wconf 65' lang='lat'>⁸</span> <span class='ocrx_word' id='word_1_171' title='bbox 325 3234 453 3323; x_wconf 91' lang='lat' dir='ltr'>cione‚</span> <span class='ocrx_word' id='word_1_172' title='bbox 477 3251 530 3321; x_wconf 90' lang='lat' dir='ltr'>et,</span> <span class='ocrx_word' id='word_1_173' title='bbox 552 3234 583 3312; x_wconf 87' lang='lat' dir='ltr'>si</span> <span class='ocrx_word' id='word_1_174' title='bbox 605 3233 789 3311; x_wconf 92' lang='lat' dir='ltr'>invenerit</span> <span class='ocrx_word' id='word_1_175' title='bbox 808 3233 859 3310; x_wconf 84' lang='lat' dir='ltr'>ita</span> <span class='ocrx_word' id='word_1_176' title='bbox 877 3261 973 3322; x_wconf 90' lang='lat' dir='ltr'>esse,</span> <span class='ocrx_word' id='word_1_177' title='bbox 995 3233 1113 3310; x_wconf 86' lang='lat' dir='ltr'>dictas</span> <span class='ocrx_word' id='word_1_178' title='bbox 1134 3233 1283 3311; x_wconf 81' lang='lat' dir='ltr'>barchae</span> <span class='ocrx_word' id='word_1_179' title='bbox 1302 3232 1410 3310; x_wconf 79' lang='lat' dir='ltr'>iaciat</span> <span class='ocrx_word' id='word_1_180' title='bbox 1431 3234 1532 3311; x_wconf 90' lang='lat' dir='ltr'>dirui</span> <span class='ocrx_word' id='word_1_181' title='bbox 1552 3251 1591 3310; x_wconf 92' lang='lat' dir='ltr'>et</span> <span class='ocrx_word' id='word_1_182' title='bbox 1609 3233 1748 3311; x_wconf 84' lang='lat' dir='ltr'>lactum</span> 
     </span>
     <span class='ocr_line' id='line_1_21' title="bbox 325 3362 1750 3471; baseline -0.001 -31"><span class='ocrx_word' id='word_1_183' title='bbox 325 3364 546 3471; x_wconf 89' lang='lat' dir='ltr'>hujusmodi</span> <span class='ocrx_word' id='word_1_184' title='bbox 564 3363 676 3442; x_wconf 93' lang='lat' dir='ltr'>nobis</span> <span class='ocrx_word' id='word_1_185' title='bbox 688 3379 946 3469; x_wconf 88' lang='lat' dir='ltr'>competenter</span> <span class='ocrx_word' id='word_1_186' title='bbox 965 3364 1176 3452; x_wconf 90' lang='lat' dir='ltr'>emendari,</span> <span class='ocrx_word' id='word_1_187' title='bbox 1192 3381 1232 3438; x_wconf 89' lang='lat' dir='ltr'>et</span> <span class='ocrx_word' id='word_1_188' title='bbox 1248 3379 1376 3467; x_wconf 89' lang='lat' dir='ltr'>postca</span> <span class='ocrx_word' id='word_1_189' title='bbox 1392 3362 1439 3440; x_wconf 90' lang='lat' dir='ltr'>de</span> <span class='ocrx_word' id='word_1_190' title='bbox 1454 3365 1652 3468; x_wconf 89' lang='lat' dir='ltr'>questione</span> <span class='ocrx_word' id='word_1_191' title='bbox 1668 3393 1750 3469; x_wconf 88' lang='lat' dir='ltr'>par-</span> 
     </span>
     <span class='ocr_line' id='line_1_22' title="bbox 325 3492 1750 3602; baseline -0.002 -30"><span class='ocrx_word' id='word_1_192' title='bbox 325 3493 425 3572; x_wconf 90' lang='lat' dir='ltr'>cium</span> <span class='ocrx_word' id='word_1_193' title='bbox 444 3493 658 3602; x_wconf 88' lang='lat' dir='ltr'>principali,</span> <span class='ocrx_word' id='word_1_194' title='bbox 680 3509 835 3601; x_wconf 89' lang='lat' dir='ltr'>propter</span> <span class='ocrx_word' id='word_1_195' title='bbox 855 3521 968 3600; x_wconf 87' lang='lat' dir='ltr'>quam</span> <span class='ocrx_word' id='word_1_196' title='bbox 985 3521 1119 3570; x_wconf 89' lang='lat' dir='ltr'>manus</span> <span class='ocrx_word' id='word_1_197' title='bbox 1138 3509 1264 3570; x_wconf 90' lang='lat' dir='ltr'>nostra</span> <span class='ocrx_word' id='word_1_198' title='bbox 1279 3492 1352 3568; x_wconf 88' lang='lat' dir='ltr'>luit</span> <span class='ocrx_word' id='word_1_199' title='bbox 1370 3493 1537 3598; x_wconf 90' lang='lat' dir='ltr'>apposita</span> <span class='ocrx_word' id='word_1_200' title='bbox 1551 3493 1590 3570; x_wconf 90' lang='lat' dir='ltr'>iu</span> <span class='ocrx_word' id='word_1_201' title='bbox 1604 3493 1750 3599; x_wconf 89' lang='lat' dir='ltr'>predic-</span> 
     </span>
     <span class='ocr_line' id='line_1_23' title="bbox 325 3621 1748 3732; baseline -0.003 -28"><span class='ocrx_word' id='word_1_202' title='bbox 325 3626 388 3716; x_wconf 88' lang='lat' dir='ltr'>tis,</span> <span class='ocrx_word' id='word_1_203' title='bbox 408 3627 545 3705; x_wconf 84' lang='lat' dir='ltr'>vocatis</span> <span class='ocrx_word' id='word_1_204' title='bbox 563 3625 754 3732; x_wconf 88' lang='lat' dir='ltr'>partibus,</span> <span class='ocrx_word' id='word_1_205' title='bbox 774 3641 991 3732; x_wconf 88' lang='lat' dir='ltr'>cognoscat,</span> <span class='ocrx_word' id='word_1_206' title='bbox 1009 3641 1046 3701; x_wconf 93' lang='lat' dir='ltr'>et</span> <span class='ocrx_word' id='word_1_207' title='bbox 1066 3624 1210 3700; x_wconf 92' lang='lat' dir='ltr'>eisdem</span> <span class='ocrx_word' id='word_1_208' title='bbox 1227 3621 1400 3700; x_wconf 82' lang='lat' dir='ltr'>exhibeat</span> <span class='ocrx_word' id='word_1_209' title='bbox 1411 3622 1562 3728; x_wconf 88' lang='lat' dir='ltr'>justicie</span> <span class='ocrx_word' id='word_1_210' title='bbox 1582 3623 1748 3729; x_wconf 90' lang='lat' dir='ltr'>comple-</span> 
     </span>
     <span class='ocr_line' id='line_1_24' title="bbox 324 3776 507 3836; baseline -0.005 -1"><span class='ocrx_word' id='word_1_211' title='bbox 324 3776 507 3836; x_wconf 87' lang='lat' dir='ltr'>mentum.</span> 
     </span>
     <span class='ocr_line' id='line_1_25' title="bbox 380 3886 1042 3996; baseline -0.003 -30"><span class='ocrx_word' id='word_1_212' title='bbox 380 3889 509 3996; x_wconf 77' lang='lat' dir='ltr'>Martis</span> <span class='ocrx_word' id='word_1_213' title='bbox 523 3905 608 3994; x_wconf 89' lang='lat' dir='ltr'>post</span> <span class='ocrx_word' id='word_1_214' title='bbox 624 3886 1042 3994; x_wconf 87' lang='lat' dir='ltr'>Sanctum-Georgium.</span> 
     </span>
     <span class='ocr_line' id='line_1_26' title="bbox 381 4017 1255 4124; baseline 0 -30"><span class='ocrx_word' id='word_1_215' title='bbox 381 4018 435 4094; x_wconf 87' lang='lat' dir='ltr'>M:</span> <span class='ocrx_word' id='word_1_216' title='bbox 456 4017 670 4122; x_wconf 86' lang='lat' dir='ltr'>Stephanus</span> <span class='ocrx_word' id='word_1_217' title='bbox 690 4018 737 4094; x_wconf 91' lang='lat' dir='ltr'>de</span> <span class='ocrx_word' id='word_1_218' title='bbox 755 4017 935 4096; x_wconf 88' lang='lat' dir='ltr'>Housseia</span> <span class='ocrx_word' id='word_1_219' title='bbox 954 4019 1170 4124; x_wconf 90' lang='lat' dir='ltr'>reportavit.</span> <span class='ocrx_word' id='word_1_220' title='bbox 1252 4098 1255 4103; x_wconf 11' lang='grc' dir='ltr'><em>Α</em></span> 
     </span>
    </p>
   </div>
   <div class='ocr_carea' id='block_1_3' title="bbox 326 4278 1751 5170">
    <p class='ocr_par' dir='ltr' id='par_1_12' title="bbox 326 4278 1751 5170">
     <span class='ocr_line' id='line_1_27' title="bbox 382 4278 1749 4384; baseline -0.004 -24"><span class='ocrx_word' id='word_1_221' title='bbox 382 4282 458 4360; x_wconf 91' lang='lat' dir='ltr'>Vll.</span> <span class='ocrx_word' id='word_1_222' title='bbox 490 4280 574 4356; x_wconf 92' lang='lat' dir='ltr'>Lite</span> <span class='ocrx_word' id='word_1_223' title='bbox 598 4295 716 4367; x_wconf 87' lang='lat' dir='ltr'>mota,</span> <span class='ocrx_word' id='word_1_224' title='bbox 746 4306 871 4358; x_wconf 86' lang='lat' dir='ltr'>coram</span> <span class='ocrx_word' id='word_1_225' title='bbox 891 4279 1082 4384; x_wconf 88' lang='lat' dir='ltr'>preposito</span> <span class='ocrx_word' id='word_1_226' title='bbox 1111 4279 1328 4370; x_wconf 86' lang='lat' dir='ltr'>Parisiensi‚</span> <span class='ocrx_word' id='word_1_227' title='bbox 1355 4279 1456 4356; x_wconf 90' lang='lat' dir='ltr'>inter</span> <span class='ocrx_word' id='word_1_228' title='bbox 1479 4278 1681 4356; x_wconf 90' lang='lat' dir='ltr'>Girardum</span> <span class='ocrx_word' id='word_1_229' title='bbox 1703 4280 1749 4354; x_wconf 89' lang='lat' dir='ltr'>de</span> 
     </span>
     <span class='ocr_line' id='line_1_28' title="bbox 327 4408 1747 4516; baseline -0.005 -25"><span class='ocrx_word' id='word_1_230' title='bbox 327 4412 555 4502; x_wconf 88' lang='lat' dir='ltr'>Silvanecto,</span> <span class='ocrx_word' id='word_1_231' title='bbox 570 4411 766 4502; x_wconf 88' lang='lat' dir='ltr'>clericum,</span> <span class='ocrx_word' id='word_1_232' title='bbox 780 4437 825 4488; x_wconf 82' lang='lat' dir='ltr'>ex</span> <span class='ocrx_word' id='word_1_233' title='bbox 839 4425 945 4516; x_wconf 81' lang='lat' dir='ltr'>parte</span> <span class='ocrx_word' id='word_1_234' title='bbox 959 4437 1049 4498; x_wconf 90' lang='lat' dir='ltr'>una,</span> <span class='ocrx_word' id='word_1_235' title='bbox 1066 4425 1103 4486; x_wconf 90' lang='lat' dir='ltr'>et</span> <span class='ocrx_word' id='word_1_236' title='bbox 1112 4409 1292 4516; x_wconf 88' lang='lat' dir='ltr'>Egidium</span> <span class='ocrx_word' id='word_1_237' title='bbox 1306 4409 1354 4485; x_wconf 91' lang='lat' dir='ltr'>de</span> <span class='ocrx_word' id='word_1_238' title='bbox 1363 4410 1542 4514; x_wconf 90' lang='lat' dir='ltr'>Carpent,</span> <span class='ocrx_word' id='word_1_239' title='bbox 1558 4435 1601 4484; x_wconf 80' lang='lat' dir='ltr'>ex</span> <span class='ocrx_word' id='word_1_240' title='bbox 1613 4408 1747 4500; x_wconf 87' lang='lat' dir='ltr'>altera,</span> 
     </span>
     <span class='ocr_line' id='line_1_29' title="bbox 326 4539 1751 4651; baseline -0.004 -30"><span class='ocrx_word' id='word_1_241' title='bbox 326 4571 439 4651; x_wconf 88' lang='lat' dir='ltr'>super</span> <span class='ocrx_word' id='word_1_242' title='bbox 459 4572 504 4621; x_wconf 91' lang='lat' dir='ltr'>eo</span> <span class='ocrx_word' id='word_1_243' title='bbox 520 4543 624 4650; x_wconf 90' lang='lat' dir='ltr'>quod</span> <span class='ocrx_word' id='word_1_244' title='bbox 640 4541 820 4648; x_wconf 88' lang='lat' dir='ltr'>petebant</span> <span class='ocrx_word' id='word_1_245' title='bbox 835 4541 958 4619; x_wconf 90' lang='lat' dir='ltr'>dictus</span> <span class='ocrx_word' id='word_1_246' title='bbox 977 4539 1159 4620; x_wconf 89' lang='lat' dir='ltr'>Girardus</span> <span class='ocrx_word' id='word_1_247' title='bbox 1179 4555 1218 4617; x_wconf 90' lang='lat' dir='ltr'>et</span> <span class='ocrx_word' id='word_1_248' title='bbox 1235 4555 1358 4617; x_wconf 91' lang='lat' dir='ltr'>rector</span> <span class='ocrx_word' id='word_1_249' title='bbox 1381 4539 1632 4617; x_wconf 87' lang='lat' dir='ltr'>universitatis</span> <span class='ocrx_word' id='word_1_250' title='bbox 1650 4541 1751 4616; x_wconf 89' lang='lat' dir='ltr'>Pari·</span> 
     </span>
     <span class='ocr_line' id='line_1_30' title="bbox 327 4661 1745 4780; baseline -0.003 -28"><span class='ocrx_word' id='word_1_251' title='bbox 327 4661 459 4752; x_wconf 88' lang='lat' dir='ltr'>siensis</span> <span class='ocrx_word' id='word_1_252' title='bbox 478 4690 515 4752; x_wconf 86' lang='lat' dir='ltr'>et</span> <span class='ocrx_word' id='word_1_253' title='bbox 529 4670 647 4780; x_wconf 79' lang='lat' dir='ltr'>aliqui</span> <span class='ocrx_word' id='word_1_254' title='bbox 660 4671 825 4780; x_wconf 89' lang='lat' dir='ltr'>magistri</span> <span class='ocrx_word' id='word_1_255' title='bbox 841 4671 888 4748; x_wconf 89' lang='lat' dir='ltr'>de</span> <span class='ocrx_word' id='word_1_256' title='bbox 906 4671 1003 4748; x_wconf 85' lang='lat' dir='ltr'>dicta</span> <span class='ocrx_word' id='word_1_257' title='bbox 1017 4669 1273 4762; x_wconf 87' lang='lat' dir='ltr'>universitate,</span> <span class='ocrx_word' id='word_1_258' title='bbox 1287 4698 1357 4775; x_wconf 92' lang='lat' dir='ltr'>pro</span> <span class='ocrx_word' id='word_1_259' title='bbox 1378 4669 1477 4747; x_wconf 86' lang='lat' dir='ltr'>dicta</span> <span class='ocrx_word' id='word_1_260' title='bbox 1495 4669 1745 4775; x_wconf 87' lang='lat' dir='ltr'>universitate,</span> 
     </span>
     <span class='ocr_line' id='line_1_31' title="bbox 328 4798 1748 4907; baseline -0.002 -27"><span class='ocrx_word' id='word_1_261' title='bbox 328 4821 367 4880; x_wconf 89' lang='lat' dir='ltr'>et</span> <span class='ocrx_word' id='word_1_262' title='bbox 383 4804 484 4882; x_wconf 92' lang='lat' dir='ltr'>dicto</span> <span class='ocrx_word' id='word_1_263' title='bbox 499 4803 676 4896; x_wconf 91' lang='lat' dir='ltr'>Girardo,</span> <span class='ocrx_word' id='word_1_264' title='bbox 694 4801 824 4881; x_wconf 89' lang='lat' dir='ltr'>scolari</span> <span class='ocrx_word' id='word_1_265' title='bbox 841 4830 928 4891; x_wconf 86' lang='lat' dir='ltr'>sue,</span> <span class='ocrx_word' id='word_1_266' title='bbox 949 4818 993 4879; x_wconf 91' lang='lat' dir='ltr'>ut</span> <span class='ocrx_word' id='word_1_267' title='bbox 1008 4798 1200 4888; x_wconf 89' lang='lat' dir='ltr'>dicebant,</span> <span class='ocrx_word' id='word_1_268' title='bbox 1219 4801 1423 4907; x_wconf 88' lang='lat' dir='ltr'>quamdam</span> <span class='ocrx_word' id='word_1_269' title='bbox 1437 4799 1748 4878; x_wconf 83' lang='lat' dir='ltr'>informacionem</span> 
     </span>
     <span class='ocr_line' id='line_1_32' title="bbox 327 4908 1746 5043; baseline -0.004 -32"><span class='ocrx_word' id='word_1_270' title='bbox 327 4961 394 5012; x_wconf 89' lang='lat' dir='ltr'>seu</span> <span class='ocrx_word' id='word_1_271' title='bbox 413 4934 626 5040; x_wconf 89' lang='lat' dir='ltr'>inquestam</span> <span class='ocrx_word' id='word_1_272' title='bbox 651 4961 718 5041; x_wconf 93' lang='lat' dir='ltr'>per</span> <span class='ocrx_word' id='word_1_273' title='bbox 737 4932 881 5012; x_wconf 91' lang='lat' dir='ltr'>dictum</span> <span class='ocrx_word' id='word_1_274' title='bbox 905 4931 1141 5039; x_wconf 90' lang='lat' dir='ltr'>prepositum</span> <span class='ocrx_word' id='word_1_275' title='bbox 1162 4929 1312 5022; x_wconf 84' lang='lat' dir='ltr'>factam,</span> <span class='ocrx_word' id='word_1_276' title='bbox 1336 4931 1385 5007; x_wconf 92' lang='lat' dir='ltr'>ad</span> <span class='ocrx_word' id='word_1_277' title='bbox 1411 4908 1746 5043; x_wconf 77' lang='lat' dir='ltr'>denunciacionem</span> 
     </span>
     <span class='ocr_line' id='line_1_33' title="bbox 327 5060 1746 5170; baseline -0.004 -31"><span class='ocrx_word' id='word_1_278' title='bbox 327 5063 534 5141; x_wconf 90' lang='lat' dir='ltr'>amicorum</span> <span class='ocrx_word' id='word_1_279' title='bbox 554 5064 672 5170; x_wconf 89' lang='lat' dir='ltr'>ipsius</span> <span class='ocrx_word' id='word_1_280' title='bbox 688 5063 853 5153; x_wconf 90' lang='lat' dir='ltr'>Girardi,</span> <span class='ocrx_word' id='word_1_281' title='bbox 870 5062 1121 5142; x_wconf 88' lang='lat' dir='ltr'>asserencium</span> <span class='ocrx_word' id='word_1_282' title='bbox 1139 5061 1284 5139; x_wconf 91' lang='lat' dir='ltr'>dictum</span> <span class='ocrx_word' id='word_1_283' title='bbox 1299 5060 1516 5153; x_wconf 86' lang='lat' dir='ltr'>Girardum,</span> <span class='ocrx_word' id='word_1_284' title='bbox 1531 5091 1600 5168; x_wconf 89' lang='lat' dir='ltr'>per</span> <span class='ocrx_word' id='word_1_285' title='bbox 1608 5063 1746 5138; x_wconf 88' lang='lat' dir='ltr'>lactum</span> 
     </span>
    </p>
   </div>
   <div class='ocr_carea' id='block_1_4' title="bbox 0 0 2232 6209">
    <p class='ocr_par' dir='ltr' id='par_1_13' title="bbox 0 0 2232 6209">
     <span class='ocr_line' id='line_1_34' title="bbox 0 0 2232 6209; baseline 0 0"><span class='ocrx_word' id='word_1_286' title='bbox 0 0 2232 6209; x_wconf 95' lang='lat' dir='ltr'> </span> 
     </span>
    </p>
   </div>
  </div>
 </body>
</html>
