4450 6209
727 744 995 853 annutans
1020 757 1088 831 er
1116 742 1317 835 rnocts.
1691 765 1762 837 507

207 981 211 989 .
336 906 421 984 lacti
440 902 606 983 mandati
624 937 633 982 t
654 904 803 983 Auditis
821 905 947 1013 igitur,
969 903 1009 979 in
1030 904 1133 981 curia
1153 920 1296 994 nostra,
1318 922 1560 1012 procuratore
1579 922 1709 984 nostro
1729 923 1766 983 et
1805 920 1934 977 aarum
1948 924 1991 987 lv,
2038 876 2041 883 Ι

337 1037 427 1115 dicti
440 1036 587 1129 militis,
601 1033 764 1144 visisque
780 1037 982 1146 diligenter
994 1035 1233 1142 processibus
1246 1034 1458 1128 antedictis,
1470 1063 1539 1143 per
1550 1036 1648 1113 dicte
1664 1037 1766 1114 curie

338 1186 466 1247 nostre
477 1168 686 1275 judicium,
709 1169 851 1247 dictum
873 1168 946 1246 luit
962 1168 1062 1247 bene
1078 1167 1349 1245 sentenciatum
1371 1184 1409 1244 et
1421 1165 1520 1245 male
1536 1168 1765 1274 appellatum

338 1301 469 1390 luisse,
493 1318 532 1377 et
549 1302 656 1408 qnod
675 1301 772 1379 dicta
796 1300 1091 1407 condempnacio
1108 1298 1349 1377 mandabitur
1367 1299 1595 1379 execuoioni.
1626 1346 1630 1355 ·

393 1432 553 1513 Veneris
569 1448 656 1539 post
674 1444 842 1510 sanctum
859 1431 1119 1511 vincenci-um.

395 1566 446 1642 Μ.
466 1566 507 1641 Ρ.
529 1567 692 1674 blangon
710 1565 920 1673 reportavit.

1867 1014 1930 1059 talo.

396 1830 456 1905 lll.
488 1831 589 1908 Mota
608 1828 691 1918 lite,
709 1830 748 1905 in
769 1831 872 1906 curia
888 1828 1082 1906 senescalli
1095 1830 1415 1917 Carcassonensis,
1438 1830 1537 1907 inter
1554 1844 1772 1936 procurato-

339 1988 421 2038 rem
443 1979 613 2040 nostrum
641 1961 739 2037 dicte
764 1960 997 2051 senescallie,
1021 1989 1066 2039 ex
1084 1976 1191 2068 parte
1214 1985 1305 2052 nna,
1331 1978 1370 2038 et
1393 1962 1547 2039 Petrum
1573 1961 1620 2042 de
1643 1960 1772 2041 Clam·—

339 2096 485 2184 Monte,
508 2092 689 2185 militem,
708 2123 751 2171 er
767 2094 898 2183 altera,
916 2119 1033 2199 super
1053 2121 1100 2171 eo
1122 2093 1228 2199 quod
1244 2092 1482 2200 proponebat
1496 2093 1619 2172 dictus
1636 2120 1772 2201 procu-

339 2242 442 2303 rator
459 2244 587 2303 noster
597 2227 745 2303 dictum
762 2226 922 2303 militem
939 2226 1166 2333 percussisse
1186 2252 1432 2303 communem
1444 2254 1649 2333 preconem
1664 2227 1771 2305 castri

341 2359 389 2436 de
402 2358 599 2464 Gigniaco,
618 2379 729 2435 suum
745 2357 911 2435 officinm
927 2374 1182 2445 exercentem,
1200 2357 1495 2464 preconizando,
1511 2386 1554 2435 ex
1569 2372 1675 2465 parte
1690 2372 1774 2437 no's

338 2508 411 2577 tra,
436 2490 525 2566 dicti
546 2490 679 2567 militis
705 2506 743 2566 et
764 2489 928 2566 aliorum
950 2490 1268 2568 condominornm
1292 2506 1510 2567 nostrornm
1537 2490 1625 2569 dicti
1645 2492 1771 2580 castri,

340 2620 446 2727 qnod
465 2620 596 2697 nullus
612 2638 779 2727 portaret
796 2642 914 2710 arma,
933 2620 1005 2698 sub
1022 2648 1119 2728 pena
1134 2621 1304 2728 quinque
1321 2619 1551 2713 solidorum,
1569 2621 1774 2730 locumque

339 2768 475 2829 tenens
488 2753 578 2830 dicti
589 2751 802 2841 senescalli,
815 2752 1050 2830 considerata
1060 2753 1305 2859 responsione
1317 2752 1407 2829 dicti
1416 2753 1565 2843 militis,
1580 2752 1773 2859 injudicio

341 2883 557 2962 confitentis
578 2913 617 2963 se
640 2886 785 2962 dictum
803 2911 1007 2992 preconem
1028 2885 1075 2962 de
1089 2912 1220 2994 pugno
1236 2884 1371 2963 subtus
1384 2884 1512 2993 'gulam
1528 2885 1771 2993 percussisse,

340 3020 429 3124 quia
444 3017 612 3096 eundem
633 3016 812 3109 militem,
833 3018 872 3093 in
893 3018 991 3095 dicta
1010 3018 1337 3124 preconizaciona,
1356 3030 1485 3096 contra
1508 3019 1588 3125 ejus
1603 3017 1774 3096 volunta-

339 3167 435 3240 tem,
451 3150 671 3228 nominabat
686 3168 723 3226 et
738 3180 880 3228 cessare
896 3178 974 3229 non
987 3150 1154 3242 volebat,
1167 3151 1322 3258 visoque
1336 3176 1514 3256 processu
1530 3151 1630 3229 dicte
1646 3180 1772 3241 cause,

342 3283 508 3359 eundem
529 3281 689 3358 militem
705 3281 747 3357 in
766 3281 938 3358 ducentis
954 3280 1061 3359 libris
1075 3280 1383 3369 Turonensibtr's,
1404 3278 1514 3359 nobis
1527 3310 1597 3387 pro
1615 3283 1775 3360 emenda

341 3413 549 3502 solvendis,
566 3412 843 3491 sentencialiter
856 3413 1166 3519 condempnavit3
1185 3442 1204 3488 a
1222 3437 1296 3519 qua
1311 3411 1517 3504 sentencia,
1533 3424 1712 3520 tanquam
1729 3412 1775 3491 ab

342 3545 490 3653 iniqua,
511 3562 733 3651 procurator
752 3546 841 3623 dicti
863 3544 996 3621 militis
1014 3545 1062 3621 ad
1081 3560 1247 3621 nostram
1271 3543 1412 3623 curiam
1429 3542 1644 3651 appellavit,
1664 3562 1702 3625 et
1713 3546 1777 3653 ju-

342 3677 466 3753 dicem
485 3675 523 3753 in
541 3676 639 3754 dicte
660 3675 928 3784 appellacionis
949 3704 1058 3753 causa
1078 3673 1311 3781 impetravit3
1334 3672 1417 3781 qui,
1437 3673 1589 3785 cognito
1609 3674 1657 3752 de
1679 3674 1776 3753 dicta

342 3836 482 3898 causa,
497 3808 595 3885 dicte
622 3809 726 3884 curie
754 3824 882 3886 nostre
909 3808 1070 3886 eandem
1094 3808 1315 3885 instructam
1341 3805 1511 3883 remisit:
1538 3804 1637 3886 Visis
1664 3807 1777 3917 igitur

344 3941 540 4045 utriusque
565 3963 673 4017 cause
698 3940 952 4045 processibus,
977 3962 1047 4047 per
1071 3939 1170 4017 dicte
1196 3954 1323 4017 nostre
1348 3938 1451 4015 curie
1471 3938 1677 4047 judicium,
1705 3939 1777 4019 suit

344 4071 467 4148 dictus
487 4070 611 4158 miles,
632 4092 745 4177 snper
765 4069 852 4164 hoc,
874 4071 922 4148 ab
941 4072 1121 4149 instancia
1137 4070 1274 4179 judicii
1295 4068 1505 4160 absolutus,
1523 4088 1678 4179 propter
1696 4071 1777 4178 plu-

344 4229 404 4280 res
429 4200 631 4289 dellectus,
653 4216 825 4309 repertos
845 4202 884 4277 in
907 4230 1084 4307 processu
1109 4230 1219 4280 cause
1238 4201 1455 4308 principalis
1473 4201 1664 4307 predicte,
1687 4202 1776 4281 luit-

345 4361 437 4441 que,
459 4362 532 4442 per·
545 4331 649 4410 idem
669 4331 876 4442 judicium,
898 4334 1115 4412 ordinatum
1137 4332 1241 4440 quod
1268 4331 1391 4409 dictus
1411 4331 1640 4411 senescallus
1665 4350 1777 4441 'super

346 4465 448 4543 dicto
473 4490 624 4543 excessu
650 4466 741 4544 dicti
772 4465 923 4556 militis,
946 4466 1052 4575 juxta
1080 4466 1253 4576 ejusdem
1282 4461 1577 4557 confessionem,
1597 4466 1777 4572 procedat

348 4614 477 4675 contra
497 4626 602 4690 eum,
619 4615 734 4706 prout
754 4598 880 4675 eidem
900 4597 1108 4677 senescallo
1126 4595 1319 4675 videbitur
1338 4594 1565 4674 laciendum.

402 4730 558 4808 Veneris
577 4748 664 4837 post
682 4748 852 4808 sanctum
868 4731 1130 4811 Vincendum.

404 4861 566 4971 Mangon
585 4863 798 4971 reportavit.

407 4992 479 5069 late
494 5009 572 5070 tres
589 4994 763 5102 inqueste
782 4995 904 5102 prims
923 4985 1038 5073 timul
1057 5009 1146 5071 suot
1159 4982 1273 5102 ligate
1290 5008 1377 5071 oum
1389 4990 1579 5101 judicatis.

1601 5274 1652 5343 bl.
