4450 6209
757 705 1025 818 nuoutrns
1049 725 1116 798 nr
1141 703 1350 798 esocis,
1687 721 1761 794 sas

335 873 522 954 dictorum
537 869 802 980 religiosorum
817 889 856 950 et
874 869 1077 980 quemdam
1097 866 1215 947 alium
1228 865 1442 976 garcionem
1461 862 1605 946 ibidem
1623 867 1764 974 cepisse
1794 887 1925 938 aarum
1944 880 1987 945 tr,

334 1023 372 1083 et
395 1033 481 1084 cum
507 1003 560 1081 eis
585 1001 752 1093 duxisse,
774 1030 816 1080 ac
839 1001 993 1081 eosdem
1012 1000 1257 1078 incarcerasse
1276 997 1402 1075 minus
1425 995 1703 1076 racionabiliter
1727 1015 1766 1076 et
1863 974 1927 1018 ”¹⁰⁰

332 1135 486 1243 injuste,
510 1133 712 1243 pluresque
734 1133 822 1212 alias
847 1133 1004 1242 injurias
1029 1131 1140 1211 dictis
1164 1128 1347 1238 religiosis
1371 1128 1556 1225 intulisse,
1576 1157 1646 1238 per
1661 1131 1765 1208 curie

333 1283 460 1346 nostre
480 1265 687 1375 judicium,
707 1263 780 1344 fnit
803 1265 947 1344 dictum
967 1264 1074 1374 quod
1096 1263 1187 1342 dicti
1202 1262 1322 1371 major
1340 1279 1379 1340 et
1391 1260 1507 1369 jurati
1521 1260 1668 1340 solvent
1688 1261 1768 1340 dic-

331 1397 381 1475 tis
399 1396 601 1506 religiosis,
627 1425 697 1504 pro
724 1396 897 1503 dampnis
922 1413 960 1476 et
980 1395 1130 1504 injuriis
1151 1393 1392 1501 supradietis,
1421 1409 1606 1472 trecentas
1633 1393 1765 1485 libras,

334 1545 371 1605 et
396 1527 507 1608 nobis
529 1527 635 1607 mille
661 1527 775 1607 libras
801 1530 1061 1618 Turonenses,
1088 1555 1159 1635 pro
1185 1525 1345 1606 emenda
1374 1553 1596 1606 excessuum
1619 1527 1767 1632 predic·

332 1677 472 1738 torum.

388 1791 489 1869 Jovis
505 1808 592 1898 post
606 1790 718 1870 Oculi
731 1793 819 1870 mei.

388 1921 494 2000 Creci
516 1923 732 2029 reportavit.

388 2185 515 2265 XXXI.
547 2185 646 2265 Cum
667 2184 798 2264 datum
817 2183 950 2265 fuisset
966 2186 1078 2265 nobis
1098 2184 1254 2296 intelligi
1276 2181 1383 2294 qnod
1396 2188 1501 2293 prior
1521 2187 1569 2266 de
1585 2189 1705 2281 Cella,
1728 2192 1767 2268 in

332 2319 434 2409 Bria,
461 2347 588 2397 coram
609 2347 665 2410 se,
690 2319 729 2396 in
751 2346 899 2396 causam
919 2335 1094 2410 traxerat,
1112 2345 1226 2424 super
1249 2318 1369 2396 causis
1385 2317 1665 2424 personalibus,
1688 2323 1768 2400 Ma-

332 2452 466 2529 theum
486 2450 822 2540 Molendinarium,
847 2449 1075 2558 burgensem
1098 2479 1141 2527 ac
1159 2447 1431 2559 justiciabilem
1450 2466 1638 2545 nostrum,
1660 2482 1768 2531 eum-

332 2611 408 2691 que
428 2582 659 2690 respondere
682 2580 888 2673 nolentem,
915 2581 983 2660 sed
1010 2582 1091 2691 ejus
1111 2581 1254 2659 curiam
1276 2578 1547 2676 declinantem,
1568 2603 1768 2664 arrestave-

331 2731 389 2792 rat
405 2733 443 2794 et
456 2731 631 2794 tenuerat
643 2712 684 2790 in
694 2743 762 2793 sua
774 2713 940 2822 prisione
952 2730 1191 2806 arrestatum,
1208 2712 1355 2821 aliaque
1364 2713 1576 2823 gravamina
1589 2715 1768 2799 intulerat

334 2847 479 2940 eidem;
500 2847 781 2954 propterquod
801 2845 941 2925 ballivo
960 2844 1125 2925 Creciaci
1150 2844 1411 2925 commisimus
1426 2845 1532 2954 quod
1552 2848 1605 2940 si,
1630 2855 1768 2932 vocatis

334 2978 543 3072 evocandis,
565 2977 637 3058 sibi
659 2995 846 3057 constaret
862 2978 914 3056 ita
934 3005 1033 3070 esse,
1057 2977 1200 3056 dictum
1219 2977 1385 3084 priorem
1404 2978 1584 3057 desistere
1600 2985 1768 3090 compel-

333 3109 427 3189 leret
451 3140 472 3187 a
495 3109 690 3216 predictis,
720 3127 759 3187 et
781 3108 892 3188 nobis
917 3109 1094 3217 dictoque
1120 3108 1288 3200 Matheo,
1315 3137 1430 3217 super
1454 3111 1543 3202 hoc,
1566 3115 1767 3194 emendam

333 3240 471 3320 laceret
490 3241 573 3320 {ieri
594 3258 895 3349 competentem:
917 3240 1004 3321 Visa
1021 3240 1137 3347 igitur
1155 3240 1330 3346 inquesta
1348 3269 1462 3348 super
1475 3242 1655 3348 predictis
1673 3245 1766 3324 sacta
1890 3295 1894 3301 ·

334 3389 373 3451 et
387 3373 489 3451 curie
506 3389 648 3461 nostre,
667 3372 716 3449 de
731 3371 909 3450 mandato
925 3387 1072 3460 nostro,
1095 3386 1300 3477 reportata,
1320 3399 1390 3477 per
1404 3370 1503 3450 dicte
1519 3392 1646 3454 nostre
1663 3378 1765 3455 curie

328 3503 534 3612 judicium,
556 3503 700 3582 dictum
717 3502 791 3582 fuit
809 3502 914 3609 quod
928 3499 1145 3612 jurisdictio
1161 3500 1381 3608 temporalis
1400 3501 1491 3582 dicti
1510 3505 1698 3611 prioratus
1717 3512 1766 3588 ad

333 3665 488 3715 manum
505 3653 671 3715 nostram
692 3651 857 3742 ponetur
873 3650 912 3713 et
924 3632 1130 3725 tenebitur,
1150 3631 1274 3712 donec
1290 3633 1413 3714 dictus
1427 3634 1533 3744 prior
1549 3637 1675 3718 eidem
1688 3643 1767 3721 Ma-

332 3770 439 3862 theo,
463 3799 531 3878 pro
555 3769 728 3877 dampnis
749 3783 788 3846 ct
808 3765 958 3877 injuriis
979 3765 1058 3844 suis
1082 3764 1277 3872 predictis,
1300 3766 1434 3846 decem
1457 3767 1572 3848 libras
1595 3787 1634 3849 et
1656 3773 1766 3852 nobis

333 3902 603 4009 quinquaginta
627 3900 742 3979 libras
766 3901 1010 3979 Turonenses
1035 3896 1203 3991 solverit,
1224 3927 1294 4006 pro
1315 3901 1475 3980 emenda
1495 3901 1764 4009 predictorum.

388 4034 489 4112 lovis
502 4051 588 4141 post
607 4034 718 4114 Oculi
739 4032 827 4112 mei.

390 4167 553 4273 Mangon
572 4165 788 4273 reportavit.

388 4297 473 4374 Fiat
489 4296 614 4376 littera
632 4295 869 4376 erecucionis
888 4294 1081 4404 preposito
1100 4293 1312 4380 Parisiensi.

390 4561 532 4639 XXXII.
564 4560 646 4638 Lite
663 4574 766 4638 mota
784 4559 883 4637 inter
895 4575 1180 4667 procuratorem
1192 4557 1338 4639 abbatis
1353 4577 1391 4640 et
1402 4576 1609 4642 conventus
1624 4562 1672 4640 de
1686 4563 1765 4644 Vic-

334 4693 447 4786 toria,
476 4723 519 4772 ex
541 4711 644 4803 parte
666 4721 756 4784 una,
785 4709 823 4770 et
841 4706 1128 4798 procuratorem
1148 4689 1313 4800 episcopi
1333 4689 1584 4786 Belvacensis,
1607 4693 1763 4788 exalia,

334 4853 448 4932 super
473 4855 518 4908 eo
542 4825 649 4935 quod
668 4824 757 4903 dicti
777 4823 945 4934 religiosi
969 4822 1147 4933 petebant
1165 4822 1403 4931 pronunciari
1423 4822 1598 4903 saisinam
1613 4824 1765 4934 justicie

335 4955 528 5066 cujusdam
549 4958 732 5048 nemoris,
754 4956 817 5037 siti
837 4957 937 5036 inter
955 4954 1160 5036 Victoriam
1179 4973 1218 5034 et
1233 4953 1699 5050 Nommsttolendinun
1717 4958 1764 5036 ad

335 5087 436 5193 ipsos
457 5087 598 5168 debere
617 5091 819 5197 pertinere,
842 5117 1075 5198 manumque
1095 5105 1283 5184 nostram,
1305 5106 1459 5197 propter
1479 5087 1659 5170 debatum
1680 5119 1764 5196 par-
