4450 6209
748 742 1019 851 sinusrns
1045 759 1109 831 na
1137 737 1343 831 enecas.
1522 822 1532 837 ,
1683 758 1756 833 aaa

330 898 538 1009 judicium,
563 900 706 977 dictam
725 900 797 978 luit
816 900 939 1008 quod,
962 927 1039 977 non
1059 899 1297 979 obstantibus
1314 899 1620 1007 quibuscumque
1640 902 1759 978 racio·
1796 912 1926 968 eninm
1940 914 1985 979 W.

337 1032 450 1109 nibus
470 1060 513 1108 ex
531 1046 637 1137 parte
655 1030 775 1137 ipsius
791 1031 909 1139 Helye
929 1030 1147 1137 propositis,
1167 1030 1294 1107 omnia
1313 1029 1496 1137 predicta,
1515 1030 1567 1107 sic
1582 1058 1649 1137 per
1670 1058 1757 1107 eum
1859 1004 1922 1047 Μ’

337 1161 525 1255 edificata,
541 1180 776 1268 reponentur
791 1178 830 1240 et
847 1163 1013 1268 reposita
1031 1160 1266 1239 tenebuntur
1285 1161 1323 1237 in
1342 1160 1408 1237 tali
1424 1178 1523 1238 statu
1538 1161 1640 1268 quod
1658 1162 1758 1239 dicto

337 1309 458 1369 castro
478 1309 609 1370 nonno
625 1310 664 1370 et
679 1294 796 1399 ipsius
811 1293 998 1371 fortalicio
1011 1292 1232 1371 nullatenus
1251 1292 1568 1399 possentobesse.

393 1424 434 1499 ln
455 1424 597 1503 octabis
609 1425 759 1503 Pasche.

395 1555 502 1633 Caeci
521 1557 734 1660 reportavit.

394 1817 599 1896 LXXXVII.
630 1819 728 1896 Cum
743 1805 1038 1897 intellexerimus
1053 1819 1175 1925 quod,
1191 1817 1384 1895 occasione
1401 1816 1597 1924 cujusdam
1609 1800 1762 1923 pariagii

338 1974 471 2052 nuper,
493 1947 676 2024 internos
693 1964 732 2025 et
751 1951 970 2059 episcopum
983 1950 1264 2035 blimatensem,
1283 1947 1369 2023 facti
1389 1976 1505 2053 super
1519 1947 1709 2053 regalibus
1726 1963 1764 2022 et

338 2075 598 2182 superioritate
616 2080 816 2158 comitatus
834 2079 1078 2169 Gaballitani,
1094 2078 1288 2160 Chanlonc
1304 2078 1465 2167 Salelas,
1481 2078 1610 2155 locum
1628 2096 1763 2155 tenens

337 2207 457 2314 bajuli
477 2209 691 2317 Marologii,
720 2240 805 2287 cum
831 2211 909 2288 suis
928 2210 1175 2288 servientibus
1195 2227 1233 2287 et
1251 2207 1426 2315 pluribus
1444 2208 1527 2286 aliis
1544 2207 1765 2286 hominibus

338 2336 438 2413 dicte
454 2337 561 2429 ville,
577 2341 726 2417 armatis
745 2340 900 2443 diversis
919 2341 1134 2428 armaturis,
1151 2368 1193 2416 ac
1210 2340 1328 2416 eciam
1349 2368 1397 2415 ne
1418 2340 1591 2447 cognosci
1612 2354 1764 2443 possent

338 2467 447 2545 variis
467 2469 593 2548 modis
607 2471 843 2578 desguisatis‚
860 2472 900 2548 in
923 2471 1103 2549 ballivum
1126 2498 1168 2545 ac
1187 2468 1392 2547 servientes
1412 2498 1453 2546 ac
1472 2468 1566 2547 alios
1586 2468 1764 2545 officiales

337 2596 449 2676 nobis
469 2616 508 2679 et
527 2601 627 2678 dioto
648 2602 824 2708 episcopo
837 2602 877 2678 in
895 2598 1093 2678 dictavilla
1112 2626 1350 2689 communes,
1374 2600 1421 2677 de
1442 2616 1553 2677 nocte
1568 2615 1661 2675 etex
1674 2626 1763 2704 pro·

336 2730 478 2837 posito,
509 2730 692 2810 insultum
717 2731 902 2823 lecerunt,
925 2760 968 2809 ac
989 2732 1090 2837 ipsos
1119 2758 1206 2807 cum
1227 2730 1382 2808 ensibus
1402 2748 1439 2807 et
1458 2729 1598 2806 lanceis
1621 2757 1662 2805 ac
1682 2727 1764 2805 aliis

338 2860 472 2965 gladiis
485 2862 716 2951 invaserunt,
730 2864 825 2941 adeo
838 2864 943 2969 quod
953 2862 993 2938 in
1009 2863 1110 2939 dicto
1126 2862 1302 2939 conflictu
1314 2889 1435 2938 unum
1452 2859 1764 2939 deservientibus

341 2992 553 3074 communis
580 2994 683 3070 curie
703 2993 865 3071 letaliter
883 2993 1186 3082 vulneraverunt,
1209 3022 1251 3069 ac
1278 2993 1396 3068 eciam
1422 2992 1690 3097 Raymundum
1715 2991 1763 3065 de

337 3122 483 3216 Valvas,
510 3122 637 3203 locum
655 3142 848 3203 tenentem
869 3126 959 3203 dicti
979 3124 1105 3202 ballivi
1126 3124 1353 3214 communis,
1376 3123 1423 3201 de
1442 3120 1608 3227 quodam
1628 3148 1763 3229 magno
1784 3184 1788 3192 .

338 3252 472 3331 baculo
485 3253 527 3331 iu
540 3252 696 3333 brachio
709 3256 1016 3344 vulneraverunt,
1034 3282 1218 3360 ensesque
1232 3270 1272 3329 ot
1286 3251 1472 3331 boclarios
1487 3251 1676 3331 dictorum
1692 3278 1765 3326 ser-

338 3383 505 3461 vientum
534 3387 795 3463 communium
824 3386 1010 3463 violenter
1036 3402 1075 3464 et
1101 3384 1283 3492 injuriose
1309 3378 1549 3459 abstulerunt
1573 3397 1612 3458 et
1635 3409 1761 3458 secum

339 3514 508 3592 indebite
528 3534 781 3623 asportarunt,
803 3547 846 3594 ae
868 3518 991 3623 ipsum
1015 3514 1197 3593 ballivum
1219 3541 1461 3607 communem
1485 3540 1665 3589 unacum
1686 3510 1764 3587 suis

340 3646 586 3724 servientibus
607 3665 647 3726 et
663 3647 747 3725 aliis
766 3647 990 3725 officialibus
1007 3646 1107 3724 dicte
1124 3646 1337 3723 communis
1352 3644 1472 3734 curie,
1489 3642 1633 3723 dictum
1647 3640 1766 3717 insul-

339 3794 421 3854 tum
436 3781 703 3885 prosequendo
714 3796 752 3856 et
764 3778 1036 3867 continuando,
1050 3806 1172 3885 usque
1187 3779 1235 3854 ad
1243 3779 1403 3855 domum
1420 3775 1523 3851 curie
1534 3772 1763 3861 communis,

280 3972 285 3984 .
340 3908 407 3987 ubi
425 3911 682 4000 morabantur,
701 3912 891 4018 fugarunt,
910 3912 1125 4018 (limamque
1139 3911 1299 3988 domum
1316 3934 1560 3989 communem
1574 3934 1616 3983 ac
1628 3903 1767 3983 officia·-

341 4039 397 4115 les
409 4043 735 4131 communesintra
745 4072 829 4119 eam
842 4023 1139 4120 existentescum
1156 4040 1268 4118 armis
1279 4056 1319 4117 et
1332 4038 1519 4118 hostiliter
1532 4038 1764 4123 invaserunt,

342 4169 543 4249 clamantes
556 4190 597 4251 et
606 4174 841 4254 horribiliter
847 4173 1113 4250 vociferantes:
1127 4210 1139 4241 ·
1154 4172 1213 4249 Ad
1224 4173 1404 4249 mortem!
1423 4170 1470 4245 ad
1485 4170 1666 4246 morteml
1681 4164 1766 4243 des·

319 4364 326 4377 .
343 4316 517 4380 «truatur
531 4304 667 4383 domus
685 4304 914 4395 communis,
930 4320 968 4380 et
982 4303 1193 4381 moriantur
1213 4300 1392 4379 officiales
1412 4326 1632 4381 communes
1654 4312 1692 4379 et
1710 4294 1766 4371 illi

344 4470 356 4499 ·
371 4432 420 4510 de
434 4433 572 4543 regalia
589 4438 655 4542 qui
669 4437 772 4513 intus
784 4437 918 4513 suntl»
936 4451 974 4512 et
988 4433 1233 4539 quamplures
1246 4460 1395 4539 grossos
1407 4429 1551 4535 lapides
1569 4443 1608 4504 at
1619 4426 1767 4503 lanceas

343 4565 641 4671 quamplurimas
656 4566 919 4675 supradictam
939 4565 1098 4642 domum
1114 4591 1357 4641 communem
1372 4579 1411 4640 at
1425 4577 1553 4638 contra
1561 4558 1715 4664 januam
1731 4571 1769 4631 et

342 4691 523 4773 fenestras
538 4697 657 4803 ipsius
672 4698 929 4805 projecerunt,
948 4696 986 4772 in
996 4710 1143 4772 tantum
1157 4692 1263 4801 quod
1276 4720 1345 4800 per
1358 4692 1458 4797 ipsos
1471 4717 1548 4767 non
1562 4686 1666 4765 stetit
1676 4713 1769 4791 quo·

345 4825 472 4902 minus
485 4826 622 4905 dictam
634 4829 790 4907 domum
803 4829 1017 4920 diruerent,
1030 4854 1072 4903 ae
1078 4827 1234 4935 januam
1249 4841 1288 4901 ot
1298 4822 1479 4900 fenestras
1493 4820 1610 4928 ipsius
1624 4814 1770 4897 conire-

304 5029 310 5035 .
344 4973 498 5065 gemam
517 4986 587 5035 nec
606 4988 652 5037 eo
672 4960 855 5051 contenti,
872 4958 941 5038 sed
956 4957 1055 5035 mala
1073 4956 1184 5035 malis
1203 4952 1455 5045 cumulantes,
1474 4950 1583 5032 dictis
1602 4945 1769 5027 officiali-

343 5086 416 5165 bus
437 5091 722 5186 communibus,
744 5093 842 5170 iutra
862 5092 1001 5169 dictam
1022 5088 1179 5167 domum
1200 5112 1442 5166 communem
1466 5078 1712 5161 existentibus
1732 5092 1770 5158 et

1590 5238 1641 5304 [13.
