4450 6209
738 695 1008 803 evocares
1035 715 1099 786 nr
1126 692 1332 788 raool'ss.
1675 715 1747 814 aar

326 852 445 961 major
464 869 501 930 et
515 851 647 959 jurati,
668 882 712 931 ea
735 854 843 948 odio,
861 871 904 933 ut
920 853 1069 946 dicitur,
1086 855 1182 933 moti
1200 873 1331 934 contra
1346 856 1511 932 eundem
1524 854 1748 947 lobannem,
1790 867 1921 923 samm
1932 864 1978 929 tv,

325 986 535 1062 manerium
553 1000 591 1061 et
603 985 794 1095 grangiam
811 987 908 1094 ejus,
925 985 1061 1064 valoris
1076 986 1320 1094 quadraginta
1341 986 1524 1065 librarum
1542 984 1753 1093 etamplius
1852 961 1916 1004 Μ’

324 1114 363 1190 in
378 1114 609 1204 redditibus,
626 1142 695 1220 pro
709 1115 818 1194 dictis
831 1116 1005 1194 ducentis
1019 1115 1143 1206 libris,
1162 1117 1264 1196 dicto
1279 1119 1424 1194 Herveo
1437 1117 1476 1194 in
1494 1115 1661 1195 solutum
1675 1131 1752 1194 tra-

326 1245 517 1336 diderunt,
535 1246 624 1324 licet
640 1246 741 1326 bona
756 1247 913 1326 mobilia
925 1247 1082 1326 baberet
1101 1247 1205 1326 idem
1217 1248 1409 1326 Jobannes
1422 1247 1471 1324 ad
1486 1247 1631 1325 dictum
1652 1247 1754 1326 debi-

324 1394 407 1454 tum
435 1377 665 1456 sufficienter
690 1377 985 1469 exsolvendum,¹
1007 1408 1081 1486 que
1111 1379 1213 1459 bona
1240 1378 1417 1468 mobilia,
1442 1378 1545 1457 idem
1566 1381 1749 1470 Herveus,

229 1565 236 1580 .
325 1526 452 1586 contra
472 1510 563 1590 dicti
582 1511 766 1590 lobannis
779 1511 1027 1601 voluntatem,
1050 1540 1138 1590 cum
1160 1511 1270 1588 dictis
1288 1511 1458 1590 manerio
1476 1526 1514 1589 et
1532 1510 1685 1619 grangia
1701 1512 1753 1588 di-

325 1641 423 1718 eitur
442 1641 623 1732 detinere,
646 1669 758 1749 super
772 1641 922 1749 quibus,
944 1642 1083 1722 ballivo
1104 1642 1370 1722 silvanectensi
1391 1641 1569 1722 dedimus
1587 1641 1628 1718 in
1647 1671 1753 1720 man-

326 1771 421 1848 datis
434 1773 557 1879 quod,
574 1773 621 1864 si,
636 1773 775 1852 vocatis
788 1773 1002 1862 evocandis,
1020 1773 1092 1851 sibi
1108 1789 1294 1852 constaret
1309 1773 1358 1850 de
1372 1772 1566 1880 predictis,
1580 1772 1681 1850 dicto
1691 1776 1753 1852 Jo-

324 1901 439 1979 hanni
456 1902 669 2009 predictum
683 1903 894 1980 manerium
910 1918 948 1982 et
961 1904 1167 2012 grangiam,
1185 1933 1272 1982 cum
1287 1903 1473 1981 fructibus
1485 1905 1691 2011 perceptis,
1710 1934 1753 1982 ac

325 2032 423 2109 dicta
436 2033 534 2112 bona
548 2032 704 2112 mobilia
717 2033 863 2112 restitui
877 2032 1034 2125 faceret,
1043 2052 1087 2112 ut
1093 2035 1241 2142 justum
1258 2051 1375 2126 esset,
1388 2051 1426 2112 et
1439 2034 1489 2111 ad
1503 2063 1542 2112 se
1556 2062 1752 2145 cognosce-

323 2182 382 2241 ret
394 2165 601 2272 pertinere,
619 2165 720 2243 dicto
732 2167 888 2255 Hervco,
904 2166 951 2243 ad
966 2167 1025 2244 sui
1037 2165 1329 2255 deffensionem,
1343 2165 1471 2272 plures
1484 2166 1654 2244 raciones
1666 2195 1746 2274 pro

324 2312 487 2401 ponente
506 2314 561 2387 et,
581 2297 680 2372 inter
695 2312 835 2384 cetera,
854 2296 1172 2374 consuetudinem
1188 2297 1288 2374 dicte
1307 2295 1395 2372 ville
1411 2324 1493 2374 esse
1513 2295 1629 2373 talem
1646 2298 1751 2404 quod

324 2428 355 2503 si
380 2426 532 2534 aliquis,
559 2455 601 2505 ex
625 2456 735 2504 causa
759 2427 982 2534 empcionis,
1005 2455 1086 2504 rem
1114 2427 1278 2534 aliquam
1303 2427 1473 2504 tenuerit
1493 2456 1562 2533 per
1591 2456 1749 2517 annum,

324 2576 497 2664 presente
519 2586 565 2636 eo
585 2559 650 2665 qui
672 2557 873 2636 reclamare
894 2558 1008 2636 vellet
1028 2557 1086 2636 vel
1107 2575 1249 2666 posset,
1272 2575 1311 2636 et
1327 2585 1407 2635 non
1425 2557 1653 2636 reclamante
1668 2573 1753 2664 post

324 2718 483 2779 annum,
506 2689 668 2767 efficitur
689 2689 869 2767 dominus
887 2689 1159 2797 proprietarius
1179 2706 1217 2766 et
1235 2715 1428 2795 possessor
1451 2689 1570 2797 ipsius
1589 2688 1660 2780 rei,
1682 2716 1752 2766 nec

322 2838 473 2900 tenetur
488 2821 614 2899 cidem
629 2850 741 2928 super
756 2822 830 2900 boc
842 2821 890 2898 de
908 2839 1033 2898 cetero
1046 2820 1276 2927 respondere
1292 2850 1301 2895 ε
1317 2821 1494 2927 lnquesta
1506 2819 1622 2930 igitur
1638 2849 1752 2927 super

323 2953 396 3030 hoc
415 2952 509 3030 facta
528 2952 578 3028 ad
597 2969 763 3031 nostram
780 2955 922 3030 curiam
942 2968 1146 3059 reportata,
1165 2950 1378 3058 auditisque
1396 2950 1507 3028 dictis
1524 2951 1698 3058 partibus
1714 2968 1753 3028 et

322 3083 401 3161 viso
416 3083 521 3160 totali
539 3091 716 3190 process'u
729 3082 824 3162 facto
839 3113 952 3190 super
964 3083 1155 3190 predictis,
1170 3112 1257 3160 cum
1270 3100 1463 3190 repertum
1479 3081 1592 3160 firerit
1606 3081 1750 3158 dictum

323 3216 510 3290 Horreum
537 3213 765 3292 sufficienter
791 3215 968 3321 probasse
997 3214 1136 3291 dietam
1163 3213 1500 3300 consuetudinem,
1527 3241 1596 3319 per
1623 3213 1749 3319 ipsum

323 3345 570 3453 propositam,
593 3363 632 3424 et
651 3345 793 3422 dictum
813 3347 1025 3424 Jobannem
1041 3345 1297 3422 intencionem
1316 3372 1421 3422 suam
1441 3343 1598 3420 minime
1613 3342 1751 3450 proba-

324 3479 433 3566 visse,
461 3477 563 3554 idem
588 3480 775 3568 Herveus,
797 3478 843 3555 ab
864 3476 1108 3583 impeticione
1131 3475 1300 3582 predicta
1321 3475 1411 3553 dicti
1435 3475 1642 3563 lobannis,
1658 3472 1753 3566 luit,

323 3609 509 3714 perdicto
530 3611 631 3686 curie
651 3626 778 3688 nostre
791 3607 1003 3719 judicium,
1023 3607 1231 3687 absolutus.

379 3738 555 3818 Mercurii
575 3757 660 3817 ante
680 3740 834 3818 Pascha,

380 3873 543 3978 Mangon
563 3873 776 3976 reportavit.

382 4135 469 4213 Llll.
501 4133 583 4212 Lite
611 4137 712 4210 mota
738 4133 836 4208 inter
860 4133 1054 4212 Matheum
1082 4134 1130 4211 de
1156 4135 1315 4223 Moaois,
1341 4133 1519 4222 militem,
1542 4148 1581 4210 et
1605 4131 1749 4209 dictum

324 4268 534 4358 Salebrase,
562 4265 781 4343 castellanos
805 4283 952 4344 nostros
975 4265 1236 4354 Karoli-Loci,
1259 4293 1304 4341 ex
1324 4280 1430 4371 parte
1449 4291 1540 4351 una,
1563 4277 1602 4338 ct
1619 4279 1750 4369 gentes

324 4397 645 4478 SanctiGolmerii
659 4427 700 4475 ac
710 4397 888 4475 officiales
899 4415 937 4475 et
948 4413 1078 4506 gentes
1091 4396 1239 4474 comitis
1248 4395 1392 4474 Foresii
1406 4393 1504 4471 dicte
1516 4390 1601 4467 ville
1612 4392 1751 4468 Sancti·

323 4530 508 4610 Golmerii
529 4547 567 4608 et
587 4530 634 4607 de
652 4528 846 4622 Chatelua,
864 4557 908 4606 er
920 4529 1052 4616 altera,
1067 4555 1183 4632 super
1197 4523 1488 4613 inobedientiis,
1506 4520 1653 4629 injuriis
1662 4583 1677 4612 ,.
1689 4550 1752 4600 ex-

324 4661 489 4740 cessibus
502 4679 540 4740 et
549 4661 743 4740 violenciis
755 4691 796 4740 ac
809 4661 985 4738 rescussis
996 4657 1224 4767 quibusdam
1236 4656 1342 4734 sactis
1351 4653 1560 4733 castellanis
1571 4653 1751 4760 predictis

311 4793 535 4900 agentibus
550 4810 588 4871 et
602 4793 825 4872 officialibus
841 4793 1032 4900 predictus
1042 4797 1066 4886 1,
1083 4819 1197 4868 suum
1212 4787 1380 4867 officium
1398 4784 1628 4893 sergenterie
1644 4812 1750 4864 exer-

324 4923 446 5000 cendo
466 4923 507 4998 in
526 4940 786 5033 contemptum
796 4924 962 5032 jurium,
979 4942 1024 5000 ut
1043 4920 1194 5008 dicitur,
1210 4936 1249 4998 et
1264 4917 1472 5023 dampnum
1487 4916 1657 5024 ipsorum
1673 4943 1750 4992 cas-

365 5096 375 5127 ¹
398 5097 482 5160 Lisez
495 5097 630 5180 predictis.
