4450 6209
779 666 1069 787 'evocares
1096 686 1162 759 ur
1188 668 1396 759 raucas.
1735 690 1809 763 aas

389 846 597 909 curatorem
617 821 761 909 abbatis
781 847 820 907 ct
838 847 1042 907 conventus
1062 827 1405 907 Sanan-Salvatoris
1429 826 1476 904 de
1493 826 1722 918 Vartutibus,
1743 853 1812 934 per
1841 841 1973 894 Parnm
1991 839 2035 902 tv,

388 961 492 1069 quod
510 962 580 1067 ipsi
600 986 818 1067 processum
834 960 1006 1037 habitum
1025 959 1219 1037 corameis
1235 959 1490 1036 interdictum
1508 957 1749 1048 Morandum,
1768 988 1812 1036 ex
1910 932 1974 979 Μ

388 1119 462 1168 una
487 1108 607 1199 parte,
621 1107 669 1167 et
686 1089 890 1197 quemdam
910 1090 1027 1167 alium
1047 1106 1331 1196 procuratorem
1349 1089 1615 1167 tantummodo
1639 1088 1730 1166 dicti
1749 1090 1814 1167 ab·

387 1222 498 1315 batis,
525 1222 666 1327 absque
686 1220 810 1327 sigillo
836 1221 925 1298 dicti
946 1238 1169 1312 conventus,
1191 1248 1237 1295 er
1257 1220 1390 1311 altera,
1412 1242 1592 1327 supereo
1612 1222 1717 1328 quod
1735 1221 1815 1298 die-

387 1370 448 1429 tus
461 1352 665 1432 Morandus
684 1352 785 1429 bona
804 1352 1026 1457 temporalia
1047 1352 1136 1429 dicti
1157 1350 1375 1430 monasterii
1394 1351 1548 1456 petebat
1565 1380 1634 1457 pro
1653 1351 1815 1458 quadam

388 1512 536 1561 summa
555 1483 716 1588 pecunie
736 1480 846 1560 vendi
868 1499 907 1560 et
927 1481 1144 1590 explectari,
1164 1481 1265 1559 dicto
1285 1462 1428 1561 Milone
1445 1499 1683 1588 proponente
1703 1483 1816 1560 admi-

388 1614 653 1692 nistracionem
687 1613 877 1692 bonorum
908 1613 996 1691 dicti
1024 1613 1241 1693 monasterii
1272 1612 1401 1691 debito
1430 1614 1548 1708 modo
1577 1614 1814 1690 interdictam

388 1744 502 1823 luisse
522 1744 646 1824 abbati
667 1744 837 1851 predicto
857 1772 902 1821 eo
922 1760 1192 1851 temporeque
1212 1744 1337 1819 dictus
1355 1744 1562 1822 Morandus
1581 1744 1816 1850 proponebat

389 1878 573 1953 actionem
593 1876 665 1951 sibi
691 1875 807 1953 luisse
833 1876 1019 1982 quesitam
1047 1892 1176 1952 contra
1195 1873 1342 1951 dictum
1361 1873 1536 1953 abbatem
1556 1873 1714 1951 athena
1732 1903 1815 1951 mo-

388 2008 537 2085 nasterii
555 2006 729 2111 predicti,
751 2004 1096 2112 pronunciaverunt
1121 2022 1250 2083 tenere
1277 2022 1315 2081 et
1332 2004 1454 2081 volere
1480 2004 1814 2084 nonobstantibus

387 2136 603 2217 racionibus
622 2137 711 2213 dicti
732 2136 900 2224 Milonis,
923 2153 961 2213 et
979 2137 1018 2212 in
1040 2136 1176 2213 eodem
1195 2164 1374 2241 processu
1394 2136 1535 2213 debere
1554 2136 1715 2215 ulterius
1729 2166 1815 2241 pro-

387 2268 486 2361 cedi,
506 2267 719 2347 secundum
738 2268 907 2345 raciones
932 2284 970 2342 et
993 2265 1087 2343 sacta
1112 2267 1305 2371 proposita
1323 2266 1365 2341 in
1383 2267 1684 2354 eodem;.dictus
1702 2268 1811 2357 Milo,

386 2415 618 2506 procurator,
640 2414 832 2503 tamquam
852 2424 873 2471 a
892 2395 984 2472 falso
1006 2412 1046 2472 et
1062 2423 1190 2501 pravo,
1214 2397 1262 2471 ad
1281 2412 1447 2473 nostram
1471 2397 1613 2474 curiam
1632 2396 1815 2502 appellas-

387 2547 445 2619 set
462 2562 470 2604 ι
490 2528 640 2605 Auditis
661 2527 699 2603 in
722 2552 830 2605 causa
851 2525 950 2603 dicte
971 2525 1239 2632 appellacionis
1258 2526 1427 2632 partibus
1446 2525 1657 2616 antedictis,
1677 2543 1715 2603 et
1727 2528 1813 2603 visis

387 2658 624 2768 processibus
645 2675 683 2735 et
697 2656 866 2765 judicato
886 2656 1079 2763 predictis,
1098 2684 1168 2763 per
1182 2657 1286 2733 curie
1303 2672 1430 2733 nostre
1440 2655 1647 2762 judicium,
1670 2656 1812 2735 dictum
1878 2651 1885 2663 ’

386 2791 460 2868 fuit
480 2808 518 2867 et
535 2790 827 2897 pronunciatum
847 2786 969 2865 dictos
993 2788 1169 2865 custodes
1190 2788 1287 2864 male
1303 2787 1508 2893 judicasse,
1531 2804 1570 2863 et
1588 2788 1732 2864 dictum
1747 2789 1814 2866 Mi·

389 2923 515 2999 lonem
536 2919 634 2998 bene
654 2918 881 3027 appellasse,
904 2916 1002 2995 salva
1021 2919 1218 3025 principali
1238 2919 1437 3026 questione
1453 2917 1625 2997 Morandi
1639 2918 1812 3024 predicti.

445 3052 600 3131 Veneris
619 3068 704 3128 ante
726 3050 959 3127 Nativitatem
978 3049 1146 3126 Domini.
1665 3022 1678 3045 ⁹

444 3182 633 3260 Dominus
650 3183 682 3259 J.
705 3180 752 3259 de
772 3181 894 3260 Vcissi
913 3179 1129 3285 reportavit.

443 3448 553 3524 XXX.
586 3446 708 3553 Super
728 3470 772 3525 ec
799 3444 920 3553 quod,
946 3470 990 3525 ex
1013 3460 1119 3552 parte
1139 3441 1295 3535 Mathai,
1319 3445 1399 3524 Ade
1420 3463 1457 3523 et
1475 3444 1673 3531 lobannis,
1695 3443 1814 3521 dicto·
1886 3472 1892 3483 ·

388 3604 473 3655 rum
493 3578 721 3685 Malequins,
746 3578 922 3669 fratrum,
951 3578 997 3656 de
1020 3578 1375 3671 Sancto-Quintino,
1398 3594 1436 3655 et
1453 3576 1707 3684 quorumdam
1726 3576 1813 3652 ami-

389 3735 520 3787 corum
536 3738 711 3799 suorum,
729 3708 866 3787 ballivo
879 3708 1170 3789 Viromandensi
1189 3708 1312 3786 luerat
1333 3700 1604 3787 denunciatum
1620 3708 1724 3814 quod
1742 3736 1814 3784 mn

384 3842 447 3947 jor
461 3856 499 3917 et
512 3841 628 3947 jurati
645 3842 732 3918 ville
749 3840 1064 3935 Sancti-Quintini
1084 3841 1125 3917 in
1139 3840 1382 3921 Viromandia
1402 3868 1470 3946 per
1488 3868 1577 3917 suos
1595 3840 1812 3926 servientes,

389 3988 427 4047 et
447 3972 563 4049 eciam
583 3973 651 4080 ipsi
673 3974 874 4053 servientes
894 3972 941 4051 de
961 3989 1139 4080 precepto
1159 3990 1199 4051 et
1216 3971 1409 4051 voluntate
1427 3970 1666 4059 eorumdem,
1687 3970 1816 4075 plures

388 4102 589 4183 violencias
609 4123 648 4183 et
664 4107 821 4212 injurias
841 4106 985 4183 eisdem
1009 4120 1046 4183 et
1069 4106 1116 4181 de
1138 4121 1247 4182 nocte
1268 4102 1490 4196 intulerant,
1512 4131 1654 4209 eosque
1672 4101 1815 4177 violen⁴

387 4252 447 4311 ter
467 4252 504 4313 et
523 4238 603 4313 sine
623 4264 732 4313 causa
750 4236 966 4313 racionabili
987 4254 1181 4341 ceperant,
1203 4253 1241 4313 et
1259 4234 1326 4312 diu
1345 4251 1544 4313 tenuerant
1563 4232 1699 4309 carceri
1714 4260 1814 4307 man·

390 4366 546 4473 cipetos,
561 4368 600 4443 in
617 4365 829 4474 cujusmodi
847 4364 1022 4470 capcione
1034 4362 1229 4455 Colinum,
1241 4364 1466 4442 eorumdem
1478 4361 1680 4449 famulum,
1698 4362 1814 4437 inter⁴
1839 4392 1843 4398 ·

389 4496 575 4587 fecerant,
597 4496 828 4605 requirendo
852 4492 1021 4600 predicta
1044 4494 1274 4573 sufficienter
1294 4493 1486 4572 emendari
1511 4510 1551 4570 et
1572 4491 1718 4599 puniri,
1741 4492 1813 4569 hoc

391 4627 494 4706 idem
513 4629 741 4735 quibusdam
757 4626 885 4705 amicis
906 4625 995 4703 dicti
1016 4625 1142 4705 Colini
1163 4624 1378 4731 petentibus
1398 4642 1437 4701 et
1454 4623 1756 4731 requirentibus3
1779 4642 1816 4703 et

393 4784 413 4832 e
433 4776 562 4835 contra
578 4760 666 4838 dicti
682 4759 814 4867 major,
828 4757 943 4865 jurati
962 4773 1002 4833 et
1020 4756 1238 4844 servientes,
1254 4755 1376 4832 adsui
1393 4753 1671 4846 defensionem,
1690 4754 1815 4862 plures

390 4889 656 4995 proponebant
673 4892 857 4977 raciones,
879 4888 1022 4965 litteras
1042 4886 1489 4967 officialis-Noviomensis
1512 4887 1747 4979 exhibentes,
1769 4885 1815 4962 ad

391 5020 501 5129 cujus
524 5020 1004 5128 officialisrequisicionem
1030 5038 1068 5099 et
1092 5019 1311 5099 mandatum
1333 5021 1404 5125 ipsi
1430 5018 1604 5099 dicebaut
1631 5016 1816 5124 predictos
