4450 6209
509 737 578 807 160
1085 735 1174 808 LES
1206 733 1349 808 OLlM.

278 888 465 950 Pernrrrrlv,
506 875 634 954 eundo
660 905 747 954 cum
776 877 965 955 mercibus
994 877 1071 954 §llis
1095 905 1165 984 Pel*
1189 876 1270 954 100³
1293 874 1477 982 predicta’
1503 875 1636 983 majori
1657 889 1694 952 et
1718 877 1928 952 communie

341 982 405 1024 ’Μ’
506 1007 685 1116 predictis
705 1010 908 1087 dimidium
926 1027 1132 1087 traversum
1153 1009 1296 1086 solvere
1316 1019 1529 1086 teneantur.

562 1140 740 1218 Mercurii
760 1157 846 1247 post
863 1139 1127 1217 Invencionem
1148 1141 1282 1220 Sancte
1301 1139 1444 1218 Crucis.

561 1405 603 1481 V.
636 1405 733 1482 Cum
752 1405 857 1511 prior
875 1401 1392 1510 Sancti-Germani·in-Laya
1417 1417 1646 1509 proponeret
1673 1429 1799 1480 coram
1825 1401 1931 1480 nobis

503 1535 683 1650 quodxex
712 1535 956 1614 edificacione
986 1535 1205 1613 monasterii
1235 1535 1335 1612 beati
1365 1534 1567 1626 Ludovici,
1602 1534 1707 1642 quod
1737 1535 1777 1610 in
1810 1534 1931 1612 clauso

505 1684 634 1744 nostro
658 1667 807 1744 Pissiaci
828 1666 985 1746 lecimus
1005 1665 1191 1756 edificari,
1217 1666 1320 1744 idem
1340 1667 1444 1775 prior
1463 1666 1503 1742 in
1523 1665 1669 1744 decime
1693 1695 1760 1744 sue
1780 1695 1933 1773 percep·

505 1799 612 1875 cione
637 1800 846 1907 dampnum
870 1827 948 1876 non
974 1799 1170 1876 modicum
1195 1799 1424 1889 sustinebat,
1456 1827 1498 1876 ac
1520 1815 1667 1905 peteret
1685 1797 1757 1876 sibi
1778 1816 1818 1876 et
1836 1799 1933 1905 prio-

505 1930 602 2006 ratui
632 1958 722 2021 suo,
754 1931 903 2008 racione
931 1929 1128 2038 cujusdam
1149 1929 1307 2039 judicati
1334 1959 1449 2037 super
1475 1931 1548 2008 hoc
1574 1929 1663 2008 alias
1692 1959 1762 2037 per
1793 1929 1933 2007 curiam

505 2079 673 2138 nostram
696 2061 801 2151 facti,
829 2061 902 2139 sibi
927 2061 1010 2140 fieri
1034 2089 1149 2169 super
1173 2063 1246 2139 hoc
1269 2062 1665 2168 recompensacionem
1686 2062 1931 2168 condignam,

477 2195 482 2202 ’
506 2192 766 2270 commisimus
791 2193 984 2301 preposito
1005 2211 1135 2272 nostro
1159 2193 1356 2272 Parisiensi
1376 2193 1482 2302 quod
1501 2221 1616 2300 super
1634 2193 1744 2271 dictis
1764 2191 1934 2299 dampnis

505 2340 544 2399 et
562 2323 731 2431 predicta
750 2326 1103 2432 recompensacione
1128 2323 1317 2416 facienda,
1339 2327 1418 2405 viso
1438 2323 1540 2403 dicto
1554 2325 1724 2434 judicato
1744 2342 1782 2402 et
1800 2325 1934 2402 vocatis

505 2455 607 2532 dicto
626 2455 765 2563 priore,
786 2474 1029 2565 procuratore
1049 2473 1180 2535 nostro
1201 2475 1239 2535 et
1259 2457 1341 2534 aliis
1362 2457 1571 2546 evocandis,
1593 2456 1795 2563 diligenter
1813 2456 1934 2562 inqui-

503 2605 604 2664 reret
622 2587 837 2666 veritetemz
853 2588 951 2669 Visis
968 2588 1085 2696 igitur
1105 2589 1279 2697 inquesta
1291 2618 1406 2697 snper
1422 2590 1495 2666 lroc
1511 2589 1602 2666 lacta
1619 2605 1657 2666 et
1668 2587 1839 2697 judicato
1854 2615 1934 2693 pre-

506 2719 623 2809 dicto,
646 2720 967 2826 consideratisque
992 2721 1171 2799 omnibus
1196 2751 1270 2828 que
1297 2738 1463 2798 nostram
1489 2720 1629 2798 curiam
1655 2747 1806 2796 movere
1831 2735 1934 2826 pote·

504 2867 588 2924 rant
607 2867 645 2924 et
664 2849 875 2940 debebant,
897 2879 966 2957 per
987 2851 1090 2929 curie
1110 2871 1238 2930 nostre
1254 2851 1444 2960 judicium
1464 2851 1609 2929 dictum
1629 2850 1702 2928 suit
1725 2877 1796 2927 nos
1813 2849 1932 2928 teneri

507 2978 608 3054 dicto
638 2979 778 3084 priori,
809 2981 961 3058 racione
985 2982 1351 3089 recompensacionis
1375 2983 1560 3090 predicte,
1589 2982 1628 3058 in
1656 2998 1800 3088 septem
1831 2981 1932 3058 libris

506 3108 777 3188 Parisiensibus
801 3112 916 3190 annui
942 3131 981 3190 et
1006 3114 1180 3221 perpetui
1200 3116 1371 3192 redditus
1394 3114 1668 3222 persolvendis,
1691 3129 1730 3189 ct
1748 3114 1788 3189 in
1806 3112 1929 3221 viginti

507 3270 582 3319 una
601 3241 708 3322 libris
725 3273 795 3351 pro
815 3246 1009 3354 arreragiis
1029 3245 1128 3324 dicte
1148 3246 1293 3326 decime
1313 3249 1428 3326 trium
1445 3276 1630 3326 annorum
1643 3245 1842 3327 novissime
1856 3273 1932 3352 pre

505 3389 717 3452 tentorum.

560 3507 662 3584 Jovis
679 3525 766 3612 post
784 3509 1048 3588 Invencionem
1068 3513 1203 3589 Sancte
1224 3511 1368 3590 Crucis.

563 3772 624 3848 Vl.
656 3770 753 3849 Cum
769 3772 959 3852 Joha'nnes
973 3776 1020 3852 de
1037 3776 1366 3866 Sancto-Maltino,
1385 3807 1623 3857 commorans
1638 3779 1740 3886 apud
1755 3777 1933 3858 Montem-

508 3901 614 4006 Argi,
635 3929 704 4009 pro
724 3903 937 4010 suspicione
954 3906 1045 3984 salse
1061 3926 1231 4002 monete,
1249 3910 1296 3987 ad
1312 3913 1564 4018 quorumdam
1579 3911 1931 3998 denunciacionem‚

508 4050 724 4140 pergentes
743 4053 889 4114 nostras
909 4057 1055 4145 captus,
1077 4069 1117 4118 se
1137 4070 1253 4148 super
1269 4043 1342 4120 hoc
1363 4044 1619 4151 supposuisset
1638 4043 1827 4151 inqueste,
1849 4043 1934 4120 feci-

509 4191 593 4240 mus
617 4192 733 4270 super
760 4165 833 4243 hoc
857 4170 1048 4247 veritatem
1068 4170 1229 4278 inquiri,
1250 4173 1388 4250 vocatis
1408 4175 1455 4252 ad
1480 4175 1552 4252 hoc
1578 4192 1615 4252 et
1639 4175 1777 4252 auditis
1800 4173 1932 4253 ballivo

508 4296 767 4375 Aurelianensi
793 4316 831 4377 et
855 4304 1048 4408 preposito
1076 4303 1339 4413 Montis-Argi,
1363 4307 1402 4383 in
1422 4307 1689 4413 prosecucione
1709 4309 1856 4414 negocii
1876 4337 1934 4384 su-

508 4427 685 4531 pradicti,
709 4446 746 4506 et
768 4429 920 4508 interim
942 4434 1086 4511 dictum
1105 4435 1317 4512 Johannem
1339 4437 1483 4515 recredi
1502 4438 1610 4520 :Visa
1632 4438 1746 4546 igitur
1764 4439 1933 4544 inquesta

508 4585 622 4662 super
640 4559 713 4637 hoc
732 4560 843 4653 facta,
872 4567 975 4641 curia
994 4583 1120 4643 nostra
1146 4566 1290 4642 dictum
1314 4567 1524 4646 Johannem
1550 4597 1665 4677 super
1688 4569 1761 4646 hoc
1787 4586 1935 4646 senten-

511 4686 653 4765 cialiter
672 4691 848 4784 absolvit,
872 4696 1037 4773 eundem
1056 4697 1269 4775 Johannem
1294 4717 1332 4777 et
1355 4698 1455 4778 bona
1475 4701 1609 4808 ipsius,
1632 4701 1782 4779 racione
1807 4701 1936 4808 hujus-

510 4819 615 4896 modi
649 4823 720 4898 sub
747 4827 984 4903 recredencia
1015 4829 1206 4918 detentos,
1234 4859 1276 4906 ac
1305 4830 1385 4938 ejus
1416 4831 1656 4940 fidejussores
1681 4849 1837 4938 propter
1866 4831 1935 4907 hoc

511 4948 633 5042 datos,
655 4951 821 5030 totaliter
839 4954 1047 5035 liberando.

567 5079 667 5157 Jovis
685 5100 771 5188 post
789 5086 1052 5165 Invencionem
1075 5091 1209 5168 Sancte
1230 5092 1371 5170 Crucis.
