4450 6209
710 723 974 832 suousrns
1000 742 1063 815 cr
1089 698 1292 820 procus.
1354 684 1367 796 '.
1663 740 1712 818 ιι

288 882 424 964 nobis:
445 881 634 974 Τιιιάοιιι,
655 884 830 993 inquesta
847 911 961 993 super
965 886 1054 964 boc
1071 885 1183 980 facta,
1204 886 1279 964 visa
1299 904 1337 965 et
1357 886 1566 995 diligenter
1575 887 1715 966 exami-
1751 893 1881 949 anana
1894 896 1938 959 lv

286 1031 387 1103 nau
404 1014 500 1121 quia.
513 1014 708 1097 inventurn
728 1036 784 1097 est
804 1016 948 1097 dictum
961 1018 1129 1125 priorem
1144 1036 1185 1097 et
1199 1020 1281 1128 eJ'us
1295 1019 1586 1124 predecessores
1593 1018 1711 1098 fuisse
1813 988 1877 1031 ¹³⁰⁰
1939 1057 1943 1065 ·

287 1162 327 1223 et
345 1146 485 1226 essein
502 1148 736 1252 possessione
756 1149 815 1229 vel
833 1149 940 1257 quasi
962 1150 1061 1228 dicte
1076 1150 1228 1257 justicie
1245 1150 1378 1228 aiteet
1395 1149 1520 1241 basse,
1541 1167 1714 1258 tempore

235 1334 237 1339 -
289 1276 457 1384 quados
480 1278 539 1357 vel
567 1277 787 1365 dotaiiciurn
813 1282 912 1361 dicte
935 1281 1078 1391 Regine
1099 1281 1221 1359 extitit
1243 1281 1487 1390 assignatum,
1516 1310 1586 1389 per
1613 1283 1716 1359 curie
1819 1379 1823 1387 Ι

267 1500 273 1507 Ι
290 1426 416 1495 nostre
425 1409 633 1518 judicium,
649 1412 793 1491 dictum
814 1412 888 1491 suit
902 1430 942 1491 et
956 1413 1251 1519 pronunciatum
1263 1412 1479 1520 predictum
1494 1412 1662 1519 priorem
1681 1431 1719 1490 et

287 1526 375 1649 'ejas
388 1542 673 1647 predecessores
683 1568 766 1623 csse
780 1561 818 1623 et
830 1544 946 1623 fuisse
959 1544 999 1621 in
1011 1545 1249 1652 possessione
1262 1545 1323 1623 vel
1337 1545 1443 1652 qnasi
1457 1544 1556 1622 dicte
1567 1545 1719 1652 justicie

251 1732 254 1737 -
293 1674 374 1751 alte·
388 1689 428 1751 et
444 1672 552 1755 basse
576 1684 749 1783 tompore
774 1676 1007 1823 supradicto,
1030 1694 1069 1755 et
1093 1678 1199 1784 quod
1224 1676 1544 1783 impedimentum
1571 1701 1721 1753 amove-

145 1794 147 1797 ’
292 1804 407 1893 bitur,
424 1806 530 1913 quod
549 1806 676 1887 eidem
691 1808 825 1916 priori,
843 1810 1061 1916 super-bec,
1077 1809 1292 1917 prepositus
1306 1806 1522 1887 Parisiensis
1537 1834 1722 1916 apposue-

294 1953 350 2013 rat
369 1954 454 2041 post
474 1938 573 2017 dicte
591 1940 721 2077 regine
740 1941 939 2047 Margaritc
959 1940 1167 2024 decessum.
1777 1920 1781 1925 ‚

350 2069 480 2149 Mense
499 2068 719 2151 Januario.

351 2335 444 2417 XIV.
475 2336 801 2427 informaciones,
814 2338 896 2415 ad'
886 2336 1106 2415 instanciam
1131 2337 1285 2444 capituli
1310 2337 1566 2424 Carnotensis,
1593 2310 1723 2416 contr'a
1755 2340 1761 2347 ’

296 2464 479 2545 ballivum
493 2465 816 2545 Aurelianensem
843 2467 955 2555 sante,
979 2467 1131 2546 racione
1157 2468 1352 2575 cujusdam
1378 2465 1545 2544 bominis
1569 2465 1618 2543 de
1641 2492 1733 2543 cor

295 2624 406 2700 pore,
430 2595 507 2675 vise
526 2606 565 2673 et
583 2598 718 2702 perid.
737 2596 958 2704 Pasquirion
979 2596 1168 2703 reportate
1187 2596 1235 2672 ad
1255 2598 1308 2675 Μ.
1323 2574 1514 2673 Andrearn
1526 2595 1724 2679 Pocheron
1808 2640 1814 2652 ι

298 2743 335 2803 et
354 2728 386 2806 J
405 2726 457 2814 de
472 2720 728 2835 Montigniaco
748 2728 866 2821 solos,
888 2728 1038 2806 invente
1054 2727 1209 2805 suerunt
1227 2755 1297 2834 per
1313 2754 1379 2807 eos
1394 2728 1521 2805 minus
1536 2725 1725 2805 sufficien-

297 2873 356 2937 ter
374 2854 469 2937 facte
490 2875 528 2936 et
542 2858 798 2967 judicandas
787 2887 865 2938 non
885 2888 979 2937 esse.
1000 2858 1106 2937 Istud
1125 2864 1205 2937 ιιοιι
1228 2857 1301 2938 fuit
1326 2857 1636 2966 pronunciatum,
1653 2857 1725 2934 sed
1843 2909 1847 2915 -

299 2988 528 3096 quibasdam
548 2990 597 3067 dc
617 2984 782 3095 capitulo
802 2990 946 3069 dictum
967 2991 1015 3067 nd
1034 3008 1191 3098 partem.
1265 3066 1267 3068 ,
1323 3006 1327 3016 ’
1456 3005 1460 3015 “
1494 3011 1499 3028 ·

357 3121 521 3200 sabbato
541 3136 626 3197 ante
639 3110 832 3199 Sanctum·
820 3121 1070 3228 ·Gregonium.
1092 3123 1140 3200 Et
1159 3122 1252 3199 dixit
1271 3116 1386 3198 michi
1407 3112 1530 3199 dictam
1548 3120 1611 3196 Jo.
1622 3120 1729 3226 quod

302 3254 350 3331 de
369 3255 443 3333 boc
462 3279 539 3331 non
556 3251 720 3361 iacerem
737 3252 910 3329 litteram
921 3252 1045 3329 alicui.
1324 3286 1328 3292 ·

359 3518 436 3599 XV.
453 3518 556 3597 ‚viss
567 3516 747 3626 dequesta
760 3514 855 3625 iacta
874 3517 923 3595 ad
942 3516 1164 3595 instanciam
1186 3513 1354 3625 magistri
1370 3512 1527 3592 Giraudi
1548 3511 1596 3588 de
1616 3510 1730 3591 Malo

304 3650 495 3727 bbontezet
510 3648 661 3728 domini
682 3648 730 3726 ds
751 3648 917 3758 Tyarno‚
940 3676 1076 3727 erum
1101 3665 1222 3755 parte,
1245 3633 1375 3724 contra
1394 3642 1575 3724 bailivum
1595 3642 1729 3721 Arver-

303 3784 383 3873 nis,
405 3807 474 3888 pro
500 3778 628 3870 nobis,
650 3796 689 3857 ct
712 3780 888 3871 abbatem
914 3781 962 3857 de
988 3776 1157 3888 Tyerno,
1179 3806 1224 3855 ex
1249 3778 1338 3866 alia,
1365 3804 1479 3883 super
1502 3772 1731 3881 quibusdam

306 3910 504 3991 desaisinis
517 3928 557 3989 et
572 3910 814 4005 novitatibus,
837 3928 880 3989 ut
897 3900 1105 3999 dicebatur,
1121 3908 1227 3985 factis
1242 3936 1311 4015 per
1331 3907 1476 3985 dictum
1494 3894 1677 3983 bailivum
1692 3903 1733 3979 in

303 4061 425 4121 castro
444 4060 484 4129 et
501 4042 712 4121 castellania
734 4042 782 4123 ds
796 4042 962 4150 Tyerno,
982 4040 1145 4149 visisque
1160 4039 1376 4119 nacionibus
1390 4038 1430 4114 in
1445 4036 1542 4113 dicta
1558 4036 1733 4143 inquesta

304 4176 513 4267 contentis,
531 4174 833 4255 sumusnostra
851 4173 1034 4280 registris,
1050 4200 1119 4280 per
1128 4171 1256 4280 ipsius
1270 4170 1372 4249 curie
1382 4159 1729 4288 nostre‘ju'dicinm,

304 4312 483 4418 inquesta
501 4308 670 4417 predicta
689 4305 763 4413 fuit
780 4300 948 4383 totaliter
966 4301 1151 4411 anulletu-
1211 4352 1217 4361 -
1367 4335 1383 4359 ·-
1511 4320 1514 4327 ·

368 4441 532 4523 Sabbato
551 4457 637 4551 post
654 4436 915 4547 Epiphaniam.
1277 4422 1282 4432 ’

368 4711 460 4791 XVI.
493 4700 983 4793 Senescnllo-Ruthenensi,
1004 4685 1494 4792 salutema³Querimoniam
1513 4690 1614 4769 Petri
1632 4690 1736 4769 Tho·

303 4842 433 4923 {osani
454 4842 503 4919 de
526 4839 695 4919 Petruzia
709 4826 948 4944 recepimus,
970 4832 1230 4914 continentem
1252 4824 1361 4939 quod
1383 4821 1589 4929 cumipse,
1611 4821 1657 4897 in·
1672 4822 1739 4897 ha-

303 4976 397 5054 bitu
411 4958 572 5051 clericali
587 4958 763 5059 existens,
777 4985 905 5074 captus
920 4959 1053 5041 suisset
1066 4977 1105 5039 et
1119 4961 1159 5037 in
1167 4958 1380 5040 carceribus
1391 4953 1736 5041 nostrisde'ientus,

305 5108 405 5184 licet
424 5100 610 5189 indebite,
633 5100 790 5178 curiales
808 5094 927 5175 nostri
947 5092 1221 5204 Vilis-Nove-et
1234 5089 1297 5167 a'lii
1312 5086 1455 5165 inimici
1470 5084 1546 5177 sui,
1564 5082 1739 5162 videlicet

423 5280 475 5320 scs
496 5278 578 5322 οιιιι.
604 5276 648 5319 ιιι.
1594 5260 1611 5320 7
