4450 6209
478 736 550 812 too
1056 734 1148 810 ans
1178 695 1337 809 omn(

253 894 436 957 Persuasit.
477 884 567 959 item
590 881 695 989 quod
715 882 763 959 de
788 878 1129 958 consuetudinibus
1149 876 1352 985 propositis
1378 876 1419 953 in
1438 875 1548 953 dictis
1567 873 1750 963 articulis,
1772 875 1902 983 inqui·

313 988 376 1030 1300.

478 1029 584 1089 retur
604 1030 719 1118 prout
741 1029 798 1088 est
814 1027 1048 1087 consuetum.

441 1210 446 1217 .
536 1142 665 1220 Martis
684 1160 770 1248 post
788 1140 935 1217 octabas
955 1138 1176 1246 Epiphania.

535 1272 582 1350 G.
604 1273 650 1349 de
670 1274 765 1349 Usco
785 1270 997 1376 reportavit.

532 1404 769 1481 Pacificatum
790 1418 856 1479 est,

531 1669 622 1745 Xlll.
645 1666 727 1745 Lite
743 1684 862 1757 mota,
880 1696 1004 1745 coram
1018 1669 1210 1775 preposito
1220 1668 1442 1757 Parisiense,
1456 1664 1739 1745 interbomin'es
1752 1666 1800 1743 de
1811 1667 1904 1744 Bru·

479 1827 574 1906 nayo
595 1815 633 1875 et
652 1800 776 1904 ipsum
795 1798 1048 1905 prepositum,
1070 1799 1225 1876 nomine
1240 1816 1387 1886 nostro,
1410 1826 1455 1875 ex
1468 1826 1543 1876 una
1563 1813 1686 1905 parte,
1708 1814 1745 1873 et
1758 1795 1902 1875 lohan-

478 1958 567 2006 nem
581 1929 629 2008 de
640 1930 764 2037 Soysi,
777 1929 955 2020 militem,
972 1958 1015 2007 ex
1028 1930 1160 2019 altera,
1175 1958 1350 2038 supereo
1364 1927 1571 2037 quod'dicti
1586 1928 1761 2008 homines
1776 1955 1903 2005 eoram

477 2060 560 2165 ipso
574 2061 765 2166 preposito
781 2061 1045 2170 proponebant
1057 2062 1162 2169 quod
1179 2060 1302 2139 dictus
1314 2061 1443 2151 miles,
1461 2060 1500 2136 in
1518 2075 1693 2139 nostrum
1708 2075 1903 2164 contemp·

475 2208 557 2268 tum
587 2209 625 2267 et
648 2191 837 2271 dictorum
862 2192 1064 2270 hominum
1091 2192 1295 2282 lesionem,
1324 2217 1479 2269 manum
1501 2205 1685 2279 nostram,
1709 2189 1750 2265 in
1773 2189 1900 2276 bonis,

477 2320 592 2399 rebus
611 2338 649 2399 et
661 2322 884 2429 corporibus
904 2323 1105 2401 hominum
1121 2323 1380 2429 predictorum
1400 2319 1901 2429 appositan1‚inf1ingendo,

477 2452 583 2558 plura
604 2454 815 2561 gravamina
834 2455 886 2531 eis
908 2453 1089 2532 intulerat
1111 2452 1282 2533 inbonis
1302 2471 1345 2531 et·
1358 2453 1474 2533 rebus
1494 2481 1647 2542 eorum,
1667 2449 1904 2557 requirentes

476 2584 661 2689 predicta,
681 2601 760 2663 tam
778 2584 889 2663 nobis
909 2614 1022 2691 quam
1043 2583 1131 2677 sibi,
1152 2584 1363 2675 emendari,
1385 2584 1488 2663 dict'o
1507 2584 1628 2661 milite
1647 2582 1777 2690 plures
1792 2581 1906 2661 racio

478 2743 560 2806 nes,
582 2717 621 2791 in
641 2734 826 2822 quantum
845 2715 984 2795 sactum
1002 2716 1224 2824 hujusmodi
1242 2745 1315 2794 nos
1335 2734 1489 2823 tangere
1508 2734 1676 2824 poterat,
1699 2715 1748 2792 ad
1765 2714 1825 2793 sui
1841 2716 1906 2794 de·

478 2844 686 2923 sensionem
709 2848 749 2922 in
774 2850 1004 2925 contrarium
1028 2864 1283 2954 proponente,
1303 2865 1488 2954 quantum
1509 2866 1638 2951 tamen
1660 2847 1710 2925 ad
1732 2845 1906 2925 homines

479 2975 684 3079 predictos,
708 2974 834 3054 lorum
856 2977 946 3055 dicti
965 2977 1148 3084 prepositi
1170 2977 1382 3057 declinante
1408 2996 1457 3068 at,
1470 2978 1590 3057 eciam
1608 2994 1761 3085 patente
1787 3004 1828 3055 se
1848 3005 1906 3054 re·

480 3106 578 3183 mitti
597 3107 644 3184 ad
667 3107 791 3185 lorum
813 3108 993 3215 prepositi
1008 3108 1194 3199 Corbolii,
1222 3110 1294 3187 sub
1314 3110 1421 3219 cujus
1436 3109 1700 3216 jurisdictione
1727 3105 1807 3215 ipse
1827 3124 1907 3185 erat

479 3237 620 3316 cubans
635 3253 673 3314 et
684 3238 827 3327 levans,
843 3265 957 3344 super
970 3238 1042 3315 hoc
1052 3239 1117 3347 jus
1131 3238 1203 3317 sibi
1218 3237 1301 3317 fieri
1314 3268 1335 3315 a
1347 3238 1449 3317 dicto
1463 3239 1654 3345 preposito
1669 3238 1903 3346 requirente,

478 3368 581 3450 idem
601 3370 830 3476 prepositus,
851 3370 937 3448 visis
954 3388 991 3447 et
1009 3369 1188 3477 inspectis
1205 3370 1441 3476 processibus
1459 3371 1656 3477 utriusque
1675 3368 1806 3477 partis,
1820 3396 1906 3477 pro-

480 3499 669 3579 nunciavit
688 3500 795 3608 quod
814 3499 937 3579 dictus
956 3500 1183 3590 miles,‘non
1203 3499 1439 3579 obstantibus
1457 3528 1526 3606 per
1542 3499 1667 3609 ipsum
1685 3499 1902 3607 propositis,

480 3659 604 3708 coram
616 3630 697 3737 ipso
708 3632 910 3709 tenebatur
920 3660 1034 3737 super
1048 3632 1228 3709 omnibus
1241 3631 1420 3737 predictis
1428 3648 1558 3709 contra
1572 3631 1696 3737 ipsum
1705 3631 1905 3738 propositis

481 3760 728 3866 respondere,
741 3761 807 3866 qui
820 3760 928 3839 miles
940 3790 961 3839 a
974 3761 1075 3838 dicto
1081 3761 1269 3869 judicato,
1282 3778 1473 3869 tamquam
1486 3762 1579 3841 falso
1591 3780 1630 3839 et
1638 3762 1827 3869 pravo,ad
1835 3789 1905 3840 nos

480 3888 676 3995 appellavit
687 3920 696 3964 ε
709 3888 858 3967 Auditis
868 3892 983 4001 igitur
993 3890 1102 3969 dictis
1115 3892 1284 3997 partibus
1296 3893 1335 3971 in
1347 3920 1457 3971 causa
1466 3891 1732 4000 appellacionis
1740 3892 1905 4000 predicte

480 4038 518 4097 et
536 4019 622 4098 visis
640 4019 876 4127 processibus
896 4039 934 4100 et
953 4022 1168 4102 rationibus
1191 4025 1392 4133 utriusque
1416 4026 1546 4133 partis,
1568 4053 1611 4101 ae
1632 4024 1799 4131 inspecta
1817 4052 1907 4103 con·

481 4152 643 4231 nexitate
661 4182 771 4231 cause
787 4154 971 4261 predicte,
995 4183 1070 4262 que
1093 4172 1149 4234 est
1170 4156 1270 4234 inter
1291 4157 1490 4236 dominum
1509 4160 1650 4265 Regem
1675 4173 1714 4233 et
1732 4156 1906 4235 homines

481 4282 685 4389 predictos,
703 4285 883 4391 percurie
903 4303 1029 4365 nostre
1039 4286 1244 4394 judicium,
1262 4288 1407 4366 dictum
1421 4286 1497 4367 fuit
1511 4286 1724 4397 predictum
1742 4286 1908 4393 preposi-

479 4429 562 4490 tum
578 4412 677 4492 bene
688 4414 891 4523 judicasse,
909 4433 947 4493 et
965 4403 1109 4495 dictum
1121 4417 1395 4497 militemmale
1410 4416 1634 4524 appellasse,
1652 4435 1689 4495 et
1703 4417 1808 4523 quod
1827 4417 1905 4523 ipse

482 4545 554 4622 hoc
574 4545 801 4625 emendabit.

537 4675 667 4751 Martis
686 4690 772 4781 post
791 4677 940 4755 octabas
953 4678 1174 4785 Epiphania.

537 4806 587 4879 M.
609 4808 647 4880 P.
671 4806 718 4883 de
737 4808 940 4915 Arreblayo
954 4812 1172 4916 reportavit.

541 4933 723 5012 Redditus
743 4936 815 5014 fuit
826 4938 902 5018 iste
921 4969 1116 5047 processus
1135 4944 1326 5050 preposito
1345 4945 1555 5025 Parisiensi.
