<?xml version="1.0" encoding="UTF-8"?>
<!DOCTYPE html PUBLIC "-//W3C//DTD XHTML 1.0 Transitional//EN"
    "http://www.w3.org/TR/xhtml1/DTD/xhtml1-transitional.dtd">
<html xmlns="http://www.w3.org/1999/xhtml" xml:lang="en" lang="en">
 <head>
  <title>
</title>
<meta http-equiv="Content-Type" content="text/html;charset=utf-8" />
  <meta name='ocr-system' content='tesseract 3.04.00' />
  <meta name='ocr-capabilities' content='ocr_page ocr_carea ocr_par ocr_line ocrx_word'/>
</head>
<body>
  <div class='ocr_page' id='page_1' title='image "./lesolimouregist00parigoog_0547.png"; bbox 0 0 4450 6209; ppageno 0'>
   <div class='ocr_carea' id='block_1_1' title="bbox 510 732 1354 813">
    <p class='ocr_par' dir='ltr' id='par_1_1' title="bbox 510 732 1354 813">
     <span class='ocr_line' id='line_1_1' title="bbox 510 732 1354 813; baseline -0.007 -2"><span class='ocrx_word' id='word_1_1' title='bbox 510 736 584 813; x_wconf 70' lang='lat'>115⁰</span> <span class='ocrx_word' id='word_1_2' title='bbox 1092 734 1183 812; x_wconf 76' lang='lat' dir='ltr'>bE8</span> <span class='ocrx_word' id='word_1_3' title='bbox 1215 732 1354 809; x_wconf 81' lang='lat' dir='ltr'>Oblll.</span> 
     </span>
    </p>
   </div>
   <div class='ocr_carea' id='block_1_2' title="bbox 284 873 1933 985">
    <p class='ocr_par' dir='ltr' id='par_1_2' title="bbox 284 873 1933 985">
     <span class='ocr_line' id='line_1_2' title="bbox 284 873 1933 985; baseline 0 -28"><span class='ocrx_word' id='word_1_4' title='bbox 284 888 469 951; x_wconf 62' lang='lat' dir='ltr'>renuerit,</span> <span class='ocrx_word' id='word_1_5' title='bbox 509 880 611 969; x_wconf 84' lang='lat' dir='ltr'>date,</span> <span class='ocrx_word' id='word_1_6' title='bbox 626 880 676 957; x_wconf 84' lang='lat' dir='ltr'>in</span> <span class='ocrx_word' id='word_1_7' title='bbox 697 877 854 959; x_wconf 84' lang='lat' dir='ltr'>decimis</span> <span class='ocrx_word' id='word_1_8' title='bbox 871 904 966 984; x_wconf 84' lang='lat' dir='ltr'>qnae</span> <span class='ocrx_word' id='word_1_9' title='bbox 986 876 1183 985; x_wconf 85' lang='lat' dir='ltr'>episeopus</span> <span class='ocrx_word' id='word_1_10' title='bbox 1199 875 1537 965; x_wconf 83' lang='lat' dir='ltr'>Clammontensis,</span> <span class='ocrx_word' id='word_1_11' title='bbox 1555 873 1702 965; x_wconf 89' lang='lat' dir='ltr'>Gnido,</span> <span class='ocrx_word' id='word_1_12' title='bbox 1716 880 1933 983; x_wconf 87' lang='lat' dir='ltr'>procuravit</span> 
     </span>
    </p>
   </div>
   <div class='ocr_carea' id='block_1_3' title="bbox 343 984 407 1028">
    <p class='ocr_par' dir='ltr' id='par_1_3' title="bbox 343 984 407 1028">
     <span class='ocr_line' id='line_1_3' title="bbox 343 984 407 1028; baseline -0.016 0"><span class='ocrx_word' id='word_1_13' title='bbox 343 984 407 1028; x_wconf 71' lang='grc'><strong>1800.</strong></span> 
     </span>
    </p>
   </div>
   <div class='ocr_carea' id='block_1_4' title="bbox 501 1006 1967 3736">
    <p class='ocr_par' dir='ltr' id='par_1_4' title="bbox 501 1006 1967 3736">
     <span class='ocr_line' id='line_1_4' title="bbox 506 1006 1931 1117; baseline -0.001 -27"><span class='ocrx_word' id='word_1_14' title='bbox 506 1012 608 1090; x_wconf 89' lang='lat' dir='ltr'>uniri</span> <span class='ocrx_word' id='word_1_15' title='bbox 624 1038 755 1089; x_wconf 84' lang='lat' dir='ltr'>mense</span> <span class='ocrx_word' id='word_1_16' title='bbox 777 1007 996 1117; x_wconf 83' lang='lat' dir='ltr'>episcopali,</span> <span class='ocrx_word' id='word_1_17' title='bbox 1018 1037 1086 1115; x_wconf 88' lang='lat' dir='ltr'>per</span> <span class='ocrx_word' id='word_1_18' title='bbox 1105 1008 1348 1115; x_wconf 84' lang='lat' dir='ltr'>apostolicam</span> <span class='ocrx_word' id='word_1_19' title='bbox 1368 1006 1513 1096; x_wconf 85' lang='lat' dir='ltr'>sedern,</span> <span class='ocrx_word' id='word_1_20' title='bbox 1536 1028 1613 1115; x_wconf 77' lang='lat' dir='ltr'>que&#39;</span> <span class='ocrx_word' id='word_1_21' title='bbox 1631 1006 1722 1090; x_wconf 79' lang='lat' dir='ltr'>alias</span> <span class='ocrx_word' id='word_1_22' title='bbox 1740 1036 1931 1115; x_wconf 88' lang='lat' dir='ltr'>nunquam</span> 
     </span>
     <span class='ocr_line' id='line_1_5' title="bbox 507 1138 1929 1251; baseline -0.001 -32"><span class='ocrx_word' id='word_1_23' title='bbox 507 1140 657 1221; x_wconf 79' lang='lat' dir='ltr'>brerant</span> <span class='ocrx_word' id='word_1_24' title='bbox 677 1141 716 1218; x_wconf 92' lang='lat' dir='ltr'>in</span> <span class='ocrx_word' id='word_1_25' title='bbox 734 1138 887 1251; x_wconf 85' lang='lat' dir='ltr'>regalia,</span> <span class='ocrx_word' id='word_1_26' title='bbox 916 1166 1034 1245; x_wconf 89' lang='lat' dir='ltr'>quare</span> <span class='ocrx_word' id='word_1_27' title='bbox 1054 1138 1175 1217; x_wconf 91' lang='lat' dir='ltr'>dictos</span> <span class='ocrx_word' id='word_1_28' title='bbox 1202 1138 1345 1224; x_wconf 81' lang='lat' dir='ltr'>fructus</span> <span class='ocrx_word' id='word_1_29' title='bbox 1369 1138 1441 1220; x_wconf 83' lang='lat' dir='ltr'>sibi</span> <span class='ocrx_word' id='word_1_30' title='bbox 1463 1138 1573 1218; x_wconf 86' lang='lat' dir='ltr'>reddi</span> <span class='ocrx_word' id='word_1_31' title='bbox 1601 1138 1798 1245; x_wconf 71' lang='lat' dir='ltr'>petebant,</span> <span class='ocrx_word' id='word_1_32' title='bbox 1825 1140 1929 1229; x_wconf 87' lang='lat' dir='ltr'>item,</span> 
     </span>
     <span class='ocr_line' id='line_1_6' title="bbox 507 1268 1967 1381; baseline -0.001 -30"><span class='ocrx_word' id='word_1_33' title='bbox 507 1274 684 1354; x_wconf 84' lang='lat' dir='ltr'>dicebaut</span> <span class='ocrx_word' id='word_1_34' title='bbox 701 1270 808 1378; x_wconf 89' lang='lat' dir='ltr'>quod</span> <span class='ocrx_word' id='word_1_35' title='bbox 827 1269 1171 1378; x_wconf 79' lang='lat' dir='ltr'>dictnsregaliator</span> <span class='ocrx_word' id='word_1_36' title='bbox 1193 1286 1322 1352; x_wconf 84' lang='lat' dir='ltr'>noster</span> <span class='ocrx_word' id='word_1_37' title='bbox 1336 1270 1504 1377; x_wconf 77' lang='lat' dir='ltr'><strong>percepit</strong></span> <span class='ocrx_word' id='word_1_38' title='bbox 1527 1270 1671 1349; x_wconf 83' lang='lat' dir='ltr'>fructus</span> <span class='ocrx_word' id='word_1_39' title='bbox 1693 1268 1929 1350; x_wconf 82' lang='lat' dir='ltr'>ecelesiarum</span> <span class='ocrx_word' id='word_1_40' title='bbox 1956 1354 1967 1381; x_wconf 38' lang='grc' dir='ltr'>ι</span> 
     </span>
     <span class='ocr_line' id='line_1_7' title="bbox 508 1386 1929 1509; baseline -0.003 -26"><span class='ocrx_word' id='word_1_41' title='bbox 508 1404 556 1483; x_wconf 86' lang='lat' dir='ltr'>de</span> <span class='ocrx_word' id='word_1_42' title='bbox 576 1386 741 1483; x_wconf 84' lang='lat' dir='ltr'>Rollieco</span> <span class='ocrx_word' id='word_1_43' title='bbox 760 1420 800 1480; x_wconf 87' lang='lat' dir='ltr'>et</span> <span class='ocrx_word' id='word_1_44' title='bbox 818 1402 985 1495; x_wconf 59' lang='lat' dir='ltr'>Alledic</span> <span class='ocrx_word' id='word_1_45' title='bbox 1003 1431 1095 1509; x_wconf 87' lang='lat' dir='ltr'>quo,</span> <span class='ocrx_word' id='word_1_46' title='bbox 1116 1399 1226 1479; x_wconf 88' lang='lat' dir='ltr'>nullo</span> <span class='ocrx_word' id='word_1_47' title='bbox 1244 1417 1432 1509; x_wconf 86' lang='lat' dir='ltr'>tempore,</span> <span class='ocrx_word' id='word_1_48' title='bbox 1449 1400 1706 1481; x_wconf 83' lang='lat' dir='ltr'>lucrantalias</span> <span class='ocrx_word' id='word_1_49' title='bbox 1724 1401 1763 1479; x_wconf 91' lang='lat' dir='ltr'>in</span> <span class='ocrx_word' id='word_1_50' title='bbox 1783 1400 1929 1509; x_wconf 80' lang='lat' dir='ltr'>regalia,</span> 
     </span>
     <span class='ocr_line' id='line_1_8' title="bbox 507 1532 1929 1643; baseline 0.001 -32"><span class='ocrx_word' id='word_1_51' title='bbox 507 1553 545 1615; x_wconf 88' lang='lat' dir='ltr'>et</span> <span class='ocrx_word' id='word_1_52' title='bbox 558 1564 634 1643; x_wconf 89' lang='lat' dir='ltr'>que</span> <span class='ocrx_word' id='word_1_53' title='bbox 646 1534 804 1615; x_wconf 88' lang='lat' dir='ltr'>ecclesie</span> <span class='ocrx_word' id='word_1_54' title='bbox 812 1562 943 1613; x_wconf 88' lang='lat' dir='ltr'>mense</span> <span class='ocrx_word' id='word_1_55' title='bbox 955 1532 1157 1639; x_wconf 88' lang='lat' dir='ltr'>episcopali</span> <span class='ocrx_word' id='word_1_56' title='bbox 1172 1558 1367 1641; x_wconf 85' lang='lat' dir='ltr'>nunquam</span> <span class='ocrx_word' id='word_1_57' title='bbox 1378 1532 1528 1614; x_wconf 81' lang='lat' dir='ltr'>fuerant</span> <span class='ocrx_word' id='word_1_58' title='bbox 1537 1534 1716 1642; x_wconf 81' lang='lat' dir='ltr'>adjuncto</span> <span class='ocrx_word' id='word_1_59' title='bbox 1724 1562 1799 1611; x_wconf 87' lang='lat' dir='ltr'>seu</span> <span class='ocrx_word' id='word_1_60' title='bbox 1810 1534 1929 1622; x_wconf 77' lang='lat' dir='ltr'>nnite;</span> 
     </span>
     <span class='ocr_line' id='line_1_9' title="bbox 506 1664 1930 1772; baseline -0.002 -30"><span class='ocrx_word' id='word_1_61' title='bbox 506 1666 615 1759; x_wconf 89' lang='lat' dir='ltr'>item,</span> <span class='ocrx_word' id='word_1_62' title='bbox 631 1665 808 1771; x_wconf 87' lang='lat' dir='ltr'>dicebant</span> <span class='ocrx_word' id='word_1_63' title='bbox 821 1665 926 1771; x_wconf 90' lang='lat' dir='ltr'>quod</span> <span class='ocrx_word' id='word_1_64' title='bbox 938 1664 1063 1743; x_wconf 83' lang='lat' dir='ltr'>dictus</span> <span class='ocrx_word' id='word_1_65' title='bbox 1074 1664 1273 1772; x_wconf 79' lang='lat' dir='ltr'>regaliator</span> <span class='ocrx_word' id='word_1_66' title='bbox 1286 1664 1452 1770; x_wconf 80' lang='lat' dir='ltr'>percepit</span> <span class='ocrx_word' id='word_1_67' title='bbox 1464 1664 1663 1772; x_wconf 79' lang='lat' dir='ltr'>pecuniam</span> <span class='ocrx_word' id='word_1_68' title='bbox 1676 1690 1775 1770; x_wconf 80' lang='lat' dir='ltr'>que,</span> <span class='ocrx_word' id='word_1_69' title='bbox 1785 1664 1930 1743; x_wconf 76' lang='lat' dir='ltr'><strong>racione</strong></span> 
     </span>
     <span class='ocr_line' id='line_1_10' title="bbox 506 1794 1928 1905; baseline 0.001 -31"><span class='ocrx_word' id='word_1_70' title='bbox 506 1797 748 1883; x_wconf 63' lang='lat' dir='ltr'>cathedratici</span> <span class='ocrx_word' id='word_1_71' title='bbox 762 1815 800 1880; x_wconf 86' lang='lat' dir='ltr'>et</span> <span class='ocrx_word' id='word_1_72' title='bbox 814 1794 1019 1905; x_wconf 82' lang='lat' dir='ltr'>synodatici</span> <span class='ocrx_word' id='word_1_73' title='bbox 1038 1811 1076 1875; x_wconf 83' lang='lat' dir='ltr'>et</span> <span class='ocrx_word' id='word_1_74' title='bbox 1089 1795 1342 1903; x_wconf 83' lang='lat' dir='ltr'>quarumdam</span> <span class='ocrx_word' id='word_1_75' title='bbox 1356 1796 1667 1902; x_wconf 86' lang='lat' dir='ltr'>procuracionum</span> <span class='ocrx_word' id='word_1_76' title='bbox 1683 1795 1928 1885; x_wconf 75' lang='lat' dir='ltr'>minutarum,</span> 
     </span>
     <span class='ocr_line' id='line_1_11' title="bbox 508 1926 1927 2036; baseline 0.001 -31"><span class='ocrx_word' id='word_1_77' title='bbox 508 1945 748 2007; x_wconf 86' lang='lat' dir='ltr'>consueverat</span> <span class='ocrx_word' id='word_1_78' title='bbox 769 1927 990 2033; x_wconf 89' lang='lat' dir='ltr'>abantiquo</span> <span class='ocrx_word' id='word_1_79' title='bbox 1010 1928 1050 2004; x_wconf 93' lang='lat' dir='ltr'>in</span> <span class='ocrx_word' id='word_1_80' title='bbox 1065 1926 1221 2036; x_wconf 79' lang='lat' dir='ltr'>synodis</span> <span class='ocrx_word' id='word_1_81' title='bbox 1241 1926 1400 2034; x_wconf 85' lang='lat' dir='ltr'>persolvi</span> <span class='ocrx_word' id='word_1_82' title='bbox 1422 1927 1595 2034; x_wconf 89' lang='lat' dir='ltr'>episcopo</span> <span class='ocrx_word' id='word_1_83' title='bbox 1612 1926 1927 2017; x_wconf 82' lang='lat' dir='ltr'>Claromonteaai,</span> 
     </span>
     <span class='ocr_line' id='line_1_12' title="bbox 508 2057 1930 2167; baseline 0 -32"><span class='ocrx_word' id='word_1_84' title='bbox 508 2076 547 2135; x_wconf 87' lang='lat' dir='ltr'>et</span> <span class='ocrx_word' id='word_1_85' title='bbox 564 2059 746 2167; x_wconf 84' lang='lat' dir='ltr'>quasdam</span> <span class='ocrx_word' id='word_1_86' title='bbox 769 2060 935 2137; x_wconf 87' lang='lat' dir='ltr'>minutas</span> <span class='ocrx_word' id='word_1_87' title='bbox 953 2057 1171 2139; x_wconf 73' lang='lat' dir='ltr'>oblaciones</span> <span class='ocrx_word' id='word_1_88' title='bbox 1189 2086 1283 2165; x_wconf 87' lang='lat' dir='ltr'>quas</span> <span class='ocrx_word' id='word_1_89' title='bbox 1300 2059 1495 2165; x_wconf 83' lang='lat' dir='ltr'>episcopus</span> <span class='ocrx_word' id='word_1_90' title='bbox 1507 2058 1827 2137; x_wconf 84' lang='lat' dir='ltr'>Claromentenais</span> <span class='ocrx_word' id='word_1_91' title='bbox 1847 2086 1930 2135; x_wconf 80' lang='lat' dir='ltr'>con·</span> 
     </span>
     <span class='ocr_line' id='line_1_13' title="bbox 507 2187 1929 2297; baseline 0 -30"><span class='ocrx_word' id='word_1_92' title='bbox 507 2191 629 2269; x_wconf 79' lang='lat' dir='ltr'>suevit</span> <span class='ocrx_word' id='word_1_93' title='bbox 646 2190 856 2296; x_wconf 71' lang='lat' dir='ltr'>percipere,</span> <span class='ocrx_word' id='word_1_94' title='bbox 883 2190 923 2267; x_wconf 91' lang='lat' dir='ltr'>in</span> <span class='ocrx_word' id='word_1_95' title='bbox 943 2188 1207 2273; x_wconf 74' lang='lat' dir='ltr'>festivitatibus</span> <span class='ocrx_word' id='word_1_96' title='bbox 1230 2187 1512 2297; x_wconf 85' lang='lat' dir='ltr'>Assumpeionis</span> <span class='ocrx_word' id='word_1_97' title='bbox 1537 2206 1574 2267; x_wconf 89' lang='lat' dir='ltr'>et</span> <span class='ocrx_word' id='word_1_98' title='bbox 1596 2189 1802 2269; x_wconf 88' lang='lat' dir='ltr'>Nativitatis</span> <span class='ocrx_word' id='word_1_99' title='bbox 1823 2188 1929 2267; x_wconf 57' lang='lat' dir='ltr'>mate</span> 
     </span>
     <span class='ocr_line' id='line_1_14' title="bbox 508 2319 1928 2429; baseline -0.001 -30"><span class='ocrx_word' id='word_1_100' title='bbox 508 2321 625 2399; x_wconf 87' lang='lat' dir='ltr'>Marie</span> <span class='ocrx_word' id='word_1_101' title='bbox 634 2321 801 2429; x_wconf 82' lang='lat' dir='ltr'>virginis,</span> <span class='ocrx_word' id='word_1_102' title='bbox 817 2320 859 2399; x_wconf 91' lang='lat' dir='ltr'>in</span> <span class='ocrx_word' id='word_1_103' title='bbox 869 2320 985 2399; x_wconf 87' lang='lat' dir='ltr'>altare</span> <span class='ocrx_word' id='word_1_104' title='bbox 999 2320 1109 2399; x_wconf 85' lang='lat' dir='ltr'>beate</span> <span class='ocrx_word' id='word_1_105' title='bbox 1131 2320 1247 2399; x_wconf 86' lang='lat' dir='ltr'>ldarie</span> <span class='ocrx_word' id='word_1_106' title='bbox 1267 2320 1609 2413; x_wconf 66' lang='lat' dir='ltr'>Cleromontensiss</span> <span class='ocrx_word' id='word_1_107' title='bbox 1623 2321 1732 2410; x_wconf 84' lang='lat' dir='ltr'>item,</span> <span class='ocrx_word' id='word_1_108' title='bbox 1747 2319 1928 2427; x_wconf 77' lang='lat' dir='ltr'>quosdam</span> 
     </span>
     <span class='ocr_line' id='line_1_15' title="bbox 506 2448 1928 2558; baseline -0.001 -30"><span class='ocrx_word' id='word_1_109' title='bbox 506 2478 643 2531; x_wconf 87' lang='lat' dir='ltr'>census</span> <span class='ocrx_word' id='word_1_110' title='bbox 660 2450 809 2531; x_wconf 90' lang='lat' dir='ltr'>debitos</span> <span class='ocrx_word' id='word_1_111' title='bbox 824 2450 968 2530; x_wconf 89' lang='lat' dir='ltr'>acertis</span> <span class='ocrx_word' id='word_1_112' title='bbox 982 2449 1149 2531; x_wconf 83' lang='lat' dir='ltr'>ecclesiis</span> <span class='ocrx_word' id='word_1_113' title='bbox 1160 2449 1369 2531; x_wconf 82' lang='lat' dir='ltr'>civitatiset</span> <span class='ocrx_word' id='word_1_114' title='bbox 1383 2452 1553 2558; x_wconf 77' lang='lat' dir='ltr'>dyocesis</span> <span class='ocrx_word' id='word_1_115' title='bbox 1564 2448 1928 2531; x_wconf 83' lang='lat' dir='ltr'>Cleromontsnsiunr</span> 
     </span>
     <span class='ocr_line' id='line_1_16' title="bbox 506 2581 1929 2691; baseline 0.001 -32"><span class='ocrx_word' id='word_1_116' title='bbox 506 2584 699 2691; x_wconf 87' lang='lat' dir='ltr'>episcopo,</span> <span class='ocrx_word' id='word_1_117' title='bbox 728 2583 768 2665; x_wconf 84' lang='lat' dir='ltr'>in</span> <span class='ocrx_word' id='word_1_118' title='bbox 791 2582 941 2690; x_wconf 84' lang='lat' dir='ltr'>signum</span> <span class='ocrx_word' id='word_1_119' title='bbox 962 2581 1173 2689; x_wconf 84' lang='lat' dir='ltr'>spiritualis</span> <span class='ocrx_word' id='word_1_120' title='bbox 1187 2581 1543 2689; x_wconf 57' lang='lat' dir='ltr'>justiciariis—et</span> <span class='ocrx_word' id='word_1_121' title='bbox 1564 2582 1632 2690; x_wconf 89' lang='lat' dir='ltr'>qui</span> <span class='ocrx_word' id='word_1_122' title='bbox 1657 2598 1929 2661; x_wconf 82' lang='lat' dir='ltr'>consueverunt</span> 
     </span>
     <span class='ocr_line' id='line_1_17' title="bbox 504 2711 1928 2822; baseline -0.002 -31"><span class='ocrx_word' id='word_1_123' title='bbox 504 2716 546 2791; x_wconf 90' lang='lat' dir='ltr'>in</span> <span class='ocrx_word' id='word_1_124' title='bbox 561 2714 716 2822; x_wconf 78' lang='lat' dir='ltr'>synodis</span> <span class='ocrx_word' id='word_1_125' title='bbox 729 2712 889 2821; x_wconf 87' lang='lat' dir='ltr'>persolvi</span> <span class='ocrx_word' id='word_1_126' title='bbox 907 2712 1083 2820; x_wconf 82' lang='lat' dir='ltr'>episcopo</span> <span class='ocrx_word' id='word_1_127' title='bbox 1102 2712 1420 2803; x_wconf 80' lang='lat' dir='ltr'>Claromontensi;</span> <span class='ocrx_word' id='word_1_128' title='bbox 1438 2741 1513 2821; x_wconf 89' lang='lat' dir='ltr'>qne</span> <span class='ocrx_word' id='word_1_129' title='bbox 1528 2714 1655 2793; x_wconf 86' lang='lat' dir='ltr'>omnia</span> <span class='ocrx_word' id='word_1_130' title='bbox 1663 2712 1741 2820; x_wconf 87' lang='lat' dir='ltr'>ipsi</span> <span class='ocrx_word' id='word_1_131' title='bbox 1757 2711 1928 2820; x_wconf 83' lang='lat' dir='ltr'>petebant</span> 
     </span>
     <span class='ocr_line' id='line_1_18' title="bbox 505 2843 1928 2951; baseline 0.001 -29"><span class='ocrx_word' id='word_1_132' title='bbox 505 2845 576 2923; x_wconf 90' lang='lat' dir='ltr'>sibi</span> <span class='ocrx_word' id='word_1_133' title='bbox 601 2844 733 2936; x_wconf 66' lang='lat' dir='ltr'>reddi,</span> <span class='ocrx_word' id='word_1_134' title='bbox 757 2845 936 2951; x_wconf 86' lang='lat' dir='ltr'>petebant</span> <span class='ocrx_word' id='word_1_135' title='bbox 962 2843 1080 2921; x_wconf 90' lang='lat' dir='ltr'>eciam</span> <span class='ocrx_word' id='word_1_136' title='bbox 1105 2844 1177 2921; x_wconf 90' lang='lat' dir='ltr'>sibi</span> <span class='ocrx_word' id='word_1_137' title='bbox 1202 2844 1348 2921; x_wconf 88' lang='lat' dir='ltr'>restitui</span> <span class='ocrx_word' id='word_1_138' title='bbox 1371 2844 1544 2924; x_wconf 80' lang='lat' dir='ltr'>denarios</span> <span class='ocrx_word' id='word_1_139' title='bbox 1563 2844 1736 2923; x_wconf 84' lang='lat' dir='ltr'>locorum</span> <span class='ocrx_word' id='word_1_140' title='bbox 1758 2843 1928 2950; x_wconf 81' lang='lat' dir='ltr'>episcopo</span> 
     </span>
     <span class='ocr_line' id='line_1_19' title="bbox 505 2974 1925 3083; baseline -0.001 -30"><span class='ocrx_word' id='word_1_141' title='bbox 505 2974 805 3053; x_wconf 88' lang='lat' dir='ltr'>Claromontensi</span> <span class='ocrx_word' id='word_1_142' title='bbox 825 2991 1024 3051; x_wconf 88' lang='lat' dir='ltr'>consuetos</span> <span class='ocrx_word' id='word_1_143' title='bbox 1042 2974 1200 3079; x_wconf 88' lang='lat' dir='ltr'>persolvi</span> <span class='ocrx_word' id='word_1_144' title='bbox 1212 3035 1222 3066; x_wconf 89' lang='lat'>,</span> <span class='ocrx_word' id='word_1_145' title='bbox 1235 3004 1303 3081; x_wconf 91' lang='lat' dir='ltr'>per</span> <span class='ocrx_word' id='word_1_146' title='bbox 1316 2974 1460 3063; x_wconf 84' lang='lat' dir='ltr'>dictum</span> <span class='ocrx_word' id='word_1_147' title='bbox 1467 2975 1730 3083; x_wconf 85' lang='lat' dir='ltr'>regaliatorem</span> <span class='ocrx_word' id='word_1_148' title='bbox 1745 2990 1925 3081; x_wconf 80' lang='lat' dir='ltr'>receptos3</span> 
     </span>
     <span class='ocr_line' id='line_1_20' title="bbox 505 3103 1926 3213; baseline 0.001 -33"><span class='ocrx_word' id='word_1_149' title='bbox 505 3106 614 3195; x_wconf 90' lang='lat' dir='ltr'>item,</span> <span class='ocrx_word' id='word_1_150' title='bbox 634 3103 810 3183; x_wconf 82' lang='lat' dir='ltr'>dicebant</span> <span class='ocrx_word' id='word_1_151' title='bbox 829 3104 952 3211; x_wconf 88' lang='lat' dir='ltr'>quod,</span> <span class='ocrx_word' id='word_1_152' title='bbox 971 3132 993 3180; x_wconf 82' lang='lat' dir='ltr'>a</span> <span class='ocrx_word' id='word_1_153' title='bbox 1010 3122 1182 3210; x_wconf 88' lang='lat' dir='ltr'>tempore</span> <span class='ocrx_word' id='word_1_154' title='bbox 1200 3134 1220 3181; x_wconf 89' lang='lat' dir='ltr'>a</span> <span class='ocrx_word' id='word_1_155' title='bbox 1241 3134 1318 3213; x_wconf 92' lang='lat' dir='ltr'>quo</span> <span class='ocrx_word' id='word_1_156' title='bbox 1339 3107 1521 3187; x_wconf 88' lang='lat' dir='ltr'>memoria</span> <span class='ocrx_word' id='word_1_157' title='bbox 1543 3134 1622 3184; x_wconf 85' lang='lat' dir='ltr'>non</span> <span class='ocrx_word' id='word_1_158' title='bbox 1638 3105 1777 3207; x_wconf 66' lang='lat' dir='ltr'>existit,</span> <span class='ocrx_word' id='word_1_159' title='bbox 1796 3106 1926 3212; x_wconf 85' lang='lat' dir='ltr'>epieco-</span> 
     </span>
     <span class='ocr_line' id='line_1_21' title="bbox 504 3235 1926 3342; baseline 0 -29"><span class='ocrx_word' id='word_1_160' title='bbox 504 3265 576 3342; x_wconf 90' lang='lat' dir='ltr'>pus</span> <span class='ocrx_word' id='word_1_161' title='bbox 589 3235 906 3315; x_wconf 87' lang='lat' dir='ltr'>Claromontensis</span> <span class='ocrx_word' id='word_1_162' title='bbox 920 3236 1112 3313; x_wconf 88' lang='lat' dir='ltr'>cousuevit</span> <span class='ocrx_word' id='word_1_163' title='bbox 1126 3236 1270 3315; x_wconf 87' lang='lat' dir='ltr'>solvere</span> <span class='ocrx_word' id='word_1_164' title='bbox 1286 3238 1352 3313; x_wconf 89' lang='lat' dir='ltr'>uni</span> <span class='ocrx_word' id='word_1_165' title='bbox 1372 3238 1520 3316; x_wconf 83' lang='lat' dir='ltr'>sacriste</span> <span class='ocrx_word' id='word_1_166' title='bbox 1538 3236 1692 3315; x_wconf 86' lang='lat' dir='ltr'>ecclesie</span> <span class='ocrx_word' id='word_1_167' title='bbox 1708 3236 1926 3315; x_wconf 85' lang='lat' dir='ltr'>Claromon-</span> 
     </span>
     <span class='ocr_line' id='line_1_22' title="bbox 503 3364 1926 3464; baseline -0.001 -20"><span class='ocrx_word' id='word_1_168' title='bbox 503 3367 619 3445; x_wconf 86' lang='lat' dir='ltr'>tensis</span> <span class='ocrx_word' id='word_1_169' title='bbox 644 3367 778 3447; x_wconf 80' lang='lat' dir='ltr'>decem</span> <span class='ocrx_word' id='word_1_170' title='bbox 803 3364 961 3445; x_wconf 79' lang='lat' dir='ltr'>sextaria</span> <span class='ocrx_word' id='word_1_171' title='bbox 981 3365 1089 3464; x_wconf 83' lang='lat' dir='ltr'>bladi</span> <span class='ocrx_word' id='word_1_172' title='bbox 1114 3384 1159 3445; x_wconf 88' lang='lat' dir='ltr'>et.</span> <span class='ocrx_word' id='word_1_173' title='bbox 1178 3368 1247 3444; x_wconf 80' lang='lat' dir='ltr'>tria</span> <span class='ocrx_word' id='word_1_174' title='bbox 1277 3367 1405 3456; x_wconf 81' lang='lat' dir='ltr'>modia</span> <span class='ocrx_word' id='word_1_175' title='bbox 1429 3368 1525 3459; x_wconf 88' lang='lat' dir='ltr'>vini,</span> <span class='ocrx_word' id='word_1_176' title='bbox 1551 3386 1588 3447; x_wconf 82' lang='lat' dir='ltr'>et</span> <span class='ocrx_word' id='word_1_177' title='bbox 1607 3367 1767 3447; x_wconf 86' lang='lat' dir='ltr'>duobus</span> <span class='ocrx_word' id='word_1_178' title='bbox 1788 3367 1926 3447; x_wconf 89' lang='lat' dir='ltr'>vicariis</span> 
     </span>
     <span class='ocr_line' id='line_1_23' title="bbox 503 3496 1927 3608; baseline -0.001 -31"><span class='ocrx_word' id='word_1_179' title='bbox 503 3498 799 3596; x_wconf 79' lang='lat' dir='ltr'>deservientibus</span> <span class='ocrx_word' id='word_1_180' title='bbox 812 3497 853 3574; x_wconf 92' lang='lat' dir='ltr'>in</span> <span class='ocrx_word' id='word_1_181' title='bbox 869 3496 1023 3586; x_wconf 87' lang='lat' dir='ltr'>ecclesia</span> <span class='ocrx_word' id='word_1_182' title='bbox 1038 3498 1530 3587; x_wconf 86' lang='lat' dir='ltr'>Claromontensi,-cuilibet</span> <span class='ocrx_word' id='word_1_183' title='bbox 1543 3526 1697 3589; x_wconf 82' lang='lat' dir='ltr'>eorum,</span> <span class='ocrx_word' id='word_1_184' title='bbox 1714 3498 1845 3608; x_wconf 81' lang='lat' dir='ltr'>viginti</span> <span class='ocrx_word' id='word_1_185' title='bbox 1859 3526 1927 3575; x_wconf 79' lang='lat' dir='ltr'>sea·</span> 
     </span>
     <span class='ocr_line' id='line_1_24' title="bbox 501 3619 1925 3736; baseline 0 -29"><span class='ocrx_word' id='word_1_186' title='bbox 501 3630 594 3707; x_wconf 87' lang='lat' dir='ltr'>taria</span> <span class='ocrx_word' id='word_1_187' title='bbox 613 3619 739 3720; x_wconf 84' lang='lat' dir='ltr'>bladi;</span> <span class='ocrx_word' id='word_1_188' title='bbox 761 3657 879 3735; x_wconf 90' lang='lat' dir='ltr'>qnare</span> <span class='ocrx_word' id='word_1_189' title='bbox 899 3630 1077 3734; x_wconf 87' lang='lat' dir='ltr'>petebant</span> <span class='ocrx_word' id='word_1_190' title='bbox 1103 3627 1283 3735; x_wconf 87' lang='lat' dir='ltr'>predictis</span> <span class='ocrx_word' id='word_1_191' title='bbox 1301 3629 1446 3707; x_wconf 89' lang='lat' dir='ltr'>vicariis</span> <span class='ocrx_word' id='word_1_192' title='bbox 1473 3629 1520 3707; x_wconf 95' lang='lat' dir='ltr'>de</span> <span class='ocrx_word' id='word_1_193' title='bbox 1546 3629 1658 3709; x_wconf 88' lang='lat' dir='ltr'>bonis</span> <span class='ocrx_word' id='word_1_194' title='bbox 1677 3630 1925 3736; x_wconf 82' lang='lat' dir='ltr'>episcopatus,</span> 
     </span>
    </p>
   </div>
   <div class='ocr_carea' id='block_1_5' title="bbox 492 3759 1928 4001">
    <p class='ocr_par' dir='ltr' id='par_1_5' title="bbox 492 3759 1928 4001">
     <span class='ocr_line' id='line_1_25' title="bbox 498 3759 1928 3869; baseline 0 -30"><span class='ocrx_word' id='word_1_195' title='bbox 498 3778 673 3867; x_wconf 77' lang='lat' dir='ltr'>&#39;tempore</span> <span class='ocrx_word' id='word_1_196' title='bbox 688 3759 843 3867; x_wconf 82' lang='lat' dir='ltr'>ragalie,</span> <span class='ocrx_word' id='word_1_197' title='bbox 864 3788 932 3866; x_wconf 91' lang='lat' dir='ltr'>per</span> <span class='ocrx_word' id='word_1_198' title='bbox 945 3759 1205 3865; x_wconf 78' lang='lat' dir='ltr'>regaliatonem</span> <span class='ocrx_word' id='word_1_199' title='bbox 1221 3760 1424 3866; x_wconf 79' lang='lat' dir='ltr'>perceptis,</span> <span class='ocrx_word' id='word_1_200' title='bbox 1442 3760 1608 3867; x_wconf 84' lang='lat' dir='ltr'>predicta</span> <span class='ocrx_word' id='word_1_201' title='bbox 1620 3760 1801 3868; x_wconf 79' lang='lat' dir='ltr'>persolvi,</span> <span class='ocrx_word' id='word_1_202' title='bbox 1820 3778 1928 3869; x_wconf 85' lang='lat' dir='ltr'>prout</span> 
     </span>
     <span class='ocr_line' id='line_1_26' title="bbox 492 3890 1926 4001; baseline 0.001 -34"><span class='ocrx_word' id='word_1_203' title='bbox 492 3892 684 3992; x_wconf 78' lang='lat' dir='ltr'>¹hactenus</span> <span class='ocrx_word' id='word_1_204' title='bbox 703 3890 825 3968; x_wconf 85' lang='lat' dir='ltr'>luerat</span> <span class='ocrx_word' id='word_1_205' title='bbox 848 3907 1095 3981; x_wconf 67' lang='lat' dir='ltr'>consuetum</span> <span class='ocrx_word' id='word_1_206' title='bbox 1124 3892 1232 3984; x_wconf 90' lang='lat' dir='ltr'>item,</span> <span class='ocrx_word' id='word_1_207' title='bbox 1260 3891 1435 3969; x_wconf 83' lang='lat' dir='ltr'>dicebant</span> <span class='ocrx_word' id='word_1_208' title='bbox 1460 3894 1565 3998; x_wconf 89' lang='lat' dir='ltr'>quod</span> <span class='ocrx_word' id='word_1_209' title='bbox 1584 3894 1712 4001; x_wconf 84' lang='lat' dir='ltr'>Hngo,</span> <span class='ocrx_word' id='word_1_210' title='bbox 1736 3894 1926 4001; x_wconf 83' lang='lat' dir='ltr'>quondam</span> 
     </span>
    </p>
   </div>
   <div class='ocr_carea' id='block_1_6' title="bbox 499 4021 1928 5183">
    <p class='ocr_par' dir='ltr' id='par_1_6' title="bbox 499 4021 1928 5183">
     <span class='ocr_line' id='line_1_27' title="bbox 502 4021 1927 4132; baseline 0.001 -32"><span class='ocrx_word' id='word_1_211' title='bbox 502 4022 823 4100; x_wconf 87' lang='lat' dir='ltr'>Claromontensis</span> <span class='ocrx_word' id='word_1_212' title='bbox 842 4021 1058 4129; x_wconf 87' lang='lat' dir='ltr'>episcopus,</span> <span class='ocrx_word' id='word_1_213' title='bbox 1079 4023 1277 4129; x_wconf 85' lang='lat' dir='ltr'>acquisivit</span> <span class='ocrx_word' id='word_1_214' title='bbox 1290 4050 1423 4103; x_wconf 80' lang='lat' dir='ltr'>mente</span> <span class='ocrx_word' id='word_1_215' title='bbox 1441 4024 1725 4132; x_wconf 56' lang='lat' dir='ltr'>sneaemmpdi</span> <span class='ocrx_word' id='word_1_216' title='bbox 1742 4025 1927 4105; x_wconf 78' lang='lat' dir='ltr'>decimam</span> 
     </span>
     <span class='ocr_line' id='line_1_28' title="bbox 503 4152 1926 4262; baseline 0 -31"><span class='ocrx_word' id='word_1_217' title='bbox 503 4152 550 4231; x_wconf 87' lang='lat' dir='ltr'>de</span> <span class='ocrx_word' id='word_1_218' title='bbox 570 4154 714 4241; x_wconf 82' lang='lat' dir='ltr'>Jaunai,</span> <span class='ocrx_word' id='word_1_219' title='bbox 740 4182 853 4259; x_wconf 85' lang='lat' dir='ltr'>supra</span> <span class='ocrx_word' id='word_1_220' title='bbox 876 4182 995 4260; x_wconf 85' lang='lat' dir='ltr'>quarn</span> <span class='ocrx_word' id='word_1_221' title='bbox 1017 4154 1188 4233; x_wconf 81' lang='lat' dir='ltr'>fundavit</span> <span class='ocrx_word' id='word_1_222' title='bbox 1211 4182 1278 4233; x_wconf 91' lang='lat' dir='ltr'>seu</span> <span class='ocrx_word' id='word_1_223' title='bbox 1303 4155 1499 4233; x_wconf 85' lang='lat' dir='ltr'>constituit</span> <span class='ocrx_word' id='word_1_224' title='bbox 1526 4173 1690 4262; x_wconf 85' lang='lat' dir='ltr'>quatuor</span> <span class='ocrx_word' id='word_1_225' title='bbox 1716 4156 1867 4235; x_wconf 80' lang='lat' dir='ltr'>vicarias</span> <span class='ocrx_word' id='word_1_226' title='bbox 1890 4156 1926 4233; x_wconf 91' lang='lat' dir='ltr'>in</span> 
     </span>
     <span class='ocr_line' id='line_1_29' title="bbox 503 4284 1925 4395; baseline 0.001 -32"><span class='ocrx_word' id='word_1_227' title='bbox 503 4286 657 4363; x_wconf 88' lang='lat' dir='ltr'>ecclesia</span> <span class='ocrx_word' id='word_1_228' title='bbox 667 4284 984 4375; x_wconf 84' lang='lat' dir='ltr'>Claromontensi,</span> <span class='ocrx_word' id='word_1_229' title='bbox 996 4286 1408 4395; x_wconf 81' lang='lat' dir='ltr'>quamlibetdeviginti</span> <span class='ocrx_word' id='word_1_230' title='bbox 1419 4288 1587 4366; x_wconf 80' lang='lat' dir='ltr'>sextariis</span> <span class='ocrx_word' id='word_1_231' title='bbox 1599 4286 1703 4367; x_wconf 85' lang='lat' dir='ltr'>bladi</span> <span class='ocrx_word' id='word_1_232' title='bbox 1716 4288 1925 4377; x_wconf 67' lang='lat' dir='ltr'>annuatim</span> 
     </span>
     <span class='ocr_line' id='line_1_30' title="bbox 502 4416 1928 4526; baseline 0.001 -31"><span class='ocrx_word' id='word_1_233' title='bbox 502 4434 554 4508; x_wconf 91' lang='lat' dir='ltr'>et,</span> <span class='ocrx_word' id='word_1_234' title='bbox 568 4447 653 4498; x_wconf 90' lang='lat' dir='ltr'>curn</span> <span class='ocrx_word' id='word_1_235' title='bbox 667 4416 866 4526; x_wconf 82' lang='lat' dir='ltr'>regaliator</span> <span class='ocrx_word' id='word_1_236' title='bbox 878 4434 1007 4497; x_wconf 83' lang='lat' dir='ltr'>noster</span> <span class='ocrx_word' id='word_1_237' title='bbox 1018 4416 1162 4497; x_wconf 81' lang='lat' dir='ltr'>fructus</span> <span class='ocrx_word' id='word_1_238' title='bbox 1173 4418 1340 4524; x_wconf 91' lang='lat' dir='ltr'>predicte</span> <span class='ocrx_word' id='word_1_239' title='bbox 1354 4420 1501 4499; x_wconf 83' lang='lat' dir='ltr'>decime</span> <span class='ocrx_word' id='word_1_240' title='bbox 1512 4419 1736 4526; x_wconf 84' lang='lat' dir='ltr'>perceperit,</span> <span class='ocrx_word' id='word_1_241' title='bbox 1752 4419 1928 4526; x_wconf 90' lang='lat' dir='ltr'>petebant</span> 
     </span>
     <span class='ocr_line' id='line_1_31' title="bbox 502 4548 1926 4658; baseline 0.002 -34"><span class='ocrx_word' id='word_1_242' title='bbox 502 4548 679 4627; x_wconf 90' lang='lat' dir='ltr'>debonis</span> <span class='ocrx_word' id='word_1_243' title='bbox 700 4548 798 4627; x_wconf 88' lang='lat' dir='ltr'>dicte</span> <span class='ocrx_word' id='word_1_244' title='bbox 819 4549 983 4641; x_wconf 87' lang='lat' dir='ltr'>decime,</span> <span class='ocrx_word' id='word_1_245' title='bbox 1004 4564 1177 4655; x_wconf 91' lang='lat' dir='ltr'>tempore</span> <span class='ocrx_word' id='word_1_246' title='bbox 1196 4549 1334 4656; x_wconf 86' lang='lat' dir='ltr'>regalie</span> <span class='ocrx_word' id='word_1_247' title='bbox 1359 4550 1563 4658; x_wconf 87' lang='lat' dir='ltr'>perceptis,</span> <span class='ocrx_word' id='word_1_248' title='bbox 1586 4550 1696 4630; x_wconf 84' lang='lat' dir='ltr'>dictis</span> <span class='ocrx_word' id='word_1_249' title='bbox 1716 4550 1862 4629; x_wconf 87' lang='lat' dir='ltr'>vicariis</span> <span class='ocrx_word' id='word_1_250' title='bbox 1877 4550 1926 4627; x_wconf 89' lang='lat' dir='ltr'>de</span> 
     </span>
     <span class='ocr_line' id='line_1_32' title="bbox 500 4677 1925 4789; baseline 0.004 -35"><span class='ocrx_word' id='word_1_251' title='bbox 500 4677 614 4757; x_wconf 90' lang='lat' dir='ltr'>blado</span> <span class='ocrx_word' id='word_1_252' title='bbox 626 4678 847 4786; x_wconf 88' lang='lat' dir='ltr'>hujusmodi</span> <span class='ocrx_word' id='word_1_253' title='bbox 863 4678 1053 4769; x_wconf 87' lang='lat' dir='ltr'>satisfieri,</span> <span class='ocrx_word' id='word_1_254' title='bbox 1070 4697 1109 4757; x_wconf 90' lang='lat' dir='ltr'>et</span> <span class='ocrx_word' id='word_1_255' title='bbox 1124 4680 1302 4786; x_wconf 80' lang='lat' dir='ltr'>predictis</span> <span class='ocrx_word' id='word_1_256' title='bbox 1315 4681 1491 4788; x_wconf 89' lang='lat' dir='ltr'>episcopo</span> <span class='ocrx_word' id='word_1_257' title='bbox 1504 4698 1544 4760; x_wconf 90' lang='lat' dir='ltr'>et</span> <span class='ocrx_word' id='word_1_258' title='bbox 1557 4680 1721 4789; x_wconf 88' lang='lat' dir='ltr'>capitulo</span> <span class='ocrx_word' id='word_1_259' title='bbox 1733 4680 1925 4761; x_wconf 78' lang='lat' dir='ltr'>residuum</span> 
     </span>
     <span class='ocr_line' id='line_1_33' title="bbox 501 4807 1925 4921; baseline 0.003 -36"><span class='ocrx_word' id='word_1_260' title='bbox 501 4807 599 4886; x_wconf 90' lang='lat' dir='ltr'>dicte</span> <span class='ocrx_word' id='word_1_261' title='bbox 615 4808 761 4887; x_wconf 91' lang='lat' dir='ltr'>decime</span> <span class='ocrx_word' id='word_1_262' title='bbox 776 4809 942 4901; x_wconf 70' lang='lat' dir='ltr'>restitui,</span> <span class='ocrx_word' id='word_1_263' title='bbox 958 4811 1067 4900; x_wconf 88' lang='lat' dir='ltr'>item,</span> <span class='ocrx_word' id='word_1_264' title='bbox 1083 4811 1264 4918; x_wconf 87' lang='lat' dir='ltr'>petebant</span> <span class='ocrx_word' id='word_1_265' title='bbox 1281 4812 1587 4892; x_wconf 84' lang='lat' dir='ltr'>emolumentum</span> <span class='ocrx_word' id='word_1_266' title='bbox 1598 4812 1811 4921; x_wconf 83' lang='lat' dir='ltr'>sigillorum</span> <span class='ocrx_word' id='word_1_267' title='bbox 1826 4811 1925 4921; x_wconf 82' lang='lat' dir='ltr'>judi·</span> 
     </span>
     <span class='ocr_line' id='line_1_34' title="bbox 501 4938 1923 5051; baseline 0.002 -36"><span class='ocrx_word' id='word_1_268' title='bbox 501 4938 553 5015; x_wconf 87' lang='lat' dir='ltr'>cis</span> <span class='ocrx_word' id='word_1_269' title='bbox 571 4966 719 5017; x_wconf 87' lang='lat' dir='ltr'>necnon</span> <span class='ocrx_word' id='word_1_270' title='bbox 746 4941 930 5048; x_wconf 79' lang='lat' dir='ltr'>generalis</span> <span class='ocrx_word' id='word_1_271' title='bbox 949 4941 1130 5020; x_wconf 87' lang='lat' dir='ltr'>auditoris</span> <span class='ocrx_word' id='word_1_272' title='bbox 1156 4944 1392 5051; x_wconf 75' lang='lat' dir='ltr'>episcopatus</span> <span class='ocrx_word' id='word_1_273' title='bbox 1410 4944 1746 5037; x_wconf 85' lang='lat' dir='ltr'>Claromontensis,</span> <span class='ocrx_word' id='word_1_274' title='bbox 1761 4944 1830 5050; x_wconf 90' lang='lat' dir='ltr'>qni</span> <span class='ocrx_word' id='word_1_275' title='bbox 1850 4940 1923 5021; x_wconf 86' lang='lat' dir='ltr'>sole</span> 
     </span>
     <span class='ocr_line' id='line_1_35' title="bbox 499 5067 1921 5183; baseline 0.009 -38"><span class='ocrx_word' id='word_1_276' title='bbox 499 5067 683 5175; x_wconf 88' lang='lat' dir='ltr'>spirituali</span> <span class='ocrx_word' id='word_1_277' title='bbox 706 5069 969 5176; x_wconf 85' lang='lat' dir='ltr'>jurisdictione</span> <span class='ocrx_word' id='word_1_278' title='bbox 990 5074 1030 5150; x_wconf 94' lang='lat' dir='ltr'>in</span> <span class='ocrx_word' id='word_1_279' title='bbox 1049 5076 1239 5155; x_wconf 88' lang='lat' dir='ltr'>montanis</span> <span class='ocrx_word' id='word_1_280' title='bbox 1262 5075 1476 5164; x_wconf 89' lang='lat' dir='ltr'>utebantur,</span> <span class='ocrx_word' id='word_1_281' title='bbox 1498 5076 1603 5183; x_wconf 87' lang='lat' dir='ltr'>qnod</span> <span class='ocrx_word' id='word_1_282' title='bbox 1623 5076 1921 5158; x_wconf 76' lang='lat' dir='ltr'>emolumentum</span> 
     </span>
    </p>
   </div>
   <div class='ocr_carea' id='block_1_7' title="bbox 0 0 2230 6209">
    <p class='ocr_par' dir='ltr' id='par_1_7' title="bbox 0 0 2230 6209">
     <span class='ocr_line' id='line_1_36' title="bbox 0 0 2230 6209; baseline 0 3"><span class='ocrx_word' id='word_1_283' title='bbox 0 0 2230 6209; x_wconf 95' lang='lat' dir='ltr'> </span> 
     </span>
    </p>
   </div>
  </div>
 </body>
</html>
