4450 6209
688 823 689 828 v
739 736 1004 844 suQusrss
1030 755 1095 826 er
1122 737 1330 828 esoces
1672 761 1746 832 crs

321 899 444 976 banne
465 895 512 973 de
532 894 730 1002 Cantepie,
752 895 888 986 milite,
912 911 950 972 et
963 895 1043 1002 ejus
1059 923 1187 984 uxore,
1209 922 1280 1003 pro
1296 897 1462 1003 eoquod
1484 897 1675 976 lohannes
1696 899 1745 977 de
1785 907 1971 972 Perusssrv,

318 1027 435 1136 Haya,
451 1025 630 1104 bannitus
647 1023 693 1102 de
713 1053 847 1134 regno,
869 1027 1033 1134 quadam
1049 1025 1131 1118 die,
1149 1053 1237 1104 cum
1257 1027 1430 1106 comitiva
1444 1057 1527 1119 sua,
1547 1028 1587 1105 in
1607 1029 1742 1107 habitu
1845 999 1909 1044 Μ’

317 1157 543 1251 monachali,
566 1157 614 1234 ad
638 1185 772 1236 corum
793 1156 952 1236 domum
970 1174 1135 1248 venerat,
1156 1157 1257 1236 dicto
1275 1158 1396 1236 milite
1418 1160 1459 1235 in
1479 1159 1577 1238 lecto
1597 1189 1666 1240 suo
1682 1161 1741 1269 ja-

316 1304 423 1367 cente
443 1288 612 1375 infirmo,
632 1303 669 1363 et
682 1286 826 1366 ibidem
840 1285 1098 1377 comederant,
1115 1304 1245 1364 contra
1259 1288 1493 1366 voluntatem
1511 1307 1549 1367 et
1569 1291 1743 1397 prohibi-

318 1419 483 1508 cionem,
498 1434 543 1496 ut
554 1417 759 1511 dicebatur,
776 1419 907 1496 militis
921 1419 1146 1525 supradicti:
1165 1418 1354 1511 Tandem,
1372 1421 1597 1527 superfacto
1612 1421 1743 1529 hujus·

317 1548 422 1626 modi
442 1565 479 1626 et
498 1547 784 1628 defensionibus
800 1550 1002 1658 conjugum
1015 1549 1273 1655 predictorum
1289 1550 1478 1658 inquesta,
1498 1552 1546 1628 de
1562 1551 1742 1630 mandato

317 1696 458 1770 nostro,
473 1677 583 1771 facta,
597 1680 674 1757 visa
688 1697 727 1757 et
741 1680 943 1788 diligenter
956 1680 1180 1772 examinata,
1196 1707 1266 1787 per
1275 1681 1378 1758 curie
1393 1703 1520 1762 nostre
1530 1684 1740 1792 judicium,

318 1807 408 1887 dicti
429 1810 608 1918 conjuges
631 1839 745 1916 super
761 1808 858 1888 facto
876 1811 1047 1916 predicto
1067 1809 1232 1889 absoluti
1252 1809 1418 1889 fuerunt.

369 1940 567 2020 Dominica
587 1956 673 2048 post
693 1939 842 2018 octabas
863 1941 1137 2029 Candelarum,
1152 1969 1251 2020 anno
1270 1942 1535 2022 trecentesimo
1550 1944 1710 2023 decimo.

372 2202 480 2280 CXII.
512 2201 610 2281 Cum
639 2231 659 2280 a
688 2202 857 2309 quodam
882 2201 1074 2309 judicato,
1109 2229 1180 2307 pro
1201 2201 1408 2281 Guillelmo
1437 2203 1473 2280 le
1507 2203 1745 2310 Gaaingneur

314 2349 443 2411 contra
457 2333 668 2411 Jobannem
693 2331 984 2421 Butieularium,
1003 2333 1217 2440 juniorem,
1243 2360 1356 2438 super
1374 2332 1603 2439 quibusdam
1626 2336 1745 2414 misiis

314 2478 352 2539 et
372 2462 562 2568 dampnis,
583 2491 653 2569 per
670 2462 905 2569 prepositum
924 2462 1239 2541 silvanectensem
1259 2463 1378 2554 lacto,
1396 2463 1518 2540 dictus
1536 2465 1742 2554 lohannes,

312 2610 504 2700 tamquam
522 2621 542 2671 a
557 2590 651 2670 falso
666 2609 703 2670 et
715 2621 845 2700 pravo,
861 2593 908 2669 ad
923 2592 1104 2671 ballivum
1125 2593 1439 2671 silvanectensem
1452 2593 1689 2700 appellasset,
1708 2614 1745 2673 et

314 2723 352 2799 in
382 2752 490 2801 causa
513 2725 610 2801 dicte
629 2722 895 2831 appellacionis
911 2725 1104 2830 predictus
1124 2724 1286 2802 ballivus
1306 2726 1513 2831 precedens
1528 2725 1743 2832 judicatum

311 2855 524 2958 predictum
536 2854 810 2944 confirmasset,
833 2871 872 2932 et
890 2885 910 2931 a
928 2855 1018 2932 dicti
1033 2853 1160 2934 ballivi
1174 2856 1344 2964 judicato
1364 2854 1645 2934 confirmatorie
1659 2883 1744 2961 pre-

312 2983 429 3077 dieto,
451 3003 645 3094 tamquam
661 3014 681 3062 a
700 2983 794 3064 salso
810 3001 848 3062 et
866 3013 995 3092 pravo,
1014 2985 1138 3064 dictus
1155 2986 1346 3066 lebannes
1360 2986 1494 3064 iterato
1510 2987 1559 3063 ad
1575 3004 1741 3064 nostram

312 3115 453 3192 curiam
469 3118 710 3223 appellasset:
723 3118 911 3208 Tandem,
926 3117 1494 3224 incausadicteappellacionis,
1510 3116 1648 3194 auditis
1659 3146 1744 3223 pre·

314 3245 423 3324 dictis
442 3248 611 3353 partibus
627 3265 663 3324 et
680 3249 759 3325 viso
774 3275 952 3354 processu
972 3248 1161 3353 predicto,
1181 3247 1450 3354 perjudicium
1468 3262 1597 3324 nostre
1616 3249 1738 3339 curie,

313 3375 456 3452 dictum
476 3376 548 3454 luit
567 3377 780 3484 predictum
793 3377 975 3475 ballivum
995 3379 1093 3456 bene
1105 3378 1307 3485 judicasse,
1320 3394 1358 3454 et
1370 3377 1741 3454 dictumlohannem

312 3506 410 3583 male
423 3506 644 3613 appellasse,
663 3509 765 3585 curia
784 3524 909 3585 nostra
923 3524 1062 3598 tamen,
1080 3509 1128 3584 de
1147 3511 1269 3615 gracia
1285 3525 1323 3584 et
1342 3535 1387 3584 ex
1404 3535 1524 3596 causa,
1539 3535 1653 3613 super
1669 3508 1741 3584 boc

312 3636 383 3715 sibi
408 3639 554 3717 remisit
575 3639 788 3717 emendam.

366 3771 466 3849 lovis
485 3788 571 3878 post
588 3771 815 3850 Cathedram
838 3760 1100 3858 Sancti-Petri,
1119 3796 1218 3846 anno
1235 3770 1501 3848 trecentesimo
1518 3769 1681 3848 decimo.

368 4028 491 4106 CXlIl.
522 4029 619 4106 Cum
640 4031 837 4136 episcopus
856 4032 1095 4109 Garnotcnsis
1114 4045 1410 4136 conquereretur
1424 4028 1471 4106 de
1491 4029 1660 4136 quodam
1675 4032 1741 4138 ju-

314 4158 436 4238 dicato
462 4187 530 4265 per
545 4160 734 4268 judicium
754 4162 955 4238 hominum
977 4161 1081 4237 curie
1103 4159 1288 4251 Vernolii,
1310 4160 1352 4236 in
1371 4160 1498 4237 assisia
1521 4159 1649 4237 ballivi
1676 4162 1741 4241 Gi·

313 4291 434 4378 sorcii,
451 4321 572 4398 nuper
584 4293 682 4370 facto
696 4309 823 4370 contra
839 4293 964 4397 ipsum
979 4319 1048 4397 pro
1062 4289 1271 4369 Guillelmo
1286 4288 1461 4396 Crispini,
1479 4290 1611 4380 milite,
1626 4318 1740 4396 super
1850 4300 1865 4312 '

312 4422 446 4500 saisina
464 4423 565 4501 feodi
587 4424 635 4501 de
654 4424 690 4502 la
707 4407 834 4529 Loppe
851 4441 889 4501 et
902 4421 1089 4500 fructibus
1102 4421 1236 4498 exinde
1244 4421 1449 4526 perceptis,
1465 4422 1570 4526 qnod
1582 4418 1739 4498 feodum

311 4553 414 4631 idern
431 4555 637 4662 episcopus,
656 4573 699 4634 ut
711 4553 860 4644 dicitur,
883 4555 931 4632 ad
948 4579 1105 4630 manum
1122 4580 1229 4630 suam
1244 4577 1313 4656 pro
1330 4549 1480 4628 delectu
1496 4548 1662 4627 bominis
1680 4566 1738 4628 te-

311 4685 440 4774 nebat,
456 4702 627 4794 tempore
646 4685 731 4764 lacti
746 4686 904 4794 judicati
924 4684 1101 4792 predicti,
1123 4682 1251 4789 plures
1268 4681 1436 4759 raciones
1450 4707 1668 4787 proponens
1690 4682 1738 4758 ad

314 4814 431 4893 finem
451 4818 667 4897 annullandi
686 4836 723 4897 et
739 4818 905 4896 totaliter
928 4817 1125 4894 revocandi
1141 4813 1354 4922 judicatum
1377 4812 1609 4919 predictum,
1634 4810 1737 4889 dicto

316 4943 523 5026 Guillelmo
541 4949 669 5055 plures
687 4948 857 5026 raciones
881 4975 900 5024 e
926 4945 1110 5024 contrario
1131 4959 1383 5051 proponente;
1403 4940 1578 5032 tandem,
1600 4940 1737 5020 auditis

317 5103 429 5183 super
441 5079 512 5157 hoc
526 5079 701 5184 gentibus
722 5079 810 5157 dieti
825 5076 1004 5184 episcopi,
1019 5104 1089 5182 pro
1102 5075 1201 5183 ipso,
1216 5089 1255 5154 et
1267 5074 1368 5153 dicto
1386 5071 1522 5165 milite,
1539 5099 1609 5176 pro
1626 5098 1683 5158 se,
1697 5090 1735 5152 et

1560 5225 1610 5306 78.
