4450 6209
462 714 510 787 sc
892 776 893 779 γ
981 772 983 777 .
1043 679 1302 790 ms'omu.

237 873 366 930 rmum
379 874 422 937 tv,
460 857 612 936 recedat
623 854 944 963 quindilanietur.
960 894 973 924 υ
987 857 1137 951 Quibus
1149 856 1303 946 auditis,
1319 856 1409 933 dicti
1421 856 1598 965 magister
1605 855 1743 932 :Petrus
1757 872 1796 933 et
1808 883 1885 934 ser-

297 970 359 1011 1³01.

449 991 611 1065 uiantes·
621 988 669 1065 ud
686 1005 846 1065 castrum
860 988 911 1064 de
928 987 1138 1065 Pestiihaeo
1153 988 1350 1096 fugerunt,
1373 1006 1412 1065 et
1428 988 1566 1065 timore
1584 987 1719 1063 mertis
1739 987 1885 1066 ibidem

458 1148 498 1197 se
511 1120 763 1206 recluserunt,
777 1120 877 1198 dicto
891 1118 1065 1226 Philippo
1078 1120 1127 1197 de
1135 1118 1346 1198 icncheriis
1355 1120 1520 1206 dicente,
1537 1118 1791 1224 sFrengamus
1801 1140 1884 1227 per·
2003 1112 2010 1121 ’

458 1268 513 1327 tas
538 1251 699 1340 castris»
725 1278 766 1326 ac
792 1250 930 1326 deinde
956 1252 1191 1328 Bernardum
1212 1252 1259 1328 de
1283 1246 1529 1330 Miro-Mente
1554 1266 1593 1325 et
1610 1242 1808 1328 V‘ivianum
1834 1250 1882 1329 de

456 1382 652 1469 Cermeto,
667 1400 929 1486 procuratores
942 1382 1033 1459 dicti
1049 1383 1262 1472 Bertrandi‚
1279 1383 1402 1459 dictus
1415 1379 1611 1491 Philippus
1626 1374 1665 1456 et
1677 1375 1881 1487 plureselii

450 1512 698 1619 fugeremne
708 1512 921 1590 clamando:
937 1512 949 1581 ἰ
965 1512 1024 1590 Ad
1037 1517 1217 1590 mortem!
1232 1513 1291 1590 Ad
1298 1515 1538 1601 mulnarius,
1553 1534 1631 1588 ncn
1643 1515 1746 1587 eant!
1762 1513 1881 1589 »item

453 1642 599 1720 iunceus
624 1672 718 1750 ques
742 1643 832 1720 dicti
859 1645 1062 1722 servientes
1091 1646 1208 1723 nostri
1234 1645 1434 1751 portabant
1458 1643 1695 1719 abstulerunt
1718 1641 1879 1731 eisdem,

453 1776 670 1881 Pectusque,
687 1775 735 1851 de
760 1776 950 1885 Arragone
971 1794 1008 1853 et
1032 1773 1189 1883 quidam
1212 1776 1297 1863 alii,
1320 1774 1564 1852 demendam
1584 1773 1772 1850 dicturum
1793 1774 1881 1850 Phi-

454 1904 565 2011 lippi,
583 1906 751 2015 Hugonis
772 1923 809 1983 et
829 1905 963 2013 Helye,
980 1909 1192 1985 iohannem
1210 1907 1391 2012 Philippi,
1409 1905 1591 1983 nuncium
1608 1904 1698 1979 dicti
1714 1906 1764 1981 M.
1779 1902 1881 1981 Petri

454 2064 581 2114 versus
601 2035 739 2113 dictam
758 2037 943 2114 hastidam
969 2039 1161 2115 duxerunt
1184 2038 1360 2115 manibus
1386 2064 1406 2111 a
1429 2054 1536 2143 tergo
1560 2035 1702 2140 ligati33
1728 2052 1881 2141 propter

454 2195 528 2273 que
554 2167 674 2244 dictos
698 2168 915 2275 Philippum
945 2168 991 2245 de
1022 2168 1248 2256 lencheriis,
1279 2169 1431 2244 Petrum
1462 2167 1625 2253 Semini,
1653 2167 1806 2242 Petrum
1831 2166 1879 2245 de

453 2298 661 2402 Antigone,
685 2314 729 2373 et=
742 2297 834 2375 alios
856 2299 1032 2404 superius
1057 2300 1294 2387 nominatus,
1316 2324 1384 2403 per
1402 2298 1504 2375 curie
1528 2315 1658 2373 nostre
1673 2295 1876 2404 judicium,

453 2428 776 2534 condempnemus
791 2430 834 2504 in
856 2431 1054 2507 emendam
1077 2431 1328 2506 ducentarum
1348 2445 1386 2505 et
1406 2428 1676 2536 quinquaginta
1697 2426 1878 2505 librarum

452 2559 750 2648 Turonensium·⁹
762 2560 937 2638 videlicet
956 2562 1131 2639 ducentis
1149 2560 1256 2638 libris
1275 2559 1394 2637 nobis
1407 2561 1612 2649 solvendis,
1635 2577 1674 2637 et
1692 2561 1879 2667 quinqua-

447 2692 552 2798 ginta
568 2691 792 2769 librisdieto
805 2693 986 2798 magistro
1002 2693 1131 2781 Petro,
1155 2720 1223 2798 pm
1241 2720 1282 2768 se
1304 2706 1341 2766 et
1357 2691 1465 2767 dictis
1480 2690 1725 2767 servientibus
1741 2692 1879 2767 nostris

441 2852 492 2899 -ac
513 2823 628 2929 ipsius
647 2823 817 2929 predicte
838 2823 977 2899 nuncio
996 2823 1267 2931 persolvendis.

507 2953 712 3057 Jovispost
731 2954 767 3029 S.
791 2952 1029 3061 Gregorium.

509 3083 709 3161 Toffardus
728 3084 942 3188 reportavit.

441 3400 443 3405 -
494 3346 631 3422 XXIX.
663 3344 761 3422 Cum
774 3344 869 3423 facte
885 3363 999 3433 essct,
1017 3345 1260 3423 demandato
1279 3363 1426 3433 nostro,
1443 3344 1606 3452 quedam
1621 3346 1796 3451 inquestu
1814 3373 1876 3421 su-

445 3506 518 3583 per
532 3504 577 3554 eo
594 3478 703 3583 'quod
719 3476 912 3554 Rolandus
928 3476 974 3554 de
995 3477 1148 3566 Concu,
1169 3478 1295 3569 miles,
1311 3506 1381 3582 per
1398 3506 1438 3554 se
1454 3476 1514 3553 vel
1525 3494 1659 3583 gentes
1678 3503 1780 3564 suas,
1797 3504 1873 3552 ser-

446 3610 591 3687 vientes
602 3627 752 3710 uestros
761 3608 943 3686 violenter
952 3609 1200 3714 impediverct
1214 3610 1421 3715 quominus
1435 3609 1528 3715 ipsi,
1543 3610 1592 3687 ud
1603 3609 1676 3686 hec
1685 3608 1791 3685 missi
1805 3636 1873 3714 per

445 3739 698 3816 >senescallum
718 3741 1013 3829 Xantonensem,
1036 3738 1231 3816 diruerent
1249 3740 1431 3846 quasdam
1446 3740 1601 3816 surches
1619 3765 1688 3845 per
1707 3739 1871 3816 cundem

443 3868 613 3943 ,militem
624 3884 762 3944 erectas
778 3868 825 3945 de
842 3896 952 3956 novo,
971 3868 1114 3947 eisdem
1129 3868 1390 3957 servientibus,
1405 3895 1491 3945 cum
1504 3886 1733 3946 armatorum
1745 3869 1875 3947 multi-

442 3998 583 4076 ¹tudine
605 3999 837 4087 resistendo,
861 4016 898 4076 et
919 4027 1032 4104 super
1051 3998 1278 4105 quihumlam
1298 4000 1381 4077 aliis
1404 3998 1677 4079 inobedienc‘iis
1696 3995 1803 4077 factis
1826 4000 1872 4076 nb

450 4132 584 4207 ecdem
604 4130 727 4209 milite
742 4130 1165 4221 servientibus-nostris,
1186 4148 1225 4209 et
1248 4158 1361 4237 super
1384 4159 1430 4208 eo
1453 4131 1616 4208 maxime
1634 4131 1743 4238 qued
1769 4132 1871 4208 idem

446 4262 559 4339 miles
577 4261 785 4369 veigeutes
805 4290 873 4339 sue
892 4262 1209 4341 nolueruntdare
1225 4264 1370 4340 aditum
1389 4262 1563 4340 servienti
1581 4280 1713 4340 nostro
1733 4262 1781 4339 ad
1800 4288 1874 4341 rnu-

449 4394 600 4470 nerium
615 4393 731 4501 ipsius
746 4392 877 4470 militis
892 4393 939 4469 de
956 4394 1256 4503 flocha-Ayraut,
1274 4396 1392 4472 immo
1408 4412 1538 4470 contre
1557 4394 1703 4471 dimum
1717 4394 1873 4469 servien-

448 4544 526 4602 tem
542 4543 695 4631 pontem
713 4526 832 4632 ipsius
849 4526 1006 4602 manerii
1021 4524 1252 4615 levaverunt,
1269 4526 1357 4603 licet
1372 4524 1494 4603 dictes
1509 4524 1687 4614 serviens,
1703 4552 1750 4601 ‘ex
1766 4541 1870 4630 purte

449 4674 590 4750 nostra,
611 4657 786 4764 gentibus
809 4659 899 4735 dicei
924 4658 1056 4736 militis
1073 4657 1113 4737 in
1142 4657 1243 4735 dicto
1269 4656 1437 4734 manerio
1461 4656 1707 4734 existentibus
1728 4655 1871 4763 pluries

426 4788 654 4893 ¹preciperet
673 4804 712 4863 et
730 4789 907 4864 clamaret
926 4805 968 4864 ut
987 4786 1058 4865 sibi
1079 4788 1222 4865 dictum
1242 4788 1454 4864 manerium
1474 4786 1747 4892 aperirentita
1766 4780 1870 4892 quod

444 4914 524 5021 ipse
553 4934 680 5023 posset
708 4916 850 4993 ibidem
876 4944 987 4994 suum
1014 4918 1180 4997 officium
1210 4918 1449 5026 adimpieret
1476 4918 1867 5023 Tandem‚·inquesta

442 5047 611 5163 predicte
644 5050 719 5125 visa
747 5066 785 5125 et
816 5048 1016 5156 diligenter
1049 5052 1269 5140 exammata,
1305 5050 1426 5127 dictus
1457 5048 1566 5126 miles
1594 5052 1638 5127 iu
1668 5048 1869 5126 emendem
