4450 6209
528 668 601 766 σου
1104 694 1194 767 nus
1224 691 1363 766 otiu.

298 843 429 897 partim
441 841 484 905 ll·
525 832 609 925 boc,
625 836 826 942 appositos,
841 835 1022 929 amoveri,
1041 851 1080 912 et
1094 835 1256 942 dampna
1267 862 1342 940 qne
1354 850 1509 940 propter
1522 834 1595 911 hoc
1604 831 1784 910 sustinuit
1798 833 1868 910 sibi
1883 862 1936 910 re·

358 937 422 982 1³1⁰.

524 967 667 1058 sarciri3
681 966 782 1044 dicto
802 966 979 1072 magistro
998 964 1209 1046 Guillermo
1223 964 1352 1071 plures
1369 964 1539 1042 raciones
1556 963 1597 1039 in
1616 962 1848 1040 contrarium
1860 991 1937 1068 pro

524 1113 711 1202 ponente:
726 1095 911 1184 Tandem,
925 1095 1063 1174 auditis
1081 1097 1172 1174 hinc
1190 1095 1281 1172 inde
1291 1094 1493 1201 propositis
1507 1111 1546 1172 et
1555 1092 1642 1170 visis
1656 1091 1791 1169 litteris
1807 1108 1845 1168 et
1856 1121 1936 1196 pro·

524 1227 689 1304 cassibus
712 1228 815 1304 curie
838 1243 964 1306 nostre
992 1225 1142 1303 edictis
1161 1225 1333 1332 partibus
1352 1223 1527 1301 exhibitis
1553 1223 1641 1300 binc
1665 1239 1703 1299 et
1718 1222 1827 1310 inde,
1843 1223 1933 1298 curia

523 1374 665 1446 nostra,
687 1373 870 1464 quantum
891 1357 940 1434 ad
959 1355 1078 1463 ipsam
1098 1355 1278 1462 pertinet,
1299 1382 1495 1461 processus
1513 1381 1646 1432 omues
1665 1368 1704 1430 et
1721 1352 1935 1459 pronuncia-

523 1489 671 1566 cionem
684 1517 753 1594 per
764 1487 905 1565 dictum
917 1486 1197 1592 inquisitorem,
1212 1487 1348 1563 virtute
1358 1485 1449 1562 dicti
1460 1482 1736 1589 compromissi,
1745 1481 1935 1587 superhoc

521 1617 637 1696 laotos
657 1618 825 1697 totaliter
842 1615 1034 1707 enullavit,
1052 1617 1153 1694 salvo
1167 1616 1256 1723 jure
1276 1635 1354 1694 tarn
1369 1617 1410 1693 iu
1423 1615 1657 1722 possessione
1670 1639 1788 1719 quam
1806 1612 1846 1687 in
1859 1640 1936 1717 pro-

522 1749 680 1854 prietate
698 1750 883 1828 dictarum
898 1749 1063 1854 partium
1078 1775 1192 1854 super
1205 1763 1401 1853 patronatu
1421 1745 1612 1852 predicto,
1628 1759 1742 1851 prout
1755 1759 1839 1818 erat
1851 1758 1937 1819 tem·

522 1906 614 1983 pore
634 1877 719 1954 facti
734 1877 994 1982 compromissi
1008 1876 1181 1983 predicti,
1196 1894 1236 1953 et
1247 1875 1413 1981 precepit
1428 1875 1615 1964 custodes,
1631 1888 1788 1979 propter
1800 1872 1872 1948 hoc
1885 1900 1936 1976 ap

523 2007 665 2114 positus
680 2007 719 2082 in
729 2007 840 2085 bouis
855 2005 944 2084 dicti
960 2007 1108 2111 prioris,
1119 2035 1163 2083 ex
1176 2035 1279 2083 nuuc
1290 2006 1454 2083 amoveri
1470 2020 1508 2082 et
1523 2005 1698 2110 dampna,
1711 2002 1787 2080 sibi
1798 2030 1864 2108 per
1872 2003 1937 2078 boc

524 2137 641 2226 illata,
662 2165 705 2214 ex
720 2137 867 2244 integro
884 2135 1052 2212 resarciri
1071 2136 1196 2214 eidem
1214 2135 1405 2243 perillum
1420 2134 1485 2240 qui
1502 2134 1675 2242 apposuit
1693 2161 1762 2209 seu
1781 2131 1937 2236 precepit

523 2268 660 2376 apponi
679 2267 854 2346 custodes
867 2266 1068 2374 predictos.

580 2399 755 2477 Mercurii
771 2414 854 2505 post
872 2398 1157 2476 Penthecosten.

580 2530 630 2605 M.
652 2527 697 2606 G.
720 2528 768 2606 de
786 2530 881 2606 Usco
899 2527 1111 2633 reportavit.

580 2795 687 2873 XCII.
719 2796 837 2885 Cum,
854 2795 1000 2874 dudum
1022 2810 1104 2872 orta
1122 2792 1337 2901 questione,
1358 2818 1485 2870 curam
1510 2792 1702 2900 preposito
1730 2792 1933 2878 Parisiensi‚

525 2927 624 3002 inter
642 2953 729 3018 uos,
752 2953 796 3002 er
813 2953 887 3002 una
906 2941 1027 3031 parte,
1050 2941 1088 3002 et
1107 2923 1282 3002 abbatem
1301 2939 1340 3000 et
1358 2939 1584 3001 conventum
1605 2921 1935 3002 Sancte-Genovele

525 3055 755 3149 Parisiensis,
778 3083 822 3132 ex
838 3055 974 3144 altera,
993 3054 1141 3132 racione
1162 3055 1410 3160 quarumdam
1428 3053 1646 3131 bucharum
1661 3081 1728 3159 per
1747 3054 1868 3131 dictos
1884 3080 1936 3128 re-

481 3287 484 3294 ,
526 3185 678 3293 ligiosos
698 3203 905 3264 erectarum
931 3186 972 3260 in
995 3184 1185 3262 territorio
1206 3185 1254 3261 de
1278 3185 1384 3291 Soysi
1401 3201 1448 3262 'et
1472 3184 1519 3261 de
1542 3182 1666 3272 (labe,
1687 3213 1755 3291 per
1781 3183 1936 3261 eundem

524 3317 758 3422 prepositum
777 3317 1021 3404 diructarum,
1038 3343 1186 3393 necnon
1199 3316 1336 3394 saisine
1346 3315 1498 3422 justicie
1508 3314 1679 3393 locorum
1690 3314 1935 3421 predictorum

527 3463 564 3522 et
585 3447 903 3554 pertinenciarum
929 3447 1171 3535 eorumdem,
1192 3475 1261 3552 per
1280 3444 1370 3523 dicti
1390 3446 1570 3553 prepositi
1586 3446 1775 3553 judicium
1806 3445 1934 3522 dictum
2059 3487 2065 3505 ·

524 3576 657 3656 luisset
674 3607 744 3656 nos
760 3607 954 3657 remanere
975 3577 1114 3656 debere
1134 3577 1174 3654 iu
1197 3577 1331 3654 saisina
1344 3577 1496 3684 justicie
1514 3576 1670 3654 latronis
1689 3594 1727 3654 et
1744 3573 1935 3683 superioris

521 3708 671 3816 justicie
686 3708 726 3784 in
741 3707 850 3785 dictis
865 3708 957 3786 locis
977 3726 1160 3786 eteorum
1175 3705 1431 3811 pertinenciis,
1449 3723 1487 3784 et
1505 3708 1611 3813 quod
1629 3707 1728 3784 dicta
1741 3705 1825 3784 loca
1838 3722 1874 3782 et
1885 3731 1935 3779 eo

525 3866 611 3914 rum
627 3838 857 3944 pertinencie
867 3899 877 3930 ,
889 3838 929 3912 in
944 3836 1124 3943 predictis
1140 3835 1302 3926 casibus,
1313 3837 1563 3915 remanebunt
1575 3837 1645 3915 sub
1655 3837 1806 3945 justicia
1820 3831 1934 3913 castel·

527 3965 627 4043 lanie
640 3965 914 4056 Castri-Fortis,
929 3965 1024 4043 salva
1042 3993 1157 4071 super
1176 3965 1461 4077 hocquestione
1480 3967 1720 4073 proprietatis
1732 3966 1841 4044 dictis
1858 3962 1934 4040 reli·

526 4096 658 4205 giosis,
685 4095 865 4202 quodque
885 4096 975 4173 dicti
994 4095 1160 4203 religiosi
1183 4096 1434 4175 remanebunt
1452 4097 1491 4173 in
1510 4098 1645 4174 saisina
1668 4097 1774 4176 basse
1795 4093 1933 4204 justicie

527 4225 660 4306 subtus
675 4226 859 4304 latronem
875 4226 914 4303 in
930 4227 1022 4304 locis
1033 4228 1227 4333 predictis,
1239 4227 1336 4305 salva
1346 4226 1458 4305 nobis
1470 4227 1509 4305 in
1522 4228 1741 4335 hujusmodi
1750 4226 1932 4333 questione

490 4450 493 4458 Ι
526 4356 781 4464 proprietatis,
798 4374 837 4434 et
853 4356 1008 4447 deinde,
1024 4357 1072 4434 ad
1081 4357 1372 4463 requisicionem
1387 4357 1575 4436 dictorum
1587 4359 1862 4468 religiosorum,
1874 4381 1934 4429 uos

527 4488 730 4595 quamdam
744 4485 1053 4564 informacionem
1067 4485 1149 4564 fieri
1162 4488 1481 4567 mandavissemus
1493 4517 1607 4597 super
1614 4489 1702 4597 jure
1710 4483 1934 4595 proprietatis

529 4619 633 4724 quod
652 4647 692 4696 se
716 4618 855 4696 babere
875 4616 1050 4695 dicebant
1065 4617 1155 4695 dicti
1173 4618 1338 4725 religiosi
1357 4620 1397 4695 in
1417 4620 1610 4725 predictis,
1633 4647 1797 4727 quorum
1811 4615 1931 4696 saisina

522 4747 640 4826 nobis
659 4747 745 4837 luit,
763 4766 806 4825 ut
824 4747 1048 4854 premissum
1065 4766 1139 4838 est,
1159 4749 1370 4858 adjudicata
1388 4748 1486 4826 dicta
1500 4748 1771 4828 informacione
1786 4748 1832 4825 ad
1856 4771 1933 4822 nos-

528 4894 624 4954 tram
640 4877 780 4955 curiam
801 4893 1004 4985 reportata,
1023 4879 1111 4956 dicti
1124 4873 1292 4988 religiosi
1308 4881 1491 4958 instanter
1505 4880 1740 4987 requirerent
1751 4907 1834 4957 eam
1842 4873 1933 4984 judi-

530 5008 604 5086 ,cari
616 5040 624 5084 :
636 5009 819 5100 Tandem,
833 5009 908 5086 visa
927 5007 1195 5089 informacione
1212 5011 1390 5116 predicta,
1400 5038 1471 5116 per
1481 5027 1666 5090 arrestum
1681 5028 1808 5090 nostre
1824 5007 1928 5089 curie,
