4450 6209
509 701 584 772 298
1085 696 1177 767 tes
1209 693 1350 769 OLIM.

282 865 470 929 intumit,
508 870 594 918 mus
608 840 847 918 Trousseliec
864 836 1104 945 apropositis
1121 862 1237 944 snper
1252 838 1469 917 hoccontre
1484 864 1572 915 eum
1583 836 1811 943 perdiccam
1828 866 1928 915 com·

346 960 410 1002 ¹³⁰⁸·
510 972 723 1051 mimium
737 972 778 1048 in
788 971 964 1077 inquesta
979 968 1151 1076 prodicta:
1160 971 1364 1059 contentis,
1377 968 1467 1059 fuit,
1485 998 1552 1077 per
1567 968 1669 1047 enrie
1686 986 1814 1047 nostre
1828 970 1927 1075 judi-

511 1104 628 1192 cium,
653 1101 861 1180 absolutus.

566 1365 744 1444 XXXVII.
764 1363 889 1470 Super
900 1391 948 1441 eo
960 1363 1267 1470 qnodlolmnnes
1281 1364 1390 1471 lingo
1405 1380 1443 1441 et
1455 1361 1685 1442 Goillclmus
1694 1362 1870 1447 Tectam,
1884 1362 1929 1438 de

512 1494 687 1602 Rupclla,
701 1494 854 1585 francs,
868 1495 1049 1573 eumenis
1063 1492 1311 1602 complicibus
1327 1493 1551 1593 dicebanmr
1564 1482 1726 1571 domam
1735 1490 1928 1571 Guillelmi

512 1626 945 1705 Tromseliertiolcnter.
955 1643 994 1702 et
1007 1653 1094 1703 cnm
1108 1624 1411 1703 armisinvasisse
1426 1642 1464 1703 et
1479 1624 1631 1733 Ioegiese
1644 1623 1750 1702 tVisa
1763 1622 1932 1729 inqueeta

514 1776 552 1835 ct
572 1756 775 1865 diligenter
784 1757 1006 1849 examinata,
1017 1756 1345 1863 percurie'nostre
1360 1755 1568 1863 judicium,
1584 1754 1676 1833 dicti
1688 1752 1837 1842 hauet,
1853 1755 1933 1861 qni-

515 1888 610 1967 libet
629 1915 778 1977 eorom,
801 1889 843 1964 in
862 1888 1134 1997 quinquaginta
1153 1886 1259 1965 libris
1273 1886 1577 1978 Turonensibns,
1595 1914 1666 1993 pro
1685 1886 1847 1963 canenda
1865 1884 1932 1962 de-

515 2020 621 2097 mino
641 2020 748 2127 Regi,
769 2018 1035 2126 condempnati
1054 2018 1222 2111 facerunt.

571 2152 681 2227 Luae
697 2166 784 2256 pest
801 2148 1031 2229 andones.

521 2328 527 2351 .·
571 2280 806 2359 Gorteltcuse
824 2280 1035 2385 inportavit.

570 2541 761 2620 XXXVIII.
791 2541 915 2646 Super
925 2568 971 2617 co
980 2541 1085 2647 quod
1099 2536 1253 2647 quidam
1273 2540 1439 2617 canonici
1455 2536 1801 2618 Sancti-Flentonis
1814 2538 1935 2617 Petra-

515 2670 736 2781 goricensis,
753 2699 841 2747 cum
853 2670 1083 2776 quibusdam
1094 2670 1196 2762 aliis,
1212 2669 1397 2748 violenter
1412 2687 1450 2747 et
1464 2696 1551 2747 cum
1567 2684 1798 2747 armatorum
1813 2686 1852 2745 et
1865 2670 1935 2776 lay-

518 2828 648 2879 corum
668 2798 859 2907 potencia,
880 2826 923 2875 ac
946 2816 1074 2877 oontm
1097 2798 1400 2905 prohibicionem
1425 2798 1618 2877 servientis
1644 2798 1791 2878 domini
1810 2799 1933 2907 ΒΨ,

519 2930 568 3007 ad
588 2928 878 3008 custodiendum
894 2947 1068 3010 curatum
1083 2930 1238 3024 ecclesie
1253 2928 1744 3009 Sancti-Cilianiinsaisina
1757 2956 1824 3005 esta
1840 2928 1935 3006 dicte
2077 3042 2079 3045 Ι

521 3060 676 3139 ecclesie
689 3059 761 3139 sihi
774 3059 962 3165 deputati,
978 3059 1143 3137 eundem
1157 3078 1328 3139 curatam
1343 3059 1449 3151 inde,
1470 3076 1514 3137 nt
1525 3059 1675 3147 dicitur,
1691 3058 1932 3165 expulerunt,

521 3192 708 3297 inquesta,
724 3191 772 3267 de
789 3191 966 3269 mandato
987 3190 1179 3268 senescalli
1199 3191 1526 3299 Petregoncensis,
1542 3218 1611 3296 per
1630 3188 1713 3296 ejus
1721 3190 1936 3268 commissa-

519 3323 611 3411 rios,
627 3321 737 3410 lacta,
750 3320 826 3397 visa
841 3338 880 3398 et
894 3320 1094 3429 diligenter
1108 3322 1329 3412 examinata,
1347 3322 1432 3429 quia
1447 3322 1642 3398 inventum
1655 3320 1826 3426 estquod
1841 3318 1937 3397 dicta

520 3450 791 3557 inquestalacta
802 3449 965 3557 luitpost
975 3453 1230 3529 recusaciones
1241 3450 1483 3539 sufficientes,
1494 3450 1524 3527 si
1538 3449 1798 3557 probarentur,
1812 3466 1937 3526 cenna

521 3582 651 3659 dictos
661 3582 935 3659 comminutos
953 3583 1178 3688 propositas,
1196 3599 1239 3659 et
1257 3598 1342 3687 post
1360 3579 1654 3687 appellacionem
1673 3578 1858 3687 legittime
1876 3607 1938 3657 su·
1987 3561 1990 3569 ⁵

520 3738 588 3815 per
612 3711 685 3787 hoc
702 3710 986 3816 interpositam,
1009 3713 1112 3789 curia
1125 3712 1424 3803 nostradietam
1448 3708 1627 3787 enullavit
1649 3711 1879 3817 inqaisstam,
1901 3725 1937 3785 et

521 3841 815 3947 paecepitquod
833 3842 931 3919 dicta
951 3844 1121 3949 inquesta
1140 3843 1353 3921 remittatur
1372 3840 1421 3919 ad
1440 3840 1687 3919 senescallum
1707 3838 1934 3945 predictum,

522 3988 581 4059 ut,
599 3998 668 4075 pen
686 3999 725 4047 se
739 3970 797 4048 vel
813 3998 882 4079 per
899 3972 994 4049 alios
1006 3972 1358 4079 ydonenepattibne
1375 4000 1454 4049 non
1472 3988 1682 4078 suspectos,
1699 3970 1837 4054 vocatis.
1851 3996 1937 4075 pro-

521 4118 697 4178 curatore
713 4118 900 4180 nostroet
918 4102 1001 4179 aliis
1019 4103 1085 4211 qui
1104 4101 1457 4194 fuerintevocandi,
1469 4130 1582 4209 snper
1595 4096 1773 4208 predictis
1781 4099 1936 4177 excessi·

521 4229 593 4309 hus
607 4250 647 4310 ct
656 4233 1062 4342 .violenciis,:quuttum
1076 4235 1124 4312 ad
1136 4236 1278 4314 curiam
1294 4251 1459 4313 nostram
1472 4234 1655 4340 pertinet,
1665 4232 1716 4309 ad
1726 4231 1844 4308 linem
1854 4229 1938 4308 red-

523 4362 639 4440 dendi
657 4364 940 4473 partidmnpna
964 4393 1031 4443 sua
1055 4382 1092 4442 et
1118 4366 1192 4441 hoc
1215 4364 1442 4446 emendandi
1468 4363 1624 4441 domino
1649 4361 1756 4469 Regi,
1777 4379 1854 4438 tam
1873 4388 1939 4469 per
2014 4378 2017 4386 ’

519 4494 692 4571 testmin
710 4495 809 4572 dicta
820 4495 996 4602 inquesta
1008 4495 1099 4571 alias
1113 4494 1337 4602 productos,
1353 4522 1467 4601 qinom
1484 4522 1552 4600 per
1569 4492 1662 4571 alios
1675 4492 1862 4601 ydoneos,
1879 4520 1938 4567 ve-

520 4623 669 4699 ritatem
686 4623 1101 4731 ,diligenter.inqnirat,
1122 4625 1391 4730 etinquoetam
1411 4622 1633 4731 hujusmodi
1650 4622 1700 4700 ad
1720 4620 1861 4699 nariam
1880 4646 1938 4695 re·

522 4751 646 4828 mittat
663 4754 889 4860 completam
907 4756 956 4832 ad
971 4755 1554 4863 proximum-parlamentum,·et
1569 4750 1840 4833 adsidendum
1853 4776 1937 4827 eam

516 4879 694 4989 judicati,
718 4901 899 4989 quantum
921 4885 1131 4963 adoniam
1148 4892 1314 4966 nostram
1334 4883 1513 4992 pectinat,
1536 4884 1640 4961 diem
1660 4881 1833 4989 petibus
1854 4879 1940 4956 assi-

521 5010 688 5116 gnando,
710 5014 816 5091 atala
832 5016 909 5093 lnoc
927 5016 1069 5094 nariam
1089 5032 1252 5095 nostram
1275 5014 1528 5094 certificando.
