4450 6209
511 695 584 768 636
1090 693 1181 766 LES
1210 690 1352 766 OLIM.

284 845 414 900 Parum
427 845 470 911 IV.
508 837 642 914 Petrus
660 833 827 914 Barberii
848 833 990 912 dictum
1010 832 1172 912 militem
1190 832 1338 912 fecisset
1352 833 1444 939 poni
1465 832 1504 910 in
1523 832 1692 927 delectu,
1712 851 1931 946 peteretque

346 938 408 980 Μ’
509 966 753 1045 commodum
773 965 862 1044 dicti
884 964 1052 1044 delectus
1076 963 1149 1042 sibi
1171 965 1393 1073 adjudicari,
1422 983 1522 1044 certa
1542 965 1604 1043 dic
1624 994 1740 1072 super
1759 967 1834 1045 hoc
1849 997 1931 1074 par·

507 1098 610 1177 tibus
629 1099 826 1206 assignata,
848 1112 886 1174 et
900 1114 1143 1202 procuratore
1163 1096 1252 1173 dicti
1269 1096 1399 1183 militis
1416 1096 1514 1174 dictu
1532 1097 1593 1174 die
1614 1115 1874 1204 comparente,
1890 1120 1928 1177 et

507 1246 659 1337 petente
679 1228 900 1305 dilacionem
920 1227 979 1305 sui
999 1226 1146 1304 consilii
1171 1227 1339 1304 habendi
1365 1226 1437 1303 sibi
1458 1227 1556 1316 dari,
1579 1246 1618 1306 et
1634 1228 1699 1335 jus
1718 1258 1834 1334 super
1860 1230 1927 1308 boc

508 1361 580 1438 sibi
599 1359 723 1448 reddi,
746 1359 848 1436 dicto
867 1359 1047 1436 Barberio
1065 1356 1342 1434 contradicente
1363 1374 1405 1434 et·
1422 1376 1659 1463 proponente
1678 1360 1819 1438 dictam
1838 1360 1926 1438 dila-

507 1492 654 1570 cionem
670 1490 770 1568 dicto
784 1488 1028 1596 procuratori,
1042 1487 1090 1564 de
1101 1487 1375 1566 consuetudine
1392 1487 1596 1577 Castelleti,
1613 1518 1692 1568 non
1704 1519 1786 1568 esse
1801 1519 1926 1569 conce-

505 1623 669 1700 dendam
694 1620 762 1699 sed
788 1620 921 1726 pocius
952 1618 1235 1726 denegandam
1262 1619 1436 1711 tandem,
1459 1619 1598 1696 auditis
1619 1621 1790 1727 partibus
1815 1639 1853 1700 et
1871 1652 1926 1701 ea-

506 1781 592 1830 rum
606 1751 832 1840 racionibus,
853 1751 976 1828 dictus
991 1750 1217 1856 prepositus,
1231 1749 1534 1856 interloquendo,
1550 1751 1811 1856 pronunciavit
1827 1756 1924 1860 quod

507 1881 629 1960 dictus
651 1897 873 1988 procurator
898 1880 1034 1958 dictam
1056 1880 1281 1957 dilacionem
1301 1907 1381 1958 non
1403 1881 1576 1970 haberet,
1600 1910 1622 1958 a
1645 1909 1722 1988 quo
1743 1882 1921 1988 judicato,

505 2030 697 2120 tamquam
718 2041 739 2088 a
758 2011 851 2092 falso
873 2029 910 2090 et
928 2039 1053 2118 pravo,
1071 2011 1193 2088 dictus
1208 2029 1428 2116 procurator
1446 2010 1495 2086 ad
1515 2027 1681 2090 nostram
1700 2012 1844 2090 curiam
1863 2043 1922 2119 ap-

505 2141 678 2248 pellavit:
693 2141 840 2220 Auditis
862 2142 975 2250 igitur
1000 2140 1168 2250 partibus
1195 2157 1233 2217 et
1253 2168 1383 2218 earum
1403 2140 1617 2218 nacionibus
1632 2141 1846 2232 intellectis,
1861 2171 1922 2249 per

506 2272 608 2350 curie
623 2289 748 2350 nostre
759 2271 963 2380 judicium,
980 2271 1123 2350 dictum
1137 2270 1209 2348 fuit
1222 2271 1344 2377 quod,
1361 2271 1502 2378 rejecto
1518 2271 1619 2348 dicto
1628 2271 1800 2378 judicato
1815 2289 1853 2350 et
1863 2301 1922 2379 pe·

504 2403 607 2480 nitus
626 2402 807 2494 obmisso,
830 2402 928 2480 dicte
948 2419 1072 2508 partes
1095 2402 1135 2478 in
1161 2428 1293 2479 eorum
1317 2430 1427 2480 causa
1445 2400 1641 2508 principali
1661 2401 1821 2482 ulterius
1839 2431 1920 2510 pro-

504 2533 639 2611 cedent
658 2551 771 2639 prout
790 2531 905 2610 fuerit
918 2533 1077 2612 racionis
1096 2549 1136 2610 et
1153 2548 1273 2610 status
1288 2531 1386 2610 dicte
1406 2560 1515 2611 cause
1530 2531 1700 2646 requirit.

560 2664 758 2743 Dominica
777 2663 954 2772 predicta.

562 2794 747 2872 Thibotot
765 2792 976 2900 reportavit.

560 3063 618 3140 Vl.
641 3063 741 3140 Mota
754 3059 831 3154 lite,
847 3087 972 3139 coram
988 3061 1193 3141 senescallo
1206 3065 1516 3172 Petragoricensi,
1533 3062 1631 3141 inter
1640 3082 1916 3170 procuratorem

503 3210 692 3282 nostrum,
710 3221 779 3300 pro
794 3192 923 3280 nobis,
940 3220 1069 3270 exuna
1088 3211 1209 3301 parte,
1231 3212 1269 3272 et
1283 3194 1460 3274 abbatem
1481 3212 1521 3272 et
1538 3211 1766 3273 conventum
1783 3197 1918 3272 Turtu-
1965 3274 1969 3288 ,

502 3351 688 3414 recenses,
721 3352 764 3400 cx
788 3319 920 3413 altera,
946 3353 1125 3431 supereo
1148 3326 1255 3433 quod
1278 3325 1400 3403 dictus
1427 3343 1646 3431 procurator
1668 3325 1916 3432 proponebat,

502 3471 630 3534 contra
649 3454 768 3532 dictos
789 3454 963 3535 abbatem
989 3471 1027 3532 et
1046 3473 1285 3545 conventum,
1307 3456 1412 3563 quod
1436 3456 1506 3562 ipsi
1532 3473 1725 3535 erexerant
1742 3457 1917 3564 quasdam

500 3583 649 3663 furchas
661 3585 700 3663 iu
710 3586 958 3692 jurisdicione
975 3601 1012 3662 et
1024 3587 1580 3675 terri-torioTurturacensibus,
1590 3615 1704 3693 quam
1710 3586 1917 3694 juridiccio

500 3741 589 3790 nem
610 3714 759 3792 dicebat
774 3717 876 3792 idem
895 3734 1125 3822 procurator,
1148 3745 1192 3791 ex
1211 3733 1312 3793 certa
1330 3745 1455 3806 causa,
1476 3716 1591 3795 fuisse
1611 3735 1650 3794 et
1668 3745 1749 3796 esse
1763 3719 1916 3823 positam

500 3844 548 3920 ad
567 3871 723 3920 manum
743 3863 925 3937 nostram,
939 3862 977 3921 et
993 3846 1046 3922 sic
1061 3845 1214 3952 fregisse
1235 3847 1333 3924 dicte
1353 3875 1487 3924 manus
1502 3865 1628 3926 nostre
1644 3848 1915 3955 apposicionem

499 3969 695 4080 religiosos
708 3972 914 4078 predictos3
937 3974 1037 4052 unde
1053 3976 1204 4082 petebat
1224 3977 1347 4054 dictus
1360 3997 1580 4084 procurator
1591 3995 1719 4056 noster
1736 3978 1915 4084 predictas

498 4099 647 4178 surches
659 4103 826 4180 totaliter
839 4104 951 4198 dirui,
967 4123 1005 4182 et
1019 4107 1140 4184 dictos
1153 4107 1329 4186 abbatem
1340 4125 1380 4185 et
1391 4127 1617 4186 conventum
1631 4108 1788 4188 nobisin
1798 4136 1914 4186 emen-

499 4233 585 4309 dam
607 4233 845 4341 condignam,
861 4253 1013 4343 propter
1030 4237 1123 4327 hoc,
1139 4214 1430 4345 condempnari;
1445 4257 1550 4345 parte
1571 4240 1759 4318 dictorum
1774 4238 1913 4347 religio

497 4391 625 4441 sorum
645 4364 685 4441 in
703 4365 931 4443 contrarium
955 4351 1209 4474 propoirente,
1233 4387 1271 4446 ct
1294 4369 1443 4448 dicente
1463 4400 1502 4448 se
1533 4372 1583 4449 ad
1601 4371 1910 4478 »respondendum

496 4521 609 4599 super
631 4493 706 4572 hoc
731 4494 908 4601 compelli
933 4524 1009 4574 non
1035 4496 1191 4590 debere,
1213 4500 1284 4576 nisi
1312 4499 1437 4605 prius,
1464 4501 1613 4578 traditis
1635 4500 1707 4579 sibi
1731 4501 1912 4606 peticione

497 4649 564 4700 seu
586 4625 750 4702 articulis
770 4655 881 4734 supra
899 4629 1120 4734 propositis,
1138 4647 1177 4707 et
1188 4631 1252 4706 die
1268 4631 1317 4706 ad
1331 4631 1618 4710 deliberandum
1634 4633 1705 4710 sibi
1721 4661 1833 4739 super
1844 4634 1911 4710 boc

496 4753 697 4860 assignata,
719 4773 757 4834 et
774 4787 861 4834 cum
876 4759 949 4835 boc
967 4759 1119 4864 petebat
1139 4761 1209 4837 sibi
1230 4778 1409 4838 mostram
1424 4780 1514 4839 ante·
1527 4762 1654 4840 omnia
1673 4763 1756 4840 fieri
1776 4761 1910 4840 debere

495 4880 569 4961 loci
582 4883 684 4961 illius
698 4887 764 4964 ubi
783 4887 886 4966 furce
906 4890 1073 4996 predicte
1087 4892 1311 4974 dicebantur
1324 4921 1393 4998 per
1407 4893 1508 5000 ipsos
1521 4911 1659 4982 erecte,
1681 4922 1768 4974 cum
1787 4893 1910 5002 plures

475 5083 478 5089 .
496 5031 620 5092 essent
638 5013 742 5093 lurco
759 5017 798 5094 in
820 5018 927 5098 dictis
942 5020 1026 5099 loco
1047 5039 1085 5100 et
1102 5023 1310 5111 territorio,
1332 5041 1370 5136 et
1389 5023 1517 5130 plures
1535 5023 1624 5102 alias
1641 5024 1818 5105 raciones
1827 5051 1909 5129 pro
