<?xml version="1.0" encoding="UTF-8"?>
<!DOCTYPE html PUBLIC "-//W3C//DTD XHTML 1.0 Transitional//EN"
    "http://www.w3.org/TR/xhtml1/DTD/xhtml1-transitional.dtd">
<html xmlns="http://www.w3.org/1999/xhtml" xml:lang="en" lang="en">
 <head>
  <title>
</title>
<meta http-equiv="Content-Type" content="text/html;charset=utf-8" />
  <meta name='ocr-system' content='tesseract 3.04.00' />
  <meta name='ocr-capabilities' content='ocr_page ocr_carea ocr_par ocr_line ocrx_word'/>
</head>
<body>
  <div class='ocr_page' id='page_1' title='image "./lesolimouregist00parigoog_0244.png"; bbox 0 0 4450 6209; ppageno 0'>
   <div class='ocr_carea' id='block_1_1' title="bbox 414 748 1786 1025">
    <p class='ocr_par' dir='ltr' id='par_1_1' title="bbox 414 748 1786 1025">
     <span class='ocr_line' id='line_1_1' title="bbox 772 748 1786 858; baseline 0.002 -16"><span class='ocrx_word' id='word_1_1' title='bbox 772 748 1042 858; x_wconf 76' lang='lat' dir='ltr'>anunrns</span> <span class='ocrx_word' id='word_1_2' title='bbox 1067 769 1132 842; x_wconf 87' lang='lat' dir='ltr'>nr</span> <span class='ocrx_word' id='word_1_3' title='bbox 1160 749 1367 846; x_wconf 79' lang='lat' dir='ltr'>rnoons.</span> <span class='ocrx_word' id='word_1_4' title='bbox 1418 785 1421 792; x_wconf 95' lang='lat'>·</span> <span class='ocrx_word' id='word_1_5' title='bbox 1717 770 1786 844; x_wconf 78' lang='lat' dir='ltr'>un</span> 
     </span>
     <span class='ocr_line' id='line_1_2' title="bbox 414 911 1207 1025; baseline 0 -33"><span class='ocrx_word' id='word_1_6' title='bbox 414 912 515 1000; x_wconf 76' lang='lat' dir='ltr'>louis</span> <span class='ocrx_word' id='word_1_7' title='bbox 537 929 623 1019; x_wconf 89' lang='lat' dir='ltr'>post</span> <span class='ocrx_word' id='word_1_8' title='bbox 634 911 874 1016; x_wconf 75' lang='lat' dir='ltr'>,quindenam</span> <span class='ocrx_word' id='word_1_9' title='bbox 893 911 1115 992; x_wconf 87' lang='lat' dir='ltr'>Caudelose.</span> <span class='ocrx_word' id='word_1_10' title='bbox 1204 1017 1207 1025; x_wconf 18' lang='grc'>1</span> 
     </span>
    </p>
   </div>
   <div class='ocr_carea' id='block_1_2' title="bbox 329 1177 1788 2865">
    <p class='ocr_par' dir='ltr' id='par_1_2' title="bbox 329 1177 1788 2733">
     <span class='ocr_line' id='line_1_3' title="bbox 412 1177 1786 1288; baseline 0.001 -31"><span class='ocrx_word' id='word_1_11' title='bbox 412 1179 506 1260; x_wconf 86' lang='lat' dir='ltr'><strong>XVI.</strong></span> <span class='ocrx_word' id='word_1_12' title='bbox 537 1178 637 1256; x_wconf 89' lang='lat' dir='ltr'>Cum</span> <span class='ocrx_word' id='word_1_13' title='bbox 660 1177 884 1286; x_wconf 89' lang='lat' dir='ltr'>Paganellus</span> <span class='ocrx_word' id='word_1_14' title='bbox 909 1177 957 1254; x_wconf 89' lang='lat' dir='ltr'>de</span> <span class='ocrx_word' id='word_1_15' title='bbox 979 1179 1101 1271; x_wconf 85' lang='lat' dir='ltr'>Luca,</span> <span class='ocrx_word' id='word_1_16' title='bbox 1128 1205 1198 1286; x_wconf 90' lang='lat' dir='ltr'>pro</span> <span class='ocrx_word' id='word_1_17' title='bbox 1223 1205 1263 1256; x_wconf 91' lang='lat' dir='ltr'>se</span> <span class='ocrx_word' id='word_1_18' title='bbox 1288 1195 1326 1256; x_wconf 89' lang='lat' dir='ltr'>et</span> <span class='ocrx_word' id='word_1_19' title='bbox 1348 1181 1459 1258; x_wconf 93' lang='lat' dir='ltr'>sociis</span> <span class='ocrx_word' id='word_1_20' title='bbox 1482 1180 1579 1268; x_wconf 86' lang='lat' dir='ltr'>suis,</span> <span class='ocrx_word' id='word_1_21' title='bbox 1606 1180 1786 1288; x_wconf 80' lang='lat' dir='ltr'>quasdam</span> 
     </span>
     <span class='ocr_line' id='line_1_4' title="bbox 354 1309 1786 1424; baseline 0.001 -36"><span class='ocrx_word' id='word_1_22' title='bbox 354 1311 499 1392; x_wconf 77' lang='lat' dir='ltr'>litteras</span> <span class='ocrx_word' id='word_1_23' title='bbox 516 1337 718 1424; x_wconf 81' lang='lat' dir='ltr'>summam</span> <span class='ocrx_word' id='word_1_24' title='bbox 747 1309 995 1389; x_wconf 89' lang='lat' dir='ltr'>ducentarum</span> <span class='ocrx_word' id='word_1_25' title='bbox 1024 1309 1209 1388; x_wconf 89' lang='lat' dir='ltr'>librarum</span> <span class='ocrx_word' id='word_1_26' title='bbox 1239 1310 1504 1389; x_wconf 89' lang='lat' dir='ltr'>Parisiensium</span> <span class='ocrx_word' id='word_1_27' title='bbox 1529 1312 1786 1404; x_wconf 81' lang='lat' dir='ltr'>continentes,</span> 
     </span>
     <span class='ocr_line' id='line_1_5' title="bbox 354 1439 1788 1553; baseline 0.002 -33"><span class='ocrx_word' id='word_1_28' title='bbox 354 1442 504 1521; x_wconf 85' lang='lat' dir='ltr'>racione</span> <span class='ocrx_word' id='word_1_29' title='bbox 524 1439 704 1524; x_wconf 80' lang='lat' dir='ltr'>cessionis</span> <span class='ocrx_word' id='word_1_30' title='bbox 724 1440 795 1520; x_wconf 92' lang='lat' dir='ltr'>sibi</span> <span class='ocrx_word' id='word_1_31' title='bbox 817 1441 952 1520; x_wconf 81' lang='lat' dir='ltr'>lactea</span> <span class='ocrx_word' id='word_1_32' title='bbox 974 1440 1020 1520; x_wconf 90' lang='lat' dir='ltr'>G.</span> <span class='ocrx_word' id='word_1_33' title='bbox 1042 1441 1268 1532; x_wconf 82' lang='lat' dir='ltr'>Marescalli,</span> <span class='ocrx_word' id='word_1_34' title='bbox 1288 1470 1413 1520; x_wconf 87' lang='lat' dir='ltr'>coram</span> <span class='ocrx_word' id='word_1_35' title='bbox 1432 1444 1630 1522; x_wconf 86' lang='lat' dir='ltr'>Parisiensi</span> <span class='ocrx_word' id='word_1_36' title='bbox 1652 1472 1788 1553; x_wconf 88' lang='lat' dir='ltr'>prepo—</span> 
     </span>
     <span class='ocr_line' id='line_1_6' title="bbox 354 1571 1788 1680; baseline -0.001 -26"><span class='ocrx_word' id='word_1_37' title='bbox 354 1576 428 1654; x_wconf 87' lang='lat' dir='ltr'>sito</span> <span class='ocrx_word' id='word_1_38' title='bbox 447 1573 623 1680; x_wconf 79' lang='lat' dir='ltr'>peciisset</span> <span class='ocrx_word' id='word_1_39' title='bbox 640 1589 771 1652; x_wconf 87' lang='lat' dir='ltr'>contra</span> <span class='ocrx_word' id='word_1_40' title='bbox 788 1572 1000 1653; x_wconf 86' lang='lat' dir='ltr'>Johannam</span> <span class='ocrx_word' id='word_1_41' title='bbox 1018 1571 1066 1650; x_wconf 89' lang='lat' dir='ltr'>de</span> <span class='ocrx_word' id='word_1_42' title='bbox 1092 1572 1410 1651; x_wconf 79' lang='lat' dir='ltr'>SanctoMartino</span> <span class='ocrx_word' id='word_1_43' title='bbox 1437 1575 1653 1654; x_wconf 79' lang='lat' dir='ltr'>execucioni</span> <span class='ocrx_word' id='word_1_44' title='bbox 1680 1605 1788 1653; x_wconf 85' lang='lat' dir='ltr'>man-</span> 
     </span>
     <span class='ocr_line' id='line_1_7' title="bbox 355 1703 1788 1812; baseline 0.001 -28"><span class='ocrx_word' id='word_1_45' title='bbox 355 1705 451 1794; x_wconf 86' lang='lat' dir='ltr'>dari,</span> <span class='ocrx_word' id='word_1_46' title='bbox 484 1722 523 1780; x_wconf 88' lang='lat' dir='ltr'>et</span> <span class='ocrx_word' id='word_1_47' title='bbox 541 1733 564 1780; x_wconf 87' lang='lat' dir='ltr'>a</span> <span class='ocrx_word' id='word_1_48' title='bbox 580 1703 746 1809; x_wconf 86' lang='lat' dir='ltr'>quodam</span> <span class='ocrx_word' id='word_1_49' title='bbox 761 1703 931 1810; x_wconf 87' lang='lat' dir='ltr'>judicato</span> <span class='ocrx_word' id='word_1_50' title='bbox 956 1731 1025 1780; x_wconf 87' lang='lat' dir='ltr'>seu</span> <span class='ocrx_word' id='word_1_51' title='bbox 1049 1703 1266 1808; x_wconf 85' lang='lat' dir='ltr'>prolucione</span> <span class='ocrx_word' id='word_1_52' title='bbox 1294 1733 1407 1812; x_wconf 88' lang='lat' dir='ltr'>super</span> <span class='ocrx_word' id='word_1_53' title='bbox 1424 1705 1499 1782; x_wconf 89' lang='lat' dir='ltr'>hoc</span> <span class='ocrx_word' id='word_1_54' title='bbox 1522 1706 1628 1784; x_wconf 79' lang='lat' dir='ltr'>sactis</span> <span class='ocrx_word' id='word_1_55' title='bbox 1652 1709 1701 1784; x_wconf 85' lang='lat' dir='ltr'>ad</span> <span class='ocrx_word' id='word_1_56' title='bbox 1718 1737 1788 1787; x_wconf 88' lang='lat' dir='ltr'>nos</span> 
     </span>
     <span class='ocr_line' id='line_1_8' title="bbox 329 1833 1787 1945; baseline 0.001 -29"><span class='ocrx_word' id='word_1_57' title='bbox 329 1849 333 1855; x_wconf 85' lang='lat'>&#39;</span> <span class='ocrx_word' id='word_1_58' title='bbox 353 1836 583 1945; x_wconf 87' lang='lat' dir='ltr'>appellatum</span> <span class='ocrx_word' id='word_1_59' title='bbox 602 1833 752 1912; x_wconf 84' lang='lat' dir='ltr'>luisset:</span> <span class='ocrx_word' id='word_1_60' title='bbox 770 1835 959 1922; x_wconf 85' lang='lat' dir='ltr'>Tandem,</span> <span class='ocrx_word' id='word_1_61' title='bbox 978 1835 1141 1914; x_wconf 77' lang='lat' dir='ltr'>obmissa</span> <span class='ocrx_word' id='word_1_62' title='bbox 1158 1834 1415 1943; x_wconf 89' lang='lat' dir='ltr'>appellacione</span> <span class='ocrx_word' id='word_1_63' title='bbox 1435 1837 1622 1944; x_wconf 81' lang='lat' dir='ltr'>predicta,</span> <span class='ocrx_word' id='word_1_64' title='bbox 1645 1840 1787 1918; x_wconf 83' lang='lat' dir='ltr'>auditis</span> 
     </span>
     <span class='ocr_line' id='line_1_9' title="bbox 354 1965 1786 2075; baseline 0.001 -29"><span class='ocrx_word' id='word_1_65' title='bbox 354 1967 522 2075; x_wconf 91' lang='lat' dir='ltr'>parcium</span> <span class='ocrx_word' id='word_1_66' title='bbox 542 1965 758 2045; x_wconf 79' lang='lat' dir='ltr'>nacionibus</span> <span class='ocrx_word' id='word_1_67' title='bbox 779 1966 1014 2072; x_wconf 89' lang='lat' dir='ltr'>superdicta</span> <span class='ocrx_word' id='word_1_68' title='bbox 1032 1966 1230 2073; x_wconf 88' lang='lat' dir='ltr'>principali</span> <span class='ocrx_word' id='word_1_69' title='bbox 1251 1968 1467 2075; x_wconf 82' lang='lat' dir='ltr'>questione,</span> <span class='ocrx_word' id='word_1_70' title='bbox 1489 1986 1528 2047; x_wconf 89' lang='lat' dir='ltr'>et</span> <span class='ocrx_word' id='word_1_71' title='bbox 1544 1969 1632 2047; x_wconf 87' lang='lat' dir='ltr'>visis</span> <span class='ocrx_word' id='word_1_72' title='bbox 1651 1970 1786 2048; x_wconf 86' lang='lat' dir='ltr'>litteris</span> 
     </span>
     <span class='ocr_line' id='line_1_10' title="bbox 354 2098 1784 2210; baseline -0.001 -30"><span class='ocrx_word' id='word_1_73' title='bbox 354 2099 600 2210; x_wconf 89' lang='lat' dir='ltr'>obligacionis</span> <span class='ocrx_word' id='word_1_74' title='bbox 614 2116 651 2177; x_wconf 87' lang='lat' dir='ltr'>et</span> <span class='ocrx_word' id='word_1_75' title='bbox 675 2098 852 2176; x_wconf 85' lang='lat' dir='ltr'>cessionis</span> <span class='ocrx_word' id='word_1_76' title='bbox 865 2098 1049 2206; x_wconf 81' lang='lat' dir='ltr'>predicte,</span> <span class='ocrx_word' id='word_1_77' title='bbox 1066 2128 1136 2207; x_wconf 88' lang='lat' dir='ltr'>per</span> <span class='ocrx_word' id='word_1_78' title='bbox 1151 2099 1254 2178; x_wconf 87' lang='lat' dir='ltr'>curie</span> <span class='ocrx_word' id='word_1_79' title='bbox 1269 2115 1396 2180; x_wconf 84' lang='lat' dir='ltr'>nostre</span> <span class='ocrx_word' id='word_1_80' title='bbox 1407 2101 1616 2207; x_wconf 86' lang='lat' dir='ltr'>judicium,</span> <span class='ocrx_word' id='word_1_81' title='bbox 1640 2101 1784 2180; x_wconf 88' lang='lat' dir='ltr'>dictum</span> 
     </span>
     <span class='ocr_line' id='line_1_11' title="bbox 354 2231 1787 2340; baseline 0 -28"><span class='ocrx_word' id='word_1_82' title='bbox 354 2235 426 2312; x_wconf 82' lang='lat' dir='ltr'>tuit</span> <span class='ocrx_word' id='word_1_83' title='bbox 441 2231 547 2340; x_wconf 94' lang='lat' dir='ltr'>quod</span> <span class='ocrx_word' id='word_1_84' title='bbox 567 2231 691 2309; x_wconf 86' lang='lat' dir='ltr'>littere</span> <span class='ocrx_word' id='word_1_85' title='bbox 710 2232 879 2339; x_wconf 81' lang='lat' dir='ltr'>predicte</span> <span class='ocrx_word' id='word_1_86' title='bbox 899 2259 979 2310; x_wconf 91' lang='lat' dir='ltr'>non</span> <span class='ocrx_word' id='word_1_87' title='bbox 996 2231 1278 2310; x_wconf 81' lang='lat' dir='ltr'>mundabuntur</span> <span class='ocrx_word' id='word_1_88' title='bbox 1299 2233 1532 2322; x_wconf 81' lang='lat' dir='ltr'>execucioni,</span> <span class='ocrx_word' id='word_1_89' title='bbox 1555 2234 1680 2312; x_wconf 85' lang='lat' dir='ltr'>sedin</span> <span class='ocrx_word' id='word_1_90' title='bbox 1701 2263 1787 2312; x_wconf 89' lang='lat' dir='ltr'>nos-</span> 
     </span>
     <span class='ocr_line' id='line_1_12' title="bbox 352 2363 1784 2470; baseline 0.001 -28"><span class='ocrx_word' id='word_1_91' title='bbox 352 2383 410 2442; x_wconf 87' lang='lat' dir='ltr'>tra</span> <span class='ocrx_word' id='word_1_92' title='bbox 428 2365 530 2444; x_wconf 87' lang='lat' dir='ltr'>curia</span> <span class='ocrx_word' id='word_1_93' title='bbox 548 2364 802 2442; x_wconf 85' lang='lat' dir='ltr'>remanebunt</span> <span class='ocrx_word' id='word_1_94' title='bbox 818 2393 905 2442; x_wconf 90' lang='lat' dir='ltr'>cum</span> <span class='ocrx_word' id='word_1_95' title='bbox 930 2391 1109 2469; x_wconf 90' lang='lat' dir='ltr'>processu</span> <span class='ocrx_word' id='word_1_96' title='bbox 1129 2363 1259 2442; x_wconf 86' lang='lat' dir='ltr'>habito</span> <span class='ocrx_word' id='word_1_97' title='bbox 1280 2393 1349 2470; x_wconf 86' lang='lat' dir='ltr'>per</span> <span class='ocrx_word' id='word_1_98' title='bbox 1369 2367 1538 2456; x_wconf 86' lang='lat' dir='ltr'>easdem,</span> <span class='ocrx_word' id='word_1_99' title='bbox 1560 2365 1660 2443; x_wconf 89' lang='lat' dir='ltr'>salvo</span> <span class='ocrx_word' id='word_1_100' title='bbox 1682 2365 1784 2444; x_wconf 90' lang='lat' dir='ltr'>dicto</span> 
     </span>
     <span class='ocr_line' id='line_1_13' title="bbox 353 2481 1783 2606; baseline 0 -32"><span class='ocrx_word' id='word_1_101' title='bbox 353 2496 551 2606; x_wconf 89' lang='lat' dir='ltr'>Paganello</span> <span class='ocrx_word' id='word_1_102' title='bbox 570 2481 611 2574; x_wconf 86' lang='lat' dir='ltr'>et</span> <span class='ocrx_word' id='word_1_103' title='bbox 627 2497 710 2604; x_wconf 78' lang='lat' dir='ltr'>ejus</span> <span class='ocrx_word' id='word_1_104' title='bbox 729 2495 840 2574; x_wconf 87' lang='lat' dir='ltr'>sociis</span> <span class='ocrx_word' id='word_1_105' title='bbox 858 2496 1003 2576; x_wconf 89' lang='lat' dir='ltr'>actione</span> <span class='ocrx_word' id='word_1_106' title='bbox 1022 2524 1090 2576; x_wconf 82' lang='lat' dir='ltr'>sua</span> <span class='ocrx_word' id='word_1_107' title='bbox 1108 2511 1237 2576; x_wconf 85' lang='lat' dir='ltr'>contra</span> <span class='ocrx_word' id='word_1_108' title='bbox 1258 2495 1396 2576; x_wconf 85' lang='lat' dir='ltr'>dictam</span> <span class='ocrx_word' id='word_1_109' title='bbox 1412 2497 1639 2586; x_wconf 83' lang='lat' dir='ltr'>lohannam,</span> <span class='ocrx_word' id='word_1_110' title='bbox 1656 2498 1687 2575; x_wconf 86' lang='lat' dir='ltr'>si</span> <span class='ocrx_word' id='word_1_111' title='bbox 1705 2497 1783 2604; x_wconf 87' lang='lat' dir='ltr'>ipsa</span> 
     </span>
     <span class='ocr_line' id='line_1_14' title="bbox 354 2625 1160 2733; baseline 0 -29"><span class='ocrx_word' id='word_1_112' title='bbox 354 2627 404 2704; x_wconf 87' lang='lat' dir='ltr'>sit</span> <span class='ocrx_word' id='word_1_113' title='bbox 422 2627 477 2704; x_wconf 90' lang='lat' dir='ltr'>eis</span> <span class='ocrx_word' id='word_1_114' title='bbox 496 2626 631 2704; x_wconf 81' lang='lat' dir='ltr'>exalia</span> <span class='ocrx_word' id='word_1_115' title='bbox 650 2657 759 2706; x_wconf 89' lang='lat' dir='ltr'>causa</span> <span class='ocrx_word' id='word_1_116' title='bbox 778 2627 818 2707; x_wconf 91' lang='lat' dir='ltr'>iu</span> <span class='ocrx_word' id='word_1_117' title='bbox 838 2627 968 2733; x_wconf 86' lang='lat' dir='ltr'>aliquo</span> <span class='ocrx_word' id='word_1_118' title='bbox 987 2625 1160 2733; x_wconf 83' lang='lat' dir='ltr'>obligata.</span> 
     </span>
    </p>

    <p class='ocr_par' dir='ltr' id='par_1_3' title="bbox 409 2757 1103 2865">
     <span class='ocr_line' id='line_1_15' title="bbox 409 2757 1103 2865; baseline 0.001 -30"><span class='ocrx_word' id='word_1_119' title='bbox 409 2757 509 2835; x_wconf 89' lang='lat' dir='ltr'>Jovis</span> <span class='ocrx_word' id='word_1_120' title='bbox 527 2776 613 2865; x_wconf 88' lang='lat' dir='ltr'>post</span> <span class='ocrx_word' id='word_1_121' title='bbox 632 2759 865 2864; x_wconf 85' lang='lat' dir='ltr'>quindenam</span> <span class='ocrx_word' id='word_1_122' title='bbox 883 2758 1103 2842; x_wconf 85' lang='lat' dir='ltr'>Candelos&#39;e.</span> 
     </span>
    </p>
   </div>
   <div class='ocr_carea' id='block_1_3' title="bbox 347 3027 1782 4320">
    <p class='ocr_par' dir='ltr' id='par_1_4' title="bbox 347 3027 1782 4320">
     <span class='ocr_line' id='line_1_16' title="bbox 408 3027 1782 3134; baseline 0 -32"><span class='ocrx_word' id='word_1_123' title='bbox 408 3027 516 3106; x_wconf 88' lang='lat' dir='ltr'>XVII.</span> <span class='ocrx_word' id='word_1_124' title='bbox 547 3028 672 3133; x_wconf 84' lang='lat' dir='ltr'>Super</span> <span class='ocrx_word' id='word_1_125' title='bbox 685 3028 884 3134; x_wconf 87' lang='lat' dir='ltr'>questione</span> <span class='ocrx_word' id='word_1_126' title='bbox 902 3047 1006 3108; x_wconf 86' lang='lat' dir='ltr'>mota</span> <span class='ocrx_word' id='word_1_127' title='bbox 1021 3029 1121 3110; x_wconf 85' lang='lat' dir='ltr'>inter</span> <span class='ocrx_word' id='word_1_128' title='bbox 1135 3028 1310 3108; x_wconf 86' lang='lat' dir='ltr'>abbatem</span> <span class='ocrx_word' id='word_1_129' title='bbox 1329 3044 1367 3105; x_wconf 89' lang='lat' dir='ltr'>et</span> <span class='ocrx_word' id='word_1_130' title='bbox 1386 3043 1612 3104; x_wconf 86' lang='lat' dir='ltr'>conventum</span> <span class='ocrx_word' id='word_1_131' title='bbox 1634 3053 1782 3103; x_wconf 86' lang='lat' dir='ltr'>monas-</span> 
     </span>
     <span class='ocr_line' id='line_1_17' title="bbox 351 3157 1782 3266; baseline 0.003 -34"><span class='ocrx_word' id='word_1_132' title='bbox 351 3157 434 3234; x_wconf 87' lang='lat' dir='ltr'>terii</span> <span class='ocrx_word' id='word_1_133' title='bbox 462 3159 794 3248; x_wconf 74' lang='lat' dir='ltr'>SanctiGeremari</span> <span class='ocrx_word' id='word_1_134' title='bbox 814 3159 1078 3250; x_wconf 81' lang='lat' dir='ltr'>Flaviacensis,</span> <span class='ocrx_word' id='word_1_135' title='bbox 1100 3187 1146 3236; x_wconf 84' lang='lat' dir='ltr'>ex</span> <span class='ocrx_word' id='word_1_136' title='bbox 1159 3187 1234 3238; x_wconf 83' lang='lat' dir='ltr'>una</span> <span class='ocrx_word' id='word_1_137' title='bbox 1256 3180 1378 3266; x_wconf 85' lang='lat' dir='ltr'>parte,</span> <span class='ocrx_word' id='word_1_138' title='bbox 1405 3177 1442 3237; x_wconf 83' lang='lat' dir='ltr'>et</span> <span class='ocrx_word' id='word_1_139' title='bbox 1464 3159 1644 3237; x_wconf 85' lang='lat' dir='ltr'>ballivum</span> <span class='ocrx_word' id='word_1_140' title='bbox 1666 3157 1782 3236; x_wconf 83' lang='lat' dir='ltr'>Silva-</span> 
     </span>
     <span class='ocr_line' id='line_1_18' title="bbox 352 3288 1781 3398; baseline 0 -34"><span class='ocrx_word' id='word_1_141' title='bbox 352 3305 586 3380; x_wconf 88' lang='lat' dir='ltr'>necteusem,</span> <span class='ocrx_word' id='word_1_142' title='bbox 599 3320 678 3397; x_wconf 63' lang='lat' dir='ltr'>⁴pro</span> <span class='ocrx_word' id='word_1_143' title='bbox 698 3291 859 3369; x_wconf 91' lang='lat' dir='ltr'>domino</span> <span class='ocrx_word' id='word_1_144' title='bbox 874 3295 994 3398; x_wconf 83' lang='lat' dir='ltr'>Rege,</span> <span class='ocrx_word' id='word_1_145' title='bbox 1016 3320 1060 3370; x_wconf 80' lang='lat' dir='ltr'>ex</span> <span class='ocrx_word' id='word_1_146' title='bbox 1078 3291 1212 3381; x_wconf 88' lang='lat' dir='ltr'>altera,</span> <span class='ocrx_word' id='word_1_147' title='bbox 1235 3319 1349 3396; x_wconf 89' lang='lat' dir='ltr'>super</span> <span class='ocrx_word' id='word_1_148' title='bbox 1367 3291 1504 3368; x_wconf 87' lang='lat' dir='ltr'>saisina</span> <span class='ocrx_word' id='word_1_149' title='bbox 1523 3288 1596 3366; x_wconf 87' lang='lat' dir='ltr'>alte</span> <span class='ocrx_word' id='word_1_150' title='bbox 1618 3305 1656 3366; x_wconf 89' lang='lat' dir='ltr'>et</span> <span class='ocrx_word' id='word_1_151' title='bbox 1674 3289 1781 3366; x_wconf 85' lang='lat' dir='ltr'>basse</span> 
     </span>
     <span class='ocr_line' id='line_1_19' title="bbox 347 3419 1780 3526; baseline -0.003 -28"><span class='ocrx_word' id='word_1_152' title='bbox 347 3420 499 3526; x_wconf 85' lang='lat' dir='ltr'>justicie</span> <span class='ocrx_word' id='word_1_153' title='bbox 517 3421 691 3508; x_wconf 83' lang='lat' dir='ltr'>villarum</span> <span class='ocrx_word' id='word_1_154' title='bbox 713 3423 760 3500; x_wconf 91' lang='lat' dir='ltr'>de</span> <span class='ocrx_word' id='word_1_155' title='bbox 780 3421 996 3509; x_wconf 84' lang='lat' dir='ltr'>Condreto,</span> <span class='ocrx_word' id='word_1_156' title='bbox 1019 3421 1067 3498; x_wconf 89' lang='lat' dir='ltr'>de</span> <span class='ocrx_word' id='word_1_157' title='bbox 1087 3421 1310 3498; x_wconf 79' lang='lat' dir='ltr'>Surinarlres</span> <span class='ocrx_word' id='word_1_158' title='bbox 1330 3437 1370 3497; x_wconf 87' lang='lat' dir='ltr'>et</span> <span class='ocrx_word' id='word_1_159' title='bbox 1389 3421 1438 3496; x_wconf 93' lang='lat' dir='ltr'>de</span> <span class='ocrx_word' id='word_1_160' title='bbox 1456 3419 1672 3496; x_wconf 86' lang='lat' dir='ltr'>Puisseaus:</span> <span class='ocrx_word' id='word_1_161' title='bbox 1694 3419 1780 3496; x_wconf 88' lang='lat' dir='ltr'>Visa</span> 
     </span>
     <span class='ocr_line' id='line_1_20' title="bbox 353 3549 1777 3660; baseline 0 -35"><span class='ocrx_word' id='word_1_162' title='bbox 353 3551 525 3658; x_wconf 86' lang='lat' dir='ltr'>inquesta</span> <span class='ocrx_word' id='word_1_163' title='bbox 543 3554 591 3630; x_wconf 89' lang='lat' dir='ltr'>de</span> <span class='ocrx_word' id='word_1_164' title='bbox 608 3556 785 3633; x_wconf 90' lang='lat' dir='ltr'>mandato</span> <span class='ocrx_word' id='word_1_165' title='bbox 802 3553 948 3631; x_wconf 93' lang='lat' dir='ltr'>domiui</span> <span class='ocrx_word' id='word_1_166' title='bbox 964 3552 1075 3660; x_wconf 88' lang='lat' dir='ltr'>Regis</span> <span class='ocrx_word' id='word_1_167' title='bbox 1092 3551 1204 3646; x_wconf 86' lang='lat' dir='ltr'>laeta,</span> <span class='ocrx_word' id='word_1_168' title='bbox 1222 3580 1292 3659; x_wconf 92' lang='lat' dir='ltr'>per</span> <span class='ocrx_word' id='word_1_169' title='bbox 1311 3553 1413 3628; x_wconf 89' lang='lat' dir='ltr'>curie</span> <span class='ocrx_word' id='word_1_170' title='bbox 1430 3566 1556 3627; x_wconf 85' lang='lat' dir='ltr'>nostre</span> <span class='ocrx_word' id='word_1_171' title='bbox 1572 3549 1777 3657; x_wconf 88' lang='lat' dir='ltr'>judicium,</span> 
     </span>
     <span class='ocr_line' id='line_1_21' title="bbox 352 3680 1779 3792; baseline -0.002 -32"><span class='ocrx_word' id='word_1_172' title='bbox 352 3684 563 3792; x_wconf 83' lang='lat' dir='ltr'>adjudicata</span> <span class='ocrx_word' id='word_1_173' title='bbox 583 3685 656 3764; x_wconf 82' lang='lat' dir='ltr'>luit</span> <span class='ocrx_word' id='word_1_174' title='bbox 679 3687 835 3765; x_wconf 91' lang='lat' dir='ltr'>domino</span> <span class='ocrx_word' id='word_1_175' title='bbox 856 3686 948 3790; x_wconf 88' lang='lat' dir='ltr'>Regi</span> <span class='ocrx_word' id='word_1_176' title='bbox 968 3684 1103 3763; x_wconf 89' lang='lat' dir='ltr'>saisina</span> <span class='ocrx_word' id='word_1_177' title='bbox 1122 3683 1196 3761; x_wconf 89' lang='lat' dir='ltr'>alte</span> <span class='ocrx_word' id='word_1_178' title='bbox 1218 3701 1255 3762; x_wconf 88' lang='lat' dir='ltr'>et</span> <span class='ocrx_word' id='word_1_179' title='bbox 1277 3683 1385 3761; x_wconf 84' lang='lat' dir='ltr'>basse</span> <span class='ocrx_word' id='word_1_180' title='bbox 1402 3681 1553 3790; x_wconf 83' lang='lat' dir='ltr'>justicie</span> <span class='ocrx_word' id='word_1_181' title='bbox 1574 3680 1779 3758; x_wconf 85' lang='lat' dir='ltr'>dinteville</span> 
     </span>
     <span class='ocr_line' id='line_1_22' title="bbox 352 3812 1781 3925; baseline -0.001 -35"><span class='ocrx_word' id='word_1_182' title='bbox 352 3815 400 3893; x_wconf 90' lang='lat' dir='ltr'>dc</span> <span class='ocrx_word' id='word_1_183' title='bbox 415 3816 622 3908; x_wconf 79' lang='lat' dir='ltr'>Condreto,</span> <span class='ocrx_word' id='word_1_184' title='bbox 642 3835 824 3896; x_wconf 84' lang='lat' dir='ltr'>reservata</span> <span class='ocrx_word' id='word_1_185' title='bbox 839 3845 953 3925; x_wconf 89' lang='lat' dir='ltr'>super</span> <span class='ocrx_word' id='word_1_186' title='bbox 966 3817 1041 3894; x_wconf 90' lang='lat' dir='ltr'>hoc</span> <span class='ocrx_word' id='word_1_187' title='bbox 1060 3816 1170 3893; x_wconf 83' lang='lat' dir='ltr'>dictis</span> <span class='ocrx_word' id='word_1_188' title='bbox 1189 3815 1374 3923; x_wconf 84' lang='lat' dir='ltr'>religiosis</span> <span class='ocrx_word' id='word_1_189' title='bbox 1392 3813 1591 3921; x_wconf 89' lang='lat' dir='ltr'>questione</span> <span class='ocrx_word' id='word_1_190' title='bbox 1611 3812 1781 3919; x_wconf 91' lang='lat' dir='ltr'>proprie-</span> 
     </span>
     <span class='ocr_line' id='line_1_23' title="bbox 351 3944 1779 4058; baseline -0.002 -34"><span class='ocrx_word' id='word_1_191' title='bbox 351 3949 457 4039; x_wconf 80' lang='lat' dir='ltr'>tatis,</span> <span class='ocrx_word' id='word_1_192' title='bbox 480 3966 535 4039; x_wconf 85' lang='lat' dir='ltr'>et,</span> <span class='ocrx_word' id='word_1_193' title='bbox 556 3979 625 4057; x_wconf 92' lang='lat' dir='ltr'>per</span> <span class='ocrx_word' id='word_1_194' title='bbox 644 3950 749 4028; x_wconf 88' lang='lat' dir='ltr'>idem</span> <span class='ocrx_word' id='word_1_195' title='bbox 762 3951 969 4058; x_wconf 89' lang='lat' dir='ltr'>judicium,</span> <span class='ocrx_word' id='word_1_196' title='bbox 989 3949 1203 4056; x_wconf 86' lang='lat' dir='ltr'>adjudicata</span> <span class='ocrx_word' id='word_1_197' title='bbox 1222 3948 1295 4025; x_wconf 86' lang='lat' dir='ltr'>luit</span> <span class='ocrx_word' id='word_1_198' title='bbox 1314 3946 1423 4024; x_wconf 85' lang='lat' dir='ltr'>dictis</span> <span class='ocrx_word' id='word_1_199' title='bbox 1441 3945 1626 4054; x_wconf 77' lang='lat' dir='ltr'>religiosis</span> <span class='ocrx_word' id='word_1_200' title='bbox 1645 3944 1779 4022; x_wconf 86' lang='lat' dir='ltr'>saisina</span> 
     </span>
     <span class='ocr_line' id='line_1_24' title="bbox 351 4074 1778 4189; baseline -0.001 -34"><span class='ocrx_word' id='word_1_201' title='bbox 351 4079 438 4172; x_wconf 71' lang='lat' dir='ltr'>alte,</span> <span class='ocrx_word' id='word_1_202' title='bbox 453 4097 494 4161; x_wconf 89' lang='lat' dir='ltr'>et</span> <span class='ocrx_word' id='word_1_203' title='bbox 519 4082 627 4165; x_wconf 83' lang='lat' dir='ltr'>basse</span> <span class='ocrx_word' id='word_1_204' title='bbox 646 4081 800 4189; x_wconf 86' lang='lat' dir='ltr'>justicie</span> <span class='ocrx_word' id='word_1_205' title='bbox 829 4082 930 4158; x_wconf 89' lang='lat' dir='ltr'>dicte</span> <span class='ocrx_word' id='word_1_206' title='bbox 954 4079 1043 4158; x_wconf 84' lang='lat' dir='ltr'>ville</span> <span class='ocrx_word' id='word_1_207' title='bbox 1069 4079 1117 4156; x_wconf 91' lang='lat' dir='ltr'>de</span> <span class='ocrx_word' id='word_1_208' title='bbox 1148 4078 1389 4167; x_wconf 82' lang='lat' dir='ltr'>Surinarlres,</span> <span class='ocrx_word' id='word_1_209' title='bbox 1415 4093 1600 4154; x_wconf 82' lang='lat' dir='ltr'>reservata</span> <span class='ocrx_word' id='word_1_210' title='bbox 1620 4074 1778 4154; x_wconf 89' lang='lat' dir='ltr'>domino</span> 
     </span>
     <span class='ocr_line' id='line_1_25' title="bbox 352 4207 1778 4320; baseline -0.004 -32"><span class='ocrx_word' id='word_1_211' title='bbox 352 4211 442 4319; x_wconf 84' lang='lat' dir='ltr'>Regi</span> <span class='ocrx_word' id='word_1_212' title='bbox 467 4227 583 4320; x_wconf 83' lang='lat' dir='ltr'>super</span> <span class='ocrx_word' id='word_1_213' title='bbox 608 4213 682 4290; x_wconf 89' lang='lat' dir='ltr'>hoc</span> <span class='ocrx_word' id='word_1_214' title='bbox 708 4213 908 4320; x_wconf 86' lang='lat' dir='ltr'>questione</span> <span class='ocrx_word' id='word_1_215' title='bbox 932 4211 1188 4319; x_wconf 75' lang='lat' dir='ltr'>proprietatis3</span> <span class='ocrx_word' id='word_1_216' title='bbox 1214 4227 1493 4296; x_wconf 86' lang='lat' dir='ltr'>verumtamen,</span> <span class='ocrx_word' id='word_1_217' title='bbox 1523 4224 1706 4314; x_wconf 86' lang='lat' dir='ltr'>quantum</span> <span class='ocrx_word' id='word_1_218' title='bbox 1730 4207 1778 4283; x_wconf 90' lang='lat' dir='ltr'>ad</span> 
     </span>
    </p>
   </div>
   <div class='ocr_carea' id='block_1_4' title="bbox 1827 921 2014 1057">
    <p class='ocr_par' dir='ltr' id='par_1_5' title="bbox 1827 921 2014 1057">
     <span class='ocr_line' id='line_1_26' title="bbox 1827 921 2014 986; baseline 0.016 -13"><span class='ocrx_word' id='word_1_219' title='bbox 1827 921 1957 977; x_wconf 79' lang='lat' dir='ltr'>Pmnrm</span> <span class='ocrx_word' id='word_1_220' title='bbox 1971 923 2014 986; x_wconf 75' lang='lat' dir='ltr'>lv,</span> 
     </span>
     <span class='ocr_line' id='line_1_27' title="bbox 1889 1015 1951 1057; baseline -0.016 0"><span class='ocrx_word' id='word_1_221' title='bbox 1889 1015 1951 1057; x_wconf 75' lang='lat' dir='ltr'>asoa.</span> 
     </span>
    </p>
   </div>
   <div class='ocr_carea' id='block_1_5' title="bbox 351 4338 1912 4450">
    <p class='ocr_par' dir='ltr' id='par_1_6' title="bbox 351 4338 1912 4450">
     <span class='ocr_line' id='line_1_28' title="bbox 351 4338 1912 4450; baseline -0.006 -30"><span class='ocrx_word' id='word_1_222' title='bbox 351 4342 491 4422; x_wconf 85' lang='lat' dir='ltr'>dictam</span> <span class='ocrx_word' id='word_1_223' title='bbox 510 4345 638 4425; x_wconf 79' lang='lat' dir='ltr'>villam</span> <span class='ocrx_word' id='word_1_224' title='bbox 662 4345 710 4424; x_wconf 92' lang='lat' dir='ltr'>de</span> <span class='ocrx_word' id='word_1_225' title='bbox 736 4343 945 4434; x_wconf 74' lang='lat' dir='ltr'>putheolis,</span> <span class='ocrx_word' id='word_1_226' title='bbox 977 4342 1066 4449; x_wconf 90' lang='lat' dir='ltr'>quia</span> <span class='ocrx_word' id='word_1_227' title='bbox 1092 4341 1182 4418; x_wconf 89' lang='lat' dir='ltr'>dicti</span> <span class='ocrx_word' id='word_1_228' title='bbox 1208 4341 1375 4450; x_wconf 83' lang='lat' dir='ltr'>religiosi</span> <span class='ocrx_word' id='word_1_229' title='bbox 1404 4340 1513 4446; x_wconf 91' lang='lat' dir='ltr'>plura</span> <span class='ocrx_word' id='word_1_230' title='bbox 1537 4338 1699 4444; x_wconf 85' lang='lat' dir='ltr'>probant</span> <span class='ocrx_word' id='word_1_231' title='bbox 1718 4364 1779 4412; x_wconf 80' lang='lat' dir='ltr'>er-</span> <span class='ocrx_word' id='word_1_232' title='bbox 1910 4440 1912 4448; x_wconf 17' lang='grc' dir='ltr'><strong><em>Α</em></strong></span> 
     </span>
    </p>
   </div>
   <div class='ocr_carea' id='block_1_6' title="bbox 352 4468 1777 4848">
    <p class='ocr_par' dir='ltr' id='par_1_7' title="bbox 352 4468 1777 4848">
     <span class='ocr_line' id='line_1_29' title="bbox 352 4468 1777 4581; baseline -0.006 -27"><span class='ocrx_word' id='word_1_233' title='bbox 352 4477 452 4581; x_wconf 86' lang='lat' dir='ltr'>pleta</span> <span class='ocrx_word' id='word_1_234' title='bbox 472 4475 521 4556; x_wconf 92' lang='lat' dir='ltr'>de</span> <span class='ocrx_word' id='word_1_235' title='bbox 534 4476 747 4564; x_wconf 81' lang='lat' dir='ltr'>latronibus</span> <span class='ocrx_word' id='word_1_236' title='bbox 763 4476 909 4554; x_wconf 91' lang='lat' dir='ltr'>ibidem</span> <span class='ocrx_word' id='word_1_237' title='bbox 928 4503 998 4581; x_wconf 88' lang='lat' dir='ltr'>per</span> <span class='ocrx_word' id='word_1_238' title='bbox 1013 4502 1079 4552; x_wconf 89' lang='lat' dir='ltr'>eos</span> <span class='ocrx_word' id='word_1_239' title='bbox 1097 4472 1308 4580; x_wconf 84' lang='lat' dir='ltr'>suspensis,</span> <span class='ocrx_word' id='word_1_240' title='bbox 1329 4471 1470 4548; x_wconf 88' lang='lat' dir='ltr'>scietur</span> <span class='ocrx_word' id='word_1_241' title='bbox 1488 4471 1622 4548; x_wconf 84' lang='lat' dir='ltr'>veritas</span> <span class='ocrx_word' id='word_1_242' title='bbox 1641 4468 1671 4544; x_wconf 91' lang='lat' dir='ltr'>si</span> <span class='ocrx_word' id='word_1_243' title='bbox 1690 4469 1777 4546; x_wconf 82' lang='lat' dir='ltr'>talia</span> 
     </span>
     <span class='ocr_line' id='line_1_30' title="bbox 352 4601 1615 4715; baseline -0.007 -31"><span class='ocrx_word' id='word_1_244' title='bbox 352 4607 496 4715; x_wconf 83' lang='lat' dir='ltr'>expleta</span> <span class='ocrx_word' id='word_1_245' title='bbox 513 4609 588 4689; x_wconf 87' lang='lat' dir='ltr'>sint</span> <span class='ocrx_word' id='word_1_246' title='bbox 606 4637 713 4688; x_wconf 88' lang='lat' dir='ltr'>casus</span> <span class='ocrx_word' id='word_1_247' title='bbox 732 4608 805 4685; x_wconf 87' lang='lat' dir='ltr'>alte</span> <span class='ocrx_word' id='word_1_248' title='bbox 821 4607 974 4714; x_wconf 87' lang='lat' dir='ltr'>justicie</span> <span class='ocrx_word' id='word_1_249' title='bbox 993 4634 1063 4712; x_wconf 91' lang='lat' dir='ltr'>per</span> <span class='ocrx_word' id='word_1_250' title='bbox 1081 4602 1398 4684; x_wconf 87' lang='lat' dir='ltr'>consuetudinem</span> <span class='ocrx_word' id='word_1_251' title='bbox 1420 4602 1509 4678; x_wconf 86' lang='lat' dir='ltr'>dicti</span> <span class='ocrx_word' id='word_1_252' title='bbox 1531 4601 1615 4678; x_wconf 89' lang='lat' dir='ltr'>loci.</span> 
     </span>
     <span class='ocr_line' id='line_1_31' title="bbox 366 4740 1079 4848; baseline -0.011 -26"><span class='ocrx_word' id='word_1_253' title='bbox 366 4786 370 4801; x_wconf 94' lang='lat'>·</span> <span class='ocrx_word' id='word_1_254' title='bbox 406 4741 572 4828; x_wconf 83' lang='lat' dir='ltr'>Veneris</span> <span class='ocrx_word' id='word_1_255' title='bbox 583 4755 669 4848; x_wconf 88' lang='lat' dir='ltr'>post</span> <span class='ocrx_word' id='word_1_256' title='bbox 688 4743 868 4824; x_wconf 78' lang='lat' dir='ltr'>Sanctum</span> <span class='ocrx_word' id='word_1_257' title='bbox 888 4740 1079 4821; x_wconf 86' lang='lat' dir='ltr'>Mathiam.</span> 
     </span>
    </p>
   </div>
   <div class='ocr_carea' id='block_1_7' title="bbox 350 5000 1779 5244">
    <p class='ocr_par' dir='ltr' id='par_1_8' title="bbox 350 5000 1779 5244">
     <span class='ocr_line' id='line_1_32' title="bbox 405 5000 1779 5114; baseline -0.006 -32"><span class='ocrx_word' id='word_1_258' title='bbox 405 5007 534 5086; x_wconf 90' lang='lat' dir='ltr'>XVlll.</span> <span class='ocrx_word' id='word_1_259' title='bbox 564 5008 606 5085; x_wconf 84' lang='lat' dir='ltr'>ln</span> <span class='ocrx_word' id='word_1_260' title='bbox 630 5005 794 5113; x_wconf 87' lang='lat' dir='ltr'>quadam</span> <span class='ocrx_word' id='word_1_261' title='bbox 818 5004 1086 5114; x_wconf 83' lang='lat' dir='ltr'>appellncionis</span> <span class='ocrx_word' id='word_1_262' title='bbox 1112 5032 1222 5080; x_wconf 83' lang='lat' dir='ltr'>nausa</span> <span class='ocrx_word' id='word_1_263' title='bbox 1245 5002 1436 5110; x_wconf 88' lang='lat' dir='ltr'>pendente</span> <span class='ocrx_word' id='word_1_264' title='bbox 1460 5002 1499 5078; x_wconf 92' lang='lat' dir='ltr'>in</span> <span class='ocrx_word' id='word_1_265' title='bbox 1525 5000 1629 5077; x_wconf 89' lang='lat' dir='ltr'>curia</span> <span class='ocrx_word' id='word_1_266' title='bbox 1652 5014 1779 5076; x_wconf 86' lang='lat' dir='ltr'>nostra</span> 
     </span>
     <span class='ocr_line' id='line_1_33' title="bbox 350 5131 1778 5244; baseline -0.006 -32"><span class='ocrx_word' id='word_1_267' title='bbox 350 5139 447 5217; x_wconf 84' lang='lat' dir='ltr'>iuter</span> <span class='ocrx_word' id='word_1_268' title='bbox 465 5137 701 5244; x_wconf 81' lang='lat' dir='ltr'>Stephanum</span> <span class='ocrx_word' id='word_1_269' title='bbox 720 5138 769 5216; x_wconf 89' lang='lat' dir='ltr'>de</span> <span class='ocrx_word' id='word_1_270' title='bbox 788 5137 968 5228; x_wconf 77' lang='lat' dir='ltr'>Catineo,</span> <span class='ocrx_word' id='word_1_271' title='bbox 989 5165 1060 5216; x_wconf 83' lang='lat' dir='ltr'>suo</span> <span class='ocrx_word' id='word_1_272' title='bbox 1074 5151 1114 5214; x_wconf 89' lang='lat' dir='ltr'>et</span> <span class='ocrx_word' id='word_1_273' title='bbox 1131 5134 1338 5215; x_wconf 84' lang='lat' dir='ltr'>liberorum</span> <span class='ocrx_word' id='word_1_274' title='bbox 1358 5159 1515 5212; x_wconf 87' lang='lat' dir='ltr'>suorum</span> <span class='ocrx_word' id='word_1_275' title='bbox 1536 5131 1711 5218; x_wconf 87' lang='lat' dir='ltr'>nomine,</span> <span class='ocrx_word' id='word_1_276' title='bbox 1734 5156 1778 5203; x_wconf 85' lang='lat' dir='ltr'>ex</span> 
     </span>
    </p>
   </div>
   <div class='ocr_carea' id='block_1_8' title="bbox 393 5275 1649 5370">
    <p class='ocr_par' dir='ltr' id='par_1_9' title="bbox 393 5275 1649 5370">
     <span class='ocr_line' id='line_1_34' title="bbox 393 5275 1649 5370; baseline -0.008 -14"><span class='ocrx_word' id='word_1_277' title='bbox 393 5275 399 5289; x_wconf 79' lang='lat'>¹</span> <span class='ocrx_word' id='word_1_278' title='bbox 436 5315 491 5358; x_wconf 68' lang='lat' dir='ltr'>aas</span> <span class='ocrx_word' id='word_1_279' title='bbox 512 5315 595 5357; x_wconf 72' lang='lat' dir='ltr'>olm.</span> <span class='ocrx_word' id='word_1_280' title='bbox 618 5317 664 5356; x_wconf 88' lang='lat'>111.</span> <span class='ocrx_word' id='word_1_281' title='bbox 1614 5307 1649 5370; x_wconf 79' lang='grc'>19</span> 
     </span>
    </p>
   </div>
   <div class='ocr_carea' id='block_1_9' title="bbox 0 0 2230 6209">
    <p class='ocr_par' dir='ltr' id='par_1_10' title="bbox 0 0 2230 6209">
     <span class='ocr_line' id='line_1_35' title="bbox 0 0 2230 6209; baseline 0 2"><span class='ocrx_word' id='word_1_282' title='bbox 0 0 2230 6209; x_wconf 95' lang='lat' dir='ltr'> </span> 
     </span>
    </p>
   </div>
  </div>
 </body>
</html>
