4450 6209
519 776 593 849 390
1088 776 1191 849 'LES
1217 774 1356 849 OLIM.

292 926 479 987 Pornmlv,
519 935 557 995 et
587 918 801 997 execucioni
830 917 1020 1006 mandata,
1053 946 1167 1025 super
1193 916 1267 995 hiis
1289 944 1355 994 ros
1369 913 1585 1023 pdiligenter
1607 914 1800 995 hebentes.
1822 918 1937 1005 item,

354 1020 417 1063 ’Μ’
517 1078 603 1129 cum
624 1051 673 1127 de
695 1048 854 1127 emenda
866 1048 1018 1157 triginta
1033 1049 1200 1129 millium
1214 1048 1398 1126 librurum
1413 1048 1716 1137 Turonensium,
1737 1046 1849 1125 nobis
1866 1048 1938 1127 sol·

516 1182 634 1259 venda
654 1180 700 1259 ob
720 1181 855 1259 eodem
876 1181 1013 1259 comite
1034 1182 1145 1270 Frui,
1166 1178 1379 1260 secundum
1391 1178 1556 1286 predicti
1571 1179 1731 1288 judicati
1749 1196 1933 1281 tenorem,

517 1340 585 1391 nos
607 1313 732 1390 eidem
752 1312 880 1390 comiti
902 1330 1115 1420 respectum
1138 1329 1176 1390 et
1195 1311 1430 1389 deletionem
1448 1338 1496 1388 ex
1511 1309 1632 1421 grecia
1644 1310 1874 1389 dederimus
1889 1314 1934 1389 ad

514 1472 576 1519 sex
595 1444 796 1536 terminos,
817 1444 994 1523 videlicet
1013 1447 1119 1553 quod
1139 1445 1186 1522 de
1205 1444 1264 1521 eis
1278 1441 1405 1520 ‘solvat
1419 1440 1537 1519 nobis
1560 1442 1731 1549 quinque
1748 1442 1874 1520 --fllia
1886 1444 1935 1520 li·

513 1574 664 1653 brorum
690 1575 972 1682 Turonensium
999 1576 1037 1653 in
1064 1574 1160 1653 festo
1187 1574 1393 1652 Natiuitatis
1413 1572 1520 1651 hecti
1548 1572 1931 1681 Johennisellaptiste,

511 1707 616 1811 quod
640 1706 711 1784 erit
735 1733 834 1783 anno
858 1706 1012 1783 Domini
1033 1704 1238 1783 millesimo
1262 1702 1528 1782 trecentesimo
1554 1702 1721 1793 decimo,
1741 1722 1782 1782 et
1811 1706 1866 1782 sic
1888 1706 1932 1784 dc

512 1864 612 1915 anno
631 1838 669 1913 in
691 1862 850 1927 annum,
870 1838 916 1914 ad
937 1838 1106 1915 eundem
1125 1837 1350 1926 terminum,
1372 1834 1551 1913 uidelicet
1570 1834 1619 1913 ud
1638 1835 1848 1943 quemlihet
1863 1855 1933 1915 ter·

512 1967 661 2047 minum
683 1968 890 2046 Natiuitatis
907 1968 1008 2045 beuti
1027 1968 1405 2075 JohunnivBoptiste,
1427 1968 1596 2075 quinque
1613 1966 1737 2045 millio
1755 1966 1933 2045 librorum
1981 2008 1985 2015 ·

512 2098 813 2188 Turonensium,
835 2128 956 2206 usque
979 2100 1027 2177 ad
1048 2100 1371 2206 complementum
1394 2097 1521 2177 totalis
1544 2097 1751 2179 solutionis
1772 2100 1932 2177 emendo

510 2231 691 2335 predicte.
720 2231 943 2309 Mandemus
971 2231 1077 2309 vobis
1104 2232 1284 2338 quatinus
1310 2231 1474 2309 eundem
1500 2228 1700 2322 comitem,
1715 2231 1929 2309 :secundum

510 2362 614 2468 quod
633 2362 860 2468 premissum
882 2380 953 2451 est,
973 2362 1176 2441 efficaciter
1192 2361 1428 2469 compellntis
1445 2361 1495 2439 ad
1514 2361 1730 2440 laciendum
1746 2362 1931 2441 nolrisuo

509 2492 680 2570 luciones
700 2494 898 2599 predictas.
1545 2474 1552 2481 .

567 2624 696 2701 Martis
715 2641 801 2730 post
819 2626 1058 2713 Trinitatem,
1081 2653 1181 2704 anno
1194 2625 1461 2703 trecentesimo
1474 2654 1590 2703 nono.
1756 2690 1764 2701 .

2005 1926 2040 1975 λ

563 2888 688 2965 XXVI.
719 2887 817 2965 Cum
831 2886 1079 2994 significatum
1097 2886 1229 2967 suisset
1248 2888 1426 2995 gentibus
1446 2886 1595 2967 domini
1607 2888 1719 2995 Regis
1743 2889 1928 2995 quodl'e·

391 3116 392 3119 Ἴ
507 3035 587 3095 trus
606 3016 779 3109 Calvelli,
802 3020 991 3097 lohannes
1010 3018 1204 3112 Richerdi,
1225 3039 1264 3097 et
1278 3018 1524 3127 Rnymundus
1537 3020 1707 3110 Martini,
1725 3020 1774 3097 de
1789 3022 1927 3098 Monte·

506 3148 722 3255 pessulano,
749 3149 956 3257 plurimum
984 3169 1217 3230 excesserant
1239 3169 1368 3230 comm
1387 3152 1592 3231 <dominum
1618 3154 1777 3259 Regem,
1802 3150 1927 3229 trebu-

505 3278 670 3370 olrando,
689 3279 887 3359 fundendo
907 3300 945 3359 et
965 3284 1193 3361 rechutsndo
1215 3300 1602 3372 moestissimum
1622 3283 1663 3361 in
1681 3310 1803 3390 regno
1818 3310 1926 3389 quem

504 3426 606 3487 extra
625 3440 803 3519 regnum,
827 3430 864 3490 ot
888 3414 1076 3521 portando
1097 3415 1143 3491 nd
1165 3413 1322 3491 febriens
1344 3432 1581 3492 monetarum
1600 3413 1925 3493 ulienerumertra

503 3568 684 3652 regnum:
703 3546 875 3623 Tandem
892 3545 1092 3651 inquestis,
1110 3572 1224 3653 super
1243 3547 1319 3624 hoc
1336 3545 1456 3636 laetis,
1472 3546 1561 3624 visis
1575 3563 1614 3624 et
1632 3545 1836 3654 diligenter
1848 3572 1925 3621 em·

503 3672 664 3762 minatis,
673 3690 716 3751 et
724 3703 768 3753 ex
776 3675 984 3754 abundanti
993 3677 1132 3755 auditis
1140 3676 1439 3756 confessionibus
1449 3679 1923 3786 eorumdem,qusmquam

501 3820 631 3909 gentes
661 3806 760 3912 regis
790 3808 1052 3915 Majoriearum
1077 3838 1190 3916 super
1213 3811 1287 3889 hoc
1310 3810 1510 3917 peciissent
1534 3812 1677 3888 curiam
1700 3810 1774 3889 sibi
1799 3809 1920 3897 reddi,

502 3934 747 4038 pronuncieto
766 3938 991 4043 percuriem
1007 3941 1111 4046 quod
1127 3940 1305 4018 dominus
1324 3944 1416 4046 Rex,
1437 3968 1506 4049 per
1524 3970 1679 4019 manum
1695 3969 1820 4031 suam,
1840 3958 1923 4017 tem·

501 4091 616 4171 quam
637 4066 859 4173 superioris,
882 4096 995 4177 super
1014 4072 1093 4148 istis
1112 4072 1294 4178 procedet
1313 4049 1584 4149 adutilitotem
1604 4071 1711 4150 illius
1729 4072 1792 4149 cui
1815 4097 1922 4176 super

503 4194 574 4272 hoc
584 4198 907 4302 pronunciobitur,
921 4200 1060 4279 debere
1072 4204 1213 4281 curiam
1230 4232 1441 4293 remanere,
1454 4201 1715 4311 perjudicium
1726 4204 1830 4280 curie
1840 4230 1921 4279 nos·

500 4347 572 4413 tre,
595 4330 862 4437 condempnati
882 4332 1042 4410 luerunt·
1053 4334 1210 4441 predicti
1225 4335 1267 4413 in
1279 4336 1496 4425 emendam,
1512 4333 1707 4412 videlieett
1722 4334 1847 4411 dietum
1857 4334 1920 4409 Pe·

494 4477 579 4545 ,trus
604 4458 645 4536 in
665 4462 771 4539 mille
794 4462 917 4555 libris,
940 4465 1063 4543 dictus
1080 4466 1272 4544 lohannes
1294 4467 1334 4543 in
1347 4465 1582 4573 octingentis
1599 4465 1783 4553 libris,·et
1798 4464 1920 4541 dietus

500 4593 743 4700 Raymundus
763 4594 802 4670 io
818 4614 973 4673 centum
989 4596 1097 4674 libris
1110 4598 1417 4686 Turonensibus,
1433 4596 1591 4675 domino
1607 4598 1716 4706 Regi,
1732 4614 1917 4704 tamqunm

498 4722 538 4797 in
559 4752 672 4801 muno
692 4726 912 4831 superioris,
935 4726 1135 4806 solvendis.
1162 4766 1167 4775 ·

555 4852 707 4931 sabbati
727 4873 813 4963 post
830 4856 1245 4964 Sanctum-Georgium.

553 5116 696 5193 xxvu.
730 5116 926 5195 Arrestum
951 5149 1019 5225 per
1047 5119 1154 5228 quod
1181 5120 1254 5197 fuit
1284 5121 1446 5199 anulluta
1475 5122 1646 5228 inpresta
1677 5120 1771 5199 luem
1796 5137 1914 5198 centn
