4450 6209
511 752 559 829 tt
939 791 943 803 ·
1095 751 1185 827 LES
1214 750 1354 829 oum.

285 902 474 967 resumit
508 898 617 975 sione
636 924 753 1006 (ιιιιιιι
772 896 811 975 in
829 896 1074 1041 pmpnistptm
1089 893 1375 1002 peticionesue,
1389 896 1422 971 si
1435 922 1549 1001 super
1563 893 1752 974 dictorum
1765 892 1935 977 loeomm

347 996 411 1039 ¹⁸⁰⁰
506 1029 658 1136 justicia
675 1028 865 1107 voluerint
883 1026 1056 1135 experiri

568 1163 675 1239 Lune
693 1178 783 1269 post
800 1160 999 1238 Sanctum·
999 1158 1207 1251 Andreum,
1228 1186 1361 1237 mense
1377 1157 1609 1237 Decembris.

569 1294 659 1397 (Hic
679 1290 794 1369 debet
812 1290 924 1368 scribi
939 1290 1212 1399 jumentuml'.
1235 1289 1284 1368 de
1302 1289 1499 1379 Bouclsom
1523 1286 1736 1395 presbiteri,
1756 1290 1863 1397 qood
1880 1310 1935 1371 est

512 1426 551 1501 in
571 1422 788 1529 precedenti
808 1423 941 1530 pagina
960 1421 1071 1501 istim
1086 1421 1193 1501 iolii¹
1197 1424 1229 1525 ,l

566 1687 624 1766 Ν.
656 1686 755 1765 Gom
775 1686 937 1765 dilectus
952 1703 997 1763 et
1011 1682 1141 1763 fidelis
1153 1700 1282 1763 nester
1298 1684 1496 1792 episcopus
1509 1682 1793 1763 Cstbnlsuensis
1807 1712 1934 1792 qiism·

510 1819 630 1895 dam
620 1835 831 1925 mquesmm
850 1846 919 1894 seu
939 1816 1256 1895 informacionem
1279 1814 1381 1894 ud
1349 1840 1432 1925 ejus
1447 1817 1669 1895 instanciam
1691 1816 1738 1893 de
1760 1816 1934 1893 mundato

510 1949 824 2036 nostro-lectam,
856 1966 900 2023 ut
922 1946 1085 2039 dicebat,
1109 1976 1178 2053 per
1207 1945 1388 2025 ballivum
1412 1946 1562 2025 vitriaci
1583 1946 1643 2024 vel
1669 1947 1868 2053 deputatos
1890 1947 1934 2023 eb

512 2081 593 2185 ipso
616 2106 730 2185 super
749 2078 1101 2172 menibusmortuis,
1123 2101 1218 2187 ques
1238 2079 1319 2185 ipse
1337 2078 1433 2185 petit
1454 2079 1494 2157 in
1514 2078 1600 2156 ville
1620 2078 1667 2155 dr
1690 2078 1865 2171 Fraxino,
1885 2078 1934 2155 vi-

512 2211 593 2287 deri
621 2226 767 2317 peteret
791 2227 829 2286 ct
851 2209 1030 2317 judicari,
1056 2225 1096 2287 et
1123 2226 1299 2286 econtra
1325 2208 1445 2317 major
1470 2226 1507 2286 et
1524 2208 1639 2319 jurati
1660 2207 1760 2287 dicte
1779 2208 1867 2286 ville
1888 2207 1933 2287 de

511 2341 687 2433 Fraxino,
716 2340 889 2447 pluribus
916 2339 1146 2429 nacionibus,
1175 2337 1430 2447 proponerent
1457 2339 1594 2418 dictam
1623 2340 1835 2446 inquestam
1861 2366 1933 2415 non

510 2500 590 2549 ceso
616 2471 817 2549 videndam
843 2472 912 2549 scd
937 2472 1070 2578 pocius
1093 2471 1362 2550 enullnndrm:
1384 2472 1577 2561 Tandem,
1604 2469 1743 2549 cuditis
1770 2466 1934 2574 pertibus

510 2601 603 2679 hinc
619 2619 658 2679 ct
676 2602 786 2691 inde,
806 2604 960 2709 visoque
980 2630 1159 2708 processu
1178 2602 1280 2681 dicte
1301 2602 1489 2709 inqueste,
1512 2602 1645 2681 eadem
1666 2599 1855 2706 inquom,
1872 2628 1934 2706 per

508 2734 613 2811 curie
634 2751 761 2812 nostre
778 2734 984 2839 judicium,
1006 2734 1128 2810 extitit
1154 2732 1363 2823 annullata,
1385 2750 1439 2823 ιι,
1461 2734 1492 2811 si
1514 2732 1637 2811 dictus
1656 2732 1854 2838 episcopus
1873 2730 1934 2807 ali·

508 2865 603 2971 quid
626 2881 754 2969 petere
782 2864 945 2940 voluerit
964 2881 1096 2944 contra
1112 2864 1234 2942 dictos
1257 2864 1439 2971 mojorem
1463 2881 1501 2943 ιι
1517 2862 1681 2969 juratos,
1706 2864 1932 2943 vocabuntur

510 3013 650 3100 pectes,
670 2994 863 3100 etfietjus
881 2994 981 3069 inter
999 3019 1072 3071 ers.
1199 3051 1203 3063 .

569 3124 733 3202 sabbato
752 3140 837 3230 post
856 3125 1263 3205 Sanctum-Nicolaum.

424 3451 427 3461 .
566 3388 609 3467 V.
639 3388 736 3467 Cum
761 3387 939 3468 homines
961 3389 1191 3469 habitatores
1211 3388 1477 3471 Vallis-Chatti.
1500 3404 1708 3470 assererent
1729 3416 1770 3469 se
1795 3388 1931 3469 habere

510 3516 651 3604 litteras
665 3520 900 3599 continentes
919 3522 1063 3627 sliquos
1076 3522 1294 3601 frmchisies
1311 3522 1455 3601 eisdem
1471 3521 1693 3603 hominibus
1706 3552 1727 3599 e
1742 3522 1930 3627 prodeces-

508 3652 656 3729 soribus
675 3656 815 3729 nostris
834 3652 1039 3729 comitibus
1055 3654 1260 3759 Campanis
1278 3682 1490 3743 concessus.
1513 3652 1655 3759 quibus
1675 3680 1714 3731 sc
1729 3678 1818 3731 usus
1836 3683 1857 3729 a
1876 3682 1930 3729 ιι·

507 3784 660 3860 troectis
685 3783 922 3887 temporibus
948 3783 1203 3874 affirmabant,
1229 3786 1396 3865 dicentes
1416 3786 1524 3893 quod
1546 3785 1766 3893 hujusmodi
1791 3785 1926 3872 littere,

509 3929 664 4018 propter
690 3914 750 3991 sui
778 3931 1014 4005 vetustatem,
1044 3934 1153 3995 erant
1178 3917 1329 4008 viciam,
1361 3934 1400 3994 et
1424 3916 1609 4025 sigillum,
1641 3944 1728 3997 essu
1756 3915 1928 4003 fortuito,

508 4056 663 4149 proptor
683 4048 897 4151 pergameni
917 4048 1161 4153 putredinem
1181 4066 1219 4129 et
1238 4047 1511 4159 negligenciam
1530 4050 1747 4140 custodum,
1765 4078 1785 4128 e
1803 4075 1930 4157 purga·

508 4201 623 4252 meno
647 4175 850 4266 cecideram
871 4179 1085 4259 asserebant
1108 4181 1263 4287 insuper
1280 4208 1322 4259 se
1350 4180 1535 4261 dicerem
1560 4181 1772 4261 litterarum
1792 4178 1928 4259 hebere

509 4306 585 4383 duo
600 4308 820 4415 transcripte
832 4309 903 4387 sub
917 4310 1041 4419 sigillo
1056 4313 1159 4391 curie
1175 4312 1386 4401 Troesmis,
1401 4312 1656 4418 supplicantes
1671 4309 1780 4389 nobis
1793 4326 1836 4391 ut
1845 4338 1928 4405 me-

508 4454 669 4515 moratus
683 4438 901 4521 frinchisias
919 4442 1102 4522 vellemus
1117 4444 1171 4522 eis
1190 4443 1238 4521 de
1256 4472 1353 4521 novo
1369 4444 1609 4535 confirmem
1626 4470 1696 4521 nos
1711 4443 1761 4521 de
1778 4440 1852 4520 hiis
1869 4470 1927 4521 ιο·

506 4565 629 4647 lentes
646 4570 785 4651 hebere
808 4574 987 4652 noticiam
1005 4574 1237 4680 pleniorem,
1256 4574 1516 4655 mandavimus
1534 4572 1672 4655 ballivo
1688 4589 1818 4653 nostro
1838 4572 1925 4651 Tro·

507 4700 609 4777 censi
629 4720 673 4779 ut
693 4704 739 4781 de
757 4704 867 4783 dictis
884 4706 1022 4784 litteris·
1038 4724 1077 4783 ιι
1091 4707 1279 4786 contentis
1293 4707 1332 4783 iu
1352 4709 1424 4795 eis,
1443 4726 1480 4787 et
1499 4721 1629 4787 utrum
1646 4706 1736 4785 dieti
1753 4704 1925 4787 hominm

507 4830 564 4906 usi
590 4850 713 4907 esseut
734 4836 886 4940 pacifice
911 4854 949 4914 ιι
967 4838 1094 4943 quiete
1119 4838 1380 4917 continuando
1398 4838 1572 4919 saisinam
1599 4866 1704 4919 sunm
1724 4864 1792 4917 seu
1817 4862 1924 4915 usum

508 4960 742 5065 hujusmodi,
768 4984 805 5042 et
832 4984 957 5043 utrum
983 4969 1152 5072 predicta
1180 4972 1398 5075 tremmiptr
1430 4987 1556 5049 essent
1584 4998 1684 5060 vera,
1716 4966 1924 5073 suspicione

549 5133 558 5165 ¹
581 5134 674 5219 Voyez
688 5138 753 5221 plus
768 5124 856 5209 haut,¹
866 5164 894 5224 p.
912 5142 963 5225 39.
1087 5151 1090 5156 ’
