4450 6209
739 746 1005 851 nuounrns
1030 762 1095 835 nr
1121 743 1325 838 procus.
1668 763 1737 835 rer

326 924 457 1017 gentes
476 919 639 994 nostras,
657 922 906 1008 reponeretur
924 932 1039 1010 penes
1054 905 1197 983 dictum
1219 905 1435 1011 episcopum
1454 931 1524 1009 pro
1544 906 1626 1011 ipso
1640 904 1748 1012 justi·
1782 910 1911 965 Priame
1925 912 1968 973 tv,

321 1039 456 1118 ciendo
478 1036 518 1111 in
534 1062 620 1111 casu
639 1033 809 1139 predicto
829 1062 898 1141 pro
918 1063 995 1142 quo
1016 1053 1145 1143 captus
1163 1034 1381 1125 tenebatur3
1402 1036 1582 1143 predictis
1601 1036 1742 1142 majore
1844 1004 1907 1045 Μ’

321 1188 359 1248 et
371 1167 527 1276 paribus
539 1167 579 1241 in
597 1165 825 1243 contrarium
841 1167 1109 1257 asserentibus,
1134 1183 1171 1243 et
1187 1167 1403 1273 petentibus
1417 1168 1521 1273 quod
1541 1167 1646 1276 gagia
1657 1195 1744 1273 pre-

320 1301 434 1391 dicta,
450 1314 637 1402 capta·per
655 1298 772 1402 ipsos,
789 1324 904 1403 penes
920 1297 1064 1375 dictum
1078 1298 1318 1388 Garnerium,
1333 1324 1402 1404 pro
1415 1296 1517 1374 tallia
1537 1297 1635 1374 dicte
1655 1297 1742 1374 ville

320 1458 435 1536 super
452 1428 578 1535 ipsum
598 1427 791 1532 imposita,
812 1456 882 1533 per
905 1426 1085 1506 ballivum
1107 1428 1422 1508 Silvanectensem
1439 1429 1541 1505 dicto
1561 1426 1742 1507 Garnerio

320 1558 522 1646 recredita,
537 1574 815 1662 reponerentur
828 1558 868 1633 in
884 1586 999 1635 manu
1015 1586 1166 1647 eorum,
1183 1586 1254 1664 pro
1265 1559 1385 1648 tallia,
1403 1586 1517 1664 super
1531 1556 1655 1665 ipsum
1671 1559 1744 1633 im-

301 1738 306 1748 ·
321 1689 457 1795 posita,
471 1686 713 1793 explectunda
726 1716 796 1794 per
807 1714 872 1765 eos
888 1706 925 1765 et
939 1689 1111 1779 levanda,
1128 1706 1165 1766 et
1180 1690 1285 1796 quod
1298 1690 1571 1795 impedimenta
1584 1718 1652 1795 per
1664 1688 1744 1766 dic-

320 1836 404 1895 tum
419 1818 638 1925 episcopum
652 1844 766 1924 super
782 1820 855 1895 hoc
873 1818 1017 1895 eis’dent
1036 1821 1202 1926 apposita
1221 1835 1505 1909 amoverentur3
1525 1818 1743 1925 petentibus

323 1949 440 2025 eciam
464 1948 602 2024 dictam
626 1947 804 2054 injuriam
829 1947 900 2025 sibi
924 1947 1059 2027 factam
1079 1978 1148 2054 per
1166 1948 1347 2025 ballivum
1368 1948 1457 2024 dicti
1481 1948 1663 2054 episcopi,
1686 1976 1744 2025 ca-

321 2078 462 2185 piendo
482 2094 521 2154 et
540 2093 691 2183 captum
711 2079 880 2157 tenendo
899 2080 940 2155 in
965 2079 1131 2187 prisione
1156 2080 1248 2155 dicti
1271 2078 1434 2186 episcopi
1458 2078 1639 2186 majorem
1666 2107 1745 2184 pre

324 2209 468 2285 dictum
493 2236 579 2286 cum
607 2208 760 2287 duobus
778 2210 933 2316 paribus
955 2227 993 2287 et
1014 2239 1092 2287 uno
1119 2211 1302 2287 serviente
1327 2211 1426 2287 dicte
1447 2209 1549 2297 ville,
1571 2238 1641 2316 per
1660 2226 1743 2287 octo

325 2338 406 2416 dies
425 2338 482 2415 vel
499 2339 612 2426 circa,
631 2340 825 2417 occasione
844 2339 1123 2447 predictorum,
1141 2339 1252 2417 nobis
1267 2358 1306 2416 et
1319 2338 1391 2417 sibi
1412 2338 1629 2416 emendari:
1646 2342 1745 2414 Tan-

326 2470 431 2557 dem,
457 2470 597 2546 anditis
618 2470 788 2574 parcium
813 2471 1028 2548 nacionibus
1051 2470 1140 2547 hinc
1167 2488 1206 2547 et
1232 2471 1338 2560 inde,
1368 2486 1406 2545 et
1432 2468 1606 2575 inquesta
1631 2490 1744 2575 super

299 2683 302 2692 ,
326 2601 399 2679 biis
419 2600 662 2679 demandato
679 2602 782 2678 curie
796 2619 922 2679 nostre
935 2602 1046 2693 lacta,
1059 2602 1136 2680 visa
1149 2618 1187 2677 et
1202 2601 1403 2707 diligenter
1416 2600 1636 2686 examinata,
1659 2600 1744 2676 visis

327 2731 443 2806 eciam
455 2733 564 2807 cartis
576 2731 665 2807 hinc
677 2732 768 2809 inde
782 2732 993 2839 productis,
1007 2732 1300 2838 pronunciatum
1312 2726 1404 2821 fuit,
1418 2758 1488 2836 per
1499 2728 1601 2805 curie
1616 2746 1744 2805 nostre

320 2858 526 2966 judicium,
537 2861 705 2967 predicta
718 2862 873 2969 pignora
884 2863 974 2938 dicti
987 2862 1160 2940 Garnerii
1177 2860 1317 2938 debere
1331 2860 1464 2965 reponi
1478 2858 1518 2933 in
1534 2886 1648 2935 manu
1659 2886 1746 2964 pre-

325 2990 512 3068 dictorum
536 2991 689 3097 majoris
708 3008 747 3068 et
766 2993 931 3097 parium,
957 3020 1026 3097 pro
1046 2992 1151 3068 tullia
1170 2992 1339 3097 predicta
1357 3016 1427 3095 per
1451 3016 1516 3065 eos
1537 2988 1691 3067 levanda
1704 3020 1746 3068 ac

326 3122 445 3197 eciam
457 3122 727 3226 super·dietum
739 3123 964 3202 Gamerium
986 3122 1244 3228 explectanda,
1268 3139 1306 3198 et
1324 3120 1429 3227 quod
1447 3120 1571 3197 dictus
1585 3119 1746 3197 ballivus

324 3252 530 3357 predictam
546 3253 782 3358 capcionem,
802 3254 951 3331 racione
963 3254 1132 3358 predicta
1150 3251 1303 3337 factam,
1324 3252 1371 3327 de
1390 3250 1568 3355 predictis
1583 3254 1741 3359 majore,

327 3382 480 3487 paribus
499 3400 539 3459 et
556 3384 742 3463 serviente
760 3383 872 3460 nobis
891 3401 930 3460 et
943 3383 1125 3490 predictis
1147 3380 1374 3458 emendabit.

383 3512 510 3591 Martis
526 3514 704 3619 predicte.

384 3643 606 3749 Parquerius
623 3645 837 3749 reportavit.

383 3907 460 3983 llll.
491 3907 591 3985 Cum
609 3934 694 3998 nos,
713 3934 828 4012 super
846 3905 1021 4013 pluribus
1042 3906 1267 4000 excessibus,
1285 3908 1574 4013 gravaminibus,
1597 3908 1745 4017 injuriis
1809 3993 1813 4001 ,

331 4053 369 4115 et
384 4037 574 4115 violenciis
589 4065 657 4144 per
674 4037 906 4116 Gaillardum
928 4039 976 4115 de
995 4040 1328 4128 Monte-Lunardo,
1349 4057 1394 4118 ut
1414 4040 1618 4130 dicebatur,
1640 4040 1745 4117 factis

330 4166 519 4245 Gaillardo
536 4169 584 4244 de
598 4170 782 4274 Narreyo,
799 4167 929 4257 militi,
948 4169 1251 4247 mandaverimus
1264 4170 1404 4278 inquiri
1423 4199 1536 4276 super
1556 4200 1601 4247 eo
1621 4171 1742 4277 quod,

330 4325 416 4374 cum
431 4298 604 4375 inventus
622 4297 755 4376 luisset
773 4297 812 4372 in
825 4314 924 4374 terra
941 4315 1068 4375 nostra
1085 4316 1248 4377 armatus
1269 4318 1306 4377 et
1319 4318 1517 4407 promptus
1533 4299 1582 4376 ad
1602 4298 1742 4376 malum

331 4428 562 4517 faciendum,
573 4458 650 4507 una
659 4458 746 4505 cum
761 4428 1007 4506 multitudine
1018 4446 1248 4506 armatorum
1263 4432 1436 4538 equitum
1452 4452 1489 4507 et
1503 4428 1695 4538 peditum,
1709 4447 1747 4506 et

330 4587 397 4665 per
413 4576 545 4667 gentes
557 4579 701 4639 nostras
716 4578 915 4639 mrestatus
930 4560 1076 4650 luisset,
1095 4590 1138 4638 ac
1157 4562 1243 4652 sibi,
1261 4592 1329 4668 per
1349 4552 1498 4639 easdem
1515 4577 1644 4669 gentes
1662 4586 1747 4637 nos·

329 4706 404 4767 tras
423 4691 635 4798 injunctum
656 4709 695 4769 et
709 4708 952 4798 preceptum,
975 4708 1139 4797 exparte
1163 4709 1305 4784 nostru,
1326 4690 1459 4769 fuisset
1477 4708 1520 4767 ut
1540 4691 1580 4766 in
1594 4706 1691 4767 statu
1707 4690 1747 4767 in

331 4846 408 4924 quo
423 4822 502 4924 ipse
523 4840 603 4899 erut
613 4851 690 4899 una
703 4850 790 4899 eum
806 4823 979 4901 comitiva
988 4850 1056 4900 sun
1070 4851 1110 4899 se
1126 4806 1304 4900 redderet
1314 4838 1463 4929 captum
1479 4823 1518 4898 in
1531 4837 1650 4898 castm
1666 4849 1748 4898 nos

331 4965 391 5026 tro
413 4950 613 5042 Lauserte,
637 4954 848 5031 inhibendo
868 4953 941 5031 sibi
972 4980 1140 5060 expresse
1165 4982 1213 5030 ne
1235 4981 1416 5059 persone,
1440 4952 1551 5030 bonis
1573 4967 1612 5027 ct
1635 4951 1748 5029 rebus

336 5076 425 5155 dicti
448 5077 630 5158 Gaillardi
650 5084 699 5159 de
723 5085 901 5191 Nar-repo,
922 5081 1070 5174 militis,
1092 5112 1161 5191 per
1182 5112 1220 5163 se
1240 5110 1306 5163 seu
1327 5084 1420 5161 alios
1442 5081 1585 5190 aliquid
1606 5080 1715 5157 forisl
1730 5126 1748 5140 -

417 5254 468 5297 nes
488 5254 569 5299 ocris.
591 5259 637 5300 111.
1582 5236 1621 5296 36
1690 5240 1694 5249 “
