4450 6209
502 698 576 773 388
1088 698 1179 771 Les
1209 694 1348 771 OLIM.

274 850 407 904 nussim
418 845 463 907 ll·
504 840 627 919 dictus
644 868 732 919 vero
748 864 874 917 comes
887 839 999 927 Furi,
1017 838 1140 915 simile
1154 850 1496 915 assecuramentum
1515 830 1692 939 predictis
1705 830 1920 936 prestando,

338 940 400 983 '³⁰⁰'
505 972 597 1049 dixit
616 972 721 1080 quod
741 972 820 1077 ipse
840 970 928 1047 inde
950 968 1158 1075 excipiebat
1175 986 1312 1047 terram
1333 992 1447 1074 quam
1466 965 1545 1072 ipse
1564 962 1681 1039 habet
1698 962 1738 1039 in
1758 961 1927 1041 Cathalo·

506 1104 583 1192 nia,
606 1121 646 1182 et
662 1120 822 1181 matrem
843 1130 949 1179 suam
966 1118 1004 1179 et
1017 1101 1280 1179 Constanciam
1297 1096 1605 1177 vicecomitissam
1623 1094 1818 1178 Marciani,
1836 1093 1923 1169 arni·

506 1250 582 1311 tam
603 1234 720 1341 ipsius
739 1234 903 1323 comitis,
925 1250 963 1310 et
980 1251 1099 1311 terras
1115 1260 1261 1323 earum,
1280 1248 1318 1308 et
1331 1248 1422 1309 tunc
1438 1228 1607 1338 precepit
1620 1225 1692 1307 sibi
1708 1227 1812 1305 curia
1826 1224 1926 1332 quod

506 1366 600 1473 ipse,
614 1368 695 1443 sine
707 1364 929 1473 excepcione
938 1383 1038 1443 terre
1050 1392 1116 1443 sue
1126 1363 1174 1441 de
1184 1362 1420 1454 Cathalonia,
1432 1362 1578 1440 dictum
1587 1373 1924 1449 assecurementum

505 1516 704 1604 prestaret,
721 1516 759 1576 et
774 1499 804 1576 si
817 1497 931 1575 vellet
945 1497 1034 1575 inde
1051 1497 1220 1601 excipere
1234 1511 1394 1573 matrem
1410 1510 1449 1571 et
1462 1494 1615 1573 smitam
1630 1522 1715 1572 snas
1726 1491 1923 1599 predictas,

505 1632 611 1735 quod
630 1632 710 1737 ipse
721 1631 867 1736 juraret
885 1656 961 1705 non
973 1629 1104 1735 juvare
1121 1655 1183 1706 eas
1201 1644 1331 1704 contra
1350 1624 1557 1733 predictam
1578 1625 1682 1733 quod
1703 1653 1791 1702 cum
1810 1622 1925 1700 facere

507 1780 710 1852 recusaret,
733 1763 869 1839 missus
887 1759 959 1838 fuit
977 1762 1016 1836 in
1036 1758 1294 1838 Castelletum.
1315 1758 1447 1834 Postea
1464 1785 1554 1835 vero
1573 1756 1782 1835 recreditus
1799 1754 1871 1831 luit
1886 1768 1925 1831 ut

509 1895 580 1970 iret
599 1895 698 2000 apud
721 1893 973 1971 Silvanectum
993 1891 1042 1969 ad
1062 1891 1260 1969 dominum
1276 1892 1417 1997 Regem
1438 1890 1535 1993 (13),
1562 1906 1601 1967 et
1629 1887 1683 1966 ibi
1699 1888 1839 1966 lectum
1858 1884 1925 1964 luit

509 2025 614 2131 quod
633 2025 814 2131 sequitur.

564 2158 740 2235 Noverint
750 2157 913 2235 universi
927 2157 1028 2264 quod
1039 2156 1142 2264 apud
1151 2156 1419 2244 Silvanectum,
1434 2182 1560 2233 coram
1570 2153 1727 2233 domino
1736 2157 1837 2262 Rege
1845 2154 1926 2232 exis·

508 2306 591 2367 tens
607 2316 732 2369 comes
747 2289 857 2383 Furi,
875 2288 923 2365 ad
939 2288 1159 2367 mandatum
1175 2288 1292 2393 ipsius
1309 2286 1455 2369 domini
1474 2287 1599 2393 Regis,
1623 2285 1730 2363 dedit
1745 2314 1925 2364 assecura-

509 2437 678 2499 mentum
702 2420 931 2528 legittimum
954 2420 1002 2497 de
1024 2448 1065 2497 se
1089 2436 1127 2496 et
1150 2419 1243 2509 suis,
1264 2418 1473 2495 secundum
1494 2417 1808 2497 consuetudinem
1830 2418 1927 2495 curie

511 2552 656 2629 domini
676 2552 805 2659 Regis,
828 2552 955 2629 comiti
976 2550 1204 2642 Armaniaci,
1225 2550 1418 2629 Bernardo
1438 2550 1487 2627 de
1506 2550 1707 2642 Convenis,
1725 2552 1927 2628 vicecomiti

510 2685 706 2773 Turenne,
723 2682 900 2774 Gesooni,
923 2682 1133 2760 vicecomiti
1157 2680 1458 2789 Fecencsguelli,
1474 2680 1578 2760 fratri
1599 2681 1688 2758 dicti
1705 2678 1853 2759 comitis
1871 2682 1929 2758 Ar-

512 2814 671 2891 meniaci
691 2832 729 2892 et
748 2814 842 2903 suis;
860 2814 1002 2918 excepit
1019 2832 1149 2891 tamen
1168 2811 1292 2891 dictus
1311 2840 1438 2891 comes
1458 2814 1550 2890 Fuxi
1570 2813 1617 2890 ab
1634 2832 1928 2893 assecursmento

511 2944 681 3050 predicto
702 2962 859 3023 matrem
882 2962 920 3021 et
939 2942 1219 3033 Constanciam‚
1243 2942 1551 3023 vicecomitissam
1567 2945 1761 3036 Marciani,
1782 2946 1928 3023 amitam

512 3104 610 3165 suas,
627 3093 665 3153 et
676 3094 793 3152 terres
807 3102 935 3151 earum
948 3106 958 3163 ς
967 3074 1105 3183 juravit
1117 3101 1205 3152 vero
1218 3075 1265 3152 ad
1280 3092 1404 3153 uncta
1416 3075 1486 3153 Dei
1498 3074 1712 3183 Evangelia,
1725 3077 1928 3154 secundum

512 3233 658 3284 morem
670 3207 792 3298 curie,
805 3234 845 3283 se
860 3204 1048 3283 facturum
1061 3222 1099 3283 et
1113 3223 1349 3297 curaturum,
1361 3234 1431 3313 pro
1447 3235 1572 3315 posse,
1584 3207 1689 3314 quod
1704 3207 1803 3285 dicte
1817 3226 1929 3287 mater

512 3355 551 3415 et
568 3339 680 3417 amita
701 3356 739 3417 et
757 3354 856 3415 terre
877 3364 1026 3428 earum,
1044 3354 1156 3415 erunt
1170 3356 1209 3416 et
1222 3337 1467 3417 includentur
1482 3340 1521 3417 in
1535 3358 1835 3419 assecuramento
1851 3368 1929 3447 pre·

511 3469 631 3564 dicto;
645 3471 750 3577 quod
767 3470 798 3547 si
814 3468 935 3547 lacere
952 3468 1098 3549 nollent
1113 3471 1250 3548 eodem
1261 3469 1478 3578 juramento
1498 3498 1538 3549 se
1553 3471 1739 3560 astrinxit,
1758 3500 1827 3579 pro
1842 3490 1928 3550 sect

512 3603 605 3692 suis,
622 3631 700 3681 non
714 3620 878 3709 prestare
894 3602 1003 3680 dictis
1019 3603 1128 3679 matri
1143 3619 1180 3679 et
1195 3603 1309 3682 amite
1325 3630 1456 3708 opem,
1469 3603 1671 3681 consilium
1684 3602 1743 3681 vel
1757 3605 1926 3682 auxilinm

510 3734 725 3812 volentibus
748 3733 853 3841 prius
873 3733 1067 3811 offendere
1089 3733 1149 3811 vel
1171 3732 1347 3812 invadere
1365 3734 1486 3813 dictos
1505 3736 1682 3813 comitem
1705 3735 1925 3825 Armeniaci,

510 3864 663 3941 fratrem
680 3864 761 3971 ejus
779 3882 816 3942 et
829 3865 1087 3943 vicecomitem
1104 3866 1284 3943 Turenne
1305 3883 1343 3944 et
1361 3895 1466 3955 suos,
1484 3867 1603 3943 eciam
1617 3867 1657 3944 in
1674 3866 1924 3955 defendendo,

510 3994 577 4074 ubi
595 3996 716 4074 dictus
732 4024 858 4076 comes
868 3997 1096 4087 Armeniaci,
1112 3995 1226 4074 frater
1240 4000 1337 4106 ejus,
1354 4015 1392 4075 et
1405 3999 1612 4097 vicecomes
1626 4016 1665 4077 et
1678 4000 1736 4078 sui
1751 4028 1792 4078 se
1807 4018 1928 4079 contra

510 4126 742 4205 vindicarent
763 4128 808 4207 de
828 4128 1007 4237 predictis
1026 4146 1146 4207 matre
1167 4148 1205 4207 et
1224 4130 1338 4207 amita
1358 4147 1395 4208 et
1420 4131 1531 4208 terris
1558 4160 1705 4220 earum,
1732 4160 1807 4237 qne
1832 4131 1928 4238 prius

511 4259 729 4338 invasissent
748 4260 868 4339 dictos
888 4260 1063 4342 comitem
1079 4260 1307 4350 Armeniaci,
1327 4262 1412 4370 ejus
1430 4261 1598 4354 fratrem,
1620 4280 1659 4341 et
1678 4262 1927 4341 vicecomitem

512 4408 548 4467 et
566 4408 684 4469 terras
704 4419 856 4481 eorum;
883 4391 948 4469 sed
973 4392 1001 4469 si
1030 4420 1157 4470 comes
1179 4391 1407 4483 Armeniaci,
1433 4391 1548 4471 frater
1569 4393 1650 4502 ejus
1674 4410 1713 4471 et
1729 4396 1929 4472 vicecomes

509 4520 666 4627 predicti
688 4540 753 4601 aut
772 4523 849 4612 sui,
871 4524 1056 4629 predictas
1076 4541 1237 4600 matrem
1258 4541 1297 4600 et
1319 4525 1471 4601 smitam
1491 4526 1597 4631 prius
1616 4524 1853 4603 offenderent
1871 4540 1930 4601 aut

509 4670 625 4731 terras
645 4681 794 4743 earum,
813 4683 887 4762 que
908 4673 1021 4733 erunt
1036 4674 1138 4734 extra
1155 4674 1500 4735 assecuramentum
1518 4658 1792 4763 predictorum,
1813 4656 1928 4733 dictus

508 4811 634 4861 comes
649 4786 740 4863 Furi
759 4786 813 4864 eis
828 4788 966 4894 poterit
984 4805 1150 4894 prestare
1169 4816 1301 4894 opem,
1319 4788 1500 4866 auxilium
1515 4807 1554 4867 et
1568 4788 1732 4868 favorem
1747 4787 1928 4865 defensio-

508 4914 584 5005 nis,
600 4915 678 4992 sine
691 4917 860 5022 periculo
874 4919 992 5025 ipsius
1005 4920 1309 4997 assecurarneuti.
1322 4922 1551 4999 Protestatus
1562 4920 1635 4998 fuit
1646 4919 1801 5025 insuper
1814 4919 1929 4996 dictus

508 5072 633 5123 comes
658 5046 768 5139 Fuxi,
793 5049 831 5123 in
852 5050 1046 5155 presencia
1072 5050 1216 5130 domini
1248 5051 1374 5158 Regis,
1395 5051 1466 5129 sibi
1486 5050 1567 5130 soro
1590 5049 1732 5129 salvum
1746 5051 1810 5159 jus
1831 5046 1929 5157 qnod
