4450 6209
470 718 543 789 506
1057 716 1150 791 tus
1181 713 1313 789 OLlM.

241 871 371 925 earnm
384 869 428 931 tv,
467 876 549 937 turn
569 888 637 937 seu
654 859 973 967 procuratorium,
990 885 1059 966 per
1074 856 1251 937 homines
1273 855 1363 933 dicti
1382 852 1506 944 castri,
1525 880 1650 931 coram
1672 872 1825 963 regente
1841 856 1900 963 ju-

303 962 366 1007 mi
466 991 726 1070 risdictionem
750 990 841 1068 dicti
862 992 989 1081 castri,
1012 990 1169 1070 nomine
1194 1004 1341 1077 nostro,
1363 986 1512 1065 racione
1536 987 1725 1064 sentencie
1751 1007 1790 1065 et
1812 1018 1897 1065 con-

466 1123 749 1231 dempnacionis
767 1123 1037 1231 predictarum,
1058 1122 1198 1201 laetum
1219 1148 1305 1197 cum
1325 1120 1407 1228 ejus
1426 1118 1647 1197 auctoritate
1670 1137 1708 1197 et
1730 1119 1895 1208 decreto,

466 1255 787 1363 precipiendoque
810 1256 912 1334 dicto
932 1256 1078 1364 regenti
1101 1253 1262 1331 reddere
1283 1251 1411 1359 viginti
1434 1250 1552 1329 libras·
1568 1250 1704 1329 debilis
1729 1268 1896 1339 monete,

465 1416 535 1495 per
557 1389 682 1496 ipsum
705 1407 875 1497 receptas
899 1389 947 1466 de
966 1387 1233 1496 jurisdictione
1257 1385 1348 1462 dicti
1373 1384 1502 1474 castri,
1524 1413 1544 1459 a
1563 1413 1636 1490 qua
1661 1384 1897 1461 revocacione

465 1538 686 1627 procurator
699 1540 828 1600 noster
840 1550 909 1598 seu
924 1521 1005 1629 ejus
1019 1519 1246 1599 substitutus
1259 1516 1307 1594 ad
1324 1534 1491 1595 nostram
1513 1515 1654 1593 curiam
1675 1514 1896 1621 appellavit:

466 1648 615 1732 Auditis
634 1654 751 1761 igitur
771 1653 813 1731 in
834 1652 937 1731 curia
960 1671 1086 1730 nostra
1106 1650 1414 1760 procuratoribus
1432 1654 1560 1725 bostro
1580 1666 1619 1725 et
1641 1647 1730 1725 dicti
1751 1648 1896 1735 militis,

468 1784 554 1862 visis
577 1786 829 1893 inspectisque
850 1784 1052 1891 diiigenter
1073 1783 1272 1889 utriusque
1298 1808 1408 1858 cause
1431 1779 1686 1887 processibus,
1712 1806 1780 1887 per
1805 1778 1900 1856 dicte

469 1934 597 1995 nostre
612 1919 715 1997 curie
726 1918 934 2026 judicium,
952 1916 1096 1995 dictum
1112 1913 1200 2005 fuit,
1219 1914 1258 1990 in
1274 1942 1382 1993 causa
1394 1911 1589 2020 principali
1605 1911 1789 2018 predicta,
1804 1911 1898 1989 bene

469 2048 741 2130 sentenciatum
768 2065 806 2125 et
828 2047 927 2127 male
947 2046 1177 2154 appellatum
1198 2045 1328 2135 luisse,
1345 2062 1382 2121 et
1403 2044 1509 2150 quod
1523 2043 1690 2149 predicta
1711 2044 1898 2120 revocacio

469 2197 776 2288 attemptaturum
800 2179 911 2257 lirma
937 2178 1120 2271 manebit,
1149 2180 1253 2285 quia,
1281 2177 1379 2253 dicta
1406 2175 1661 2283 appellacione
1691 2173 1897 2281 pendente,

469 2312 593 2400 dictus
611 2312 836 2401 senescallus
856 2340 963 2396 suam
983 2312 1118 2417 exequi
1139 2309 1367 2389 sentenciam
1389 2336 1465 2387 non
1487 2307 1665 2399 debebam
1690 2306 1899 2387 considera-

468 2459 585 2550 toque
606 2443 751 2523 dictum
770 2443 932 2524 militem
953 2421 1251 2527 abusum'fuisse
1264 2438 1527 2545 jurisdictione
1545 2466 1661 2547 quam
1682 2437 1845 2518 habebat
1863 2438 1901 2515 in

469 2575 570 2655 dicto
595 2593 734 2666 castro,
755 2575 844 2665 fuit,
867 2574 1059 2682 peridem
1076 2572 1283 2680 judicium,
1310 2571 1529 2657 ordinatum
1552 2571 1659 2676 quod
1678 2569 1770 2648 dicti
1793 2569 1900 2647 castri

464 2707 679 2814 jurisdictio
699 2733 850 2785 necnon
870 2706 942 2784 alia
955 2704 1057 2783 bona
1076 2704 1167 2785 dieti
1183 2702 1315 2786 militis
1329 2704 1525 2810 capientur
1540 2702 1637 2781 etad
1650 2731 1808 2779 manum
1822 2731 1902 2781 nos

470 2859 570 2929 tram
592 2840 837 2927 tenebuntur,
865 2838 986 2919 donec
1005 2836 1117 2917 nobis
1138 2853 1176 2915 et
1201 2835 1300 2913 dicte
1322 2835 1425 2926 Fire,
1453 2834 1502 2918 de
1527 2835 1687 2916 summis
1706 2834 1899 2942 predictis,

470 2970 587 3051 suerit
605 2970 849 3059 satisfactum,
867 2986 907 3047 et
926 2967 1024 3045 illud
1039 2968 1144 3074 quod
1172 2967 1221 3044 de
1245 2966 1389 3045 eisdem
1413 2964 1599 3047 levabitur
1622 2966 1902 3074 computabitur

472 3104 573 3182 dicto
589 3101 702 3181 militi
724 3100 764 3178 in
786 3099 1019 3179 solucionem
1038 3127 1274 3185 summarum
1295 3099 1561 3205 predictarum.

527 3235 685 3322 Veneris
704 3252 798 3343 post
808 3251 980 3313 sanctum
993 3232 1255 3313 Vincencium.

528 3371 578 3452 M.
600 3370 639 3447 Ρ.
650 3368 828 3479 blangon
846 3367 1059 3475 reportavit.

528 3636 572 3715 ΙΙ.
604 3635 686 3720 Lite
709 3652 828 3727 mota,
849 3634 889 3719 io
909 3633 1013 3719 curia
1031 3630 1225 3712 senescalli
1248 3629 1568 3719 Carcassonensis,
1596 3646 1727 3708 contra
1750 3630 1901 3709 Petrum

474 3768 522 3845 dc
546 3765 817 3857 ClaroMonte,
838 3763 1018 3851 militem,
1036 3790 1152 3869 super
1173 3762 1468 3843 denunciacione
1485 3760 1653 3868 plurium
1674 3788 1903 3849 excessuum,

472 3927 541 4005 per
561 3872 705 3978 dictum
722 3896 884 3978 militem
900 3896 940 3973 in
956 3923 1156 4002 personam
1171 3894 1354 3973 lobannis
1375 3893 1586 4001 Reymondi
1610 3894 1658 3971 de
1673 3892 1831 3985 Caucio,
1848 3890 1903 3971 lo-

473 4028 728 4116 cumtenentis
746 4027 864 4135 bajuli
889 4028 1007 4113 nostri
1033 4026 1125 4107 dicti
1147 4026 1239 4119 loci,
1260 4044 1303 4105 ut
1330 4026 1480 4116 dicitur,
1506 4025 1793 4109 commissorum
1819 4042 1903 4102 ante

474 4179 613 4269 etpost
627 4160 921 4270 appellacionem
937 4189 1006 4268 per
1020 4162 1169 4239 dictum
1185 4160 1396 4239 iohannem
1412 4158 1646 4266 interjectam
1662 4158 1711 4239 ad
1723 4144 1906 4241 senescal-

472 4294 553 4373 lum
577 4295 821 4403 predictum,
833 4294 1084 4401 inquestaque
1105 4291 1200 4371 lacta
1223 4294 1270 4370 de
1293 4291 1470 4399 predictis
1486 4307 1618 4378 contra
1638 4288 1784 4378 dictum
1804 4288 1903 4371 mili-

472 4445 566 4515 tem,
595 4428 647 4507 de
668 4426 846 4514 mandato
865 4426 1061 4510 senescalli
1087 4424 1265 4533 predicti,
1289 4424 1407 4531 ipsius
1428 4422 1621 4506 senescalli
1642 4421 1905 4499 locumtenens

473 4559 617 4641 dictum
645 4558 806 4639 militem
831 4559 871 4637 in
898 4558 1004 4645 mille
1033 4558 1141 4637 libris
1167 4556 1475 4647 Turonensibus,
1509 4555 1618 4635 nobis
1646 4582 1716 4661 pro
1744 4529 1904 4629 emenda

472 4689 676 4780 solvendis,
698 4720 767 4797 per
785 4690 1016 4776 sentenciam
1035 4689 1345 4797 condempnavit3
1367 4716 1481 4795 aqua
1500 4688 1705 4779 sentencia,
1726 4702 1904 4791 tanquam

473 4822 520 4903 ab
539 4821 688 4929 iniqua,
707 4841 929 4929 procurator
945 4824 1035 4901 dicti
1055 4823 1188 4903 militis
1205 4824 1253 4903 ad
1272 4840 1437 4903 nostram
1459 4821 1601 4901 curiam
1617 4817 1830 4927 appellavit,
1845 4818 1906 4922 ju-

474 4953 741 5059 uicemquein
768 4955 1037 5063 appellacionis
1063 4982 1174 5035 causa
1200 4954 1430 5063 impetravit,
1455 4954 1539 5063 qui,
1567 4952 1717 5060 cognito
1739 4950 1786 5026 de
1808 4947 1903 5025 dicta

473 5112 596 5178 eausa,
624 5085 783 5166 eandem
806 5087 908 5167 curie
933 5105 1062 5173 nostre
1087 5088 1233 5177 remisit
1255 5088 1489 5176 instructam,
1510 5085 1616 5193 juxta
1640 5101 1813 5164 tenorem
1833 5078 1903 5159 sibi
