4450 6209
754 766 1023 872 suouurss
1050 784 1114 855 ur
1141 752 1355 857 raocrts'
1687 786 1761 861 irs

340 923 412 1002 tuit
425 925 495 1033 ipsi
510 924 639 1002 comiti
655 953 704 1002 ne
723 925 822 1031 ipsos
838 924 993 1003 clericos
1011 924 1059 1002 ad
1076 924 1169 1003 alios
1187 954 1353 1004 carceres
1368 952 1437 1003 seu
1454 925 1524 1003 adia
1545 925 1628 1005 ioca
1645 945 1765 1007 trans-
1805 938 1988 1003 enituerit,

340 1055 469 1149 ferrct3
490 1056 630 1165 quibus
651 1056 827 1134 omuibus
847 1056 995 1164 spretis,
1018 1056 1140 1134 dictus
1163 1083 1290 1135 comes
1316 1073 1381 1134 aut
1406 1057 1489 1165 ejus
1508 1075 1644 1168 ,gentes
1662 1060 1764 1167 ipsos
1865 1031 1927 1075 Μ’

339 1185 493 1267 clericos
518 1206 755 1267 extraxerunt
779 1188 827 1265 dc
851 1216 921 1267 suo
942 1214 1087 1266 carcere
1113 1205 1151 1265 et
1173 1188 1222 1265 ad
1242 1188 1359 1266 alium
1378 1215 1563 1267 carcerem
1584 1218 1697 1269 snum
1714 1193 1763 1271 de

338 1320 538 1410 Danziaco,
561 1348 647 1398 cum
663 1318 907 1397 multitudine
924 1336 1169 1413 armatorum,
1187 1320 1393 1409 duxerunt,
1410 1338 1450 1398 et
1467 1348 1550 1411 eos,
1566 1339 1670 1401 metu
1688 1354 1765 1403 car-

340 1453 434 1529 ceris
450 1468 489 1529 et
502 1457 798 1540 tormentorum,
816 1450 1047 1529 induxerunt
1059 1451 1166 1559 quod
1180 1451 1270 1558 ipsi,
1283 1470 1349 1531 aut
1362 1451 1426 1529 alii
1440 1452 1595 1531 nomine
1610 1481 1764 1532 eorum-

339 1582 444 1675 dem,
461 1611 501 1662 se
518 1582 743 1697 obligarent,
763 1612 848 1692 erga
864 1583 1008 1661 dictum
1028 1585 1223 1673 comitem,
1244 1583 1283 1661 in
1298 1583 1405 1661 mille
1420 1600 1459 1662 et
1474 1585 1645 1662 ducentis
1658 1585 1764 1664 libris

339 1714 624 1807 Parisiensibus;
648 1732 789 1793 etcum
810 1715 1056 1823 postmodum
1083 1712 1282 1793 fuissenta
1305 1715 1407 1793 dioto
1431 1744 1576 1793 carcere
1595 1715 1762 1807 liberati,

339 1845 514 1953 citatique
535 1862 661 1925 essent
675 1874 799 1925 coram
816 1844 963 1924 officiali
980 1846 1151 1953 predicto
1166 1874 1280 1953 super
1294 1846 1397 1926 dicto
1412 1844 1509 1925 sacto
1523 1846 1762 1953 responderi,

340 1977 550 2085 prepositus
569 1976 805 2058 Nivernensis
825 1978 971 2057 comitis
991 1978 1195 2085 supradicti
1216 1978 1430 2058 Johannem
1454 1978 1489 2057 ta
1512 1979 1596 2057 Bise
1615 1980 1765 2085 predic-

337 2108 419 2186 tum
431 2137 500 2215 per
514 2138 670 2188 manum
684 2110 797 2216 cepit,
815 2127 852 2187 et
866 2140 888 2186 a
900 2109 1093 2216 presencia
1107 2108 1197 2187 dicti
1214 2108 1384 2189 officialis
1394 2110 1564 2200 extraxit,
1582 2128 1622 2188 et
1633 2140 1763 2189 secum

338 2238 445 2318 duxit
463 2270 512 2319 ne
532 2268 658 2321 coram
679 2241 779 2319 dicto
802 2238 953 2319 officiali
976 2240 1239 2349 responderet,
1260 2257 1305 2318 ut
1323 2240 1488 2331 dicebat,
1510 2242 1550 2319 in
1570 2260 1765 2351 contemp·

337 2387 420 2447 tum
440 2371 555 2478 garde
574 2389 701 2449 nostre
721 2399 763 2449 ac
780 2370 1053 2479 prohibiciouis
1072 2371 1241 2478 predicte
1262 2388 1300 2448 et
1318 2371 1483 2478 episcopi
1502 2371 1662 2477 predicti
1680 2402 1765 2479 pre-

334 2499 539 2607 judicium,
568 2503 608 2579 in
634 2520 760 2581 nostra
786 2502 912 2612 gardia
938 2500 1088 2609 speciali
1113 2501 1320 2592 existentis3
1348 2529 1464 2608 quare
1486 2502 1638 2608 petebat
1660 2502 1763 2580 idem

339 2631 536 2739 episcopus
554 2633 733 2740 premissa
751 2660 820 2742 per
838 2660 908 2712 nos
927 2648 1183 2742 competenter
1203 2632 1417 2711 emendari:
1437 2633 1611 2739 loquente
1634 2633 1760 2744 igitur,

338 2790 454 2869 super
477 2764 669 2871 premissis
703 2764 750 2843 dc
777 2766 954 2847 mandato
985 2766 1087 2844 curie
1114 2781 1243 2845 nostre
1268 2762 1363 2841 sacta
1395 2763 1472 2843 risa
1500 2781 1539 2841 et
1564 2762 1764 2873 diligenter

338 2894 560 2988 erarninata,
577 2895 897 3005 consideratisque
910 2913 1049 2976 attente
1065 2896 1333 3003 omnibusque
1348 2895 1596 2975 intentarunt
1608 2924 1677 3001 per
1690 2896 1763 2973 dic·

337 3040 414 3102 tam
437 3025 650 3135 inquestarn
671 3026 902 3107 sufficienter
924 3028 1095 3135 probata,
1117 3057 1186 3136 per
1207 3026 1310 3134 curie
1336 3043 1463 3106 nostre
1481 3025 1671 3136 judicium
1692 3025 1764 3103 dic·

337 3172 418 3233 tum
444 3156 517 3237 fuit
541 3160 647 3267 quod
672 3161 794 3239 dictus
818 3188 944 3238 comes
968 3160 1136 3239 resaisiet
1158 3160 1369 3267 predictum
1395 3159 1613 3265 episcopum
1633 3158 1683 3236 de
1701 3160 1763 3235 Jo-

338 3288 464 3363 hanne
479 3289 664 3396 predicto,
681 3292 754 3367 nisi
764 3292 843 3398 jam
861 3291 975 3369 fuerit
990 3292 1038 3369 de
1060 3290 1197 3369 eodem
1212 3290 1420 3379 resaisitus,
1436 3306 1475 3366 et
1485 3289 1622 3367 reddet
1637 3289 1763 3367 eidem

339 3417 514 3526 episcopo
528 3436 680 3497 centum
692 3420 806 3499 libras
816 3420 1057 3513 Parisienses,
1068 3446 1138 3526 pro
1152 3420 1313 3499 emenda
1324 3447 1407 3507 sua,
1421 3419 1572 3497 racione
1584 3418 1670 3495 facti
1683 3448 1764 3525 pre·

338 3548 446 3637 dicti,
466 3578 507 3627 ac
524 3548 635 3627 nobis
654 3550 937 3657 quadringintas
955 3548 1069 3627 libras
1088 3548 1332 3639 Parisienses,
1353 3576 1420 3655 pro
1441 3548 1601 3628 emenda
1617 3566 1760 3641 nostra,

337 3680 485 3758 racione
505 3680 779 3788 predictorum,
807 3682 846 3790 in
869 3698 1056 3787 quantum
1076 3708 1147 3759 nos
1164 3667 1339 3787 tangunt,
1362 3677 1563 3785 persolvet,
1579 3680 1685 3760 ,satvo
1705 3680 1762 3757 in·

337 3838 450 3919 super
477 3812 587 3917 dictis
615 3812 792 3891 fratribus
817 3812 921 3920 qnod
952 3812 1022 3919 ipsi
1046 3828 1175 3891 contra
1206 3810 1349 3889 dictum
1372 3791 1551 3891 comitem
1572 3827 1611 3887 et
1632 3828 1762 3918 gentes

337 3971 421 4021 suas
436 3944 613 4052 prosequi
627 3942 773 4021 valeant
782 3943 864 4053 jus,
881 3942 911 4021 si
927 3942 1032 4050 quod
1046 3972 1086 4026 se
1103 3940 1258 4023 credaut
1275 3940 1415 4023 babere
1434 3940 1585 4021 racione
1604 3942 1762 4047 premis-

214 4094 221 4105 ·
337 4102 476 4152 sorum.
1073 4072 1075 4079 ’

393 4207 500 4285 Lune
518 4225 603 4313 post
622 4206 769 4283 octabas
788 4204 1009 4285 Candelose.

394 4336 500 4415 Creci
520 4337 732 4443 reportavit.
1321 4374 1326 4382 ·
1380 4408 1384 4414 ,
1507 4362 1530 4410 ο
1624 4399 1628 4410 .
1712 4377 1716 4394 ·

1507 4483 1530 4525 θ

391 4602 579 4681 xxxvlfl.
603 4603 700 4681 Cum
716 4601 987 4709 significassent
1006 4600 1259 4680 nobisGuido
1275 4600 1467 4689 Oudardi,
1483 4600 1610 4692 miles,
1632 4617 1671 4677 et
1688 4600 1762 4709 Ay·
1856 4684 1859 4687 ,

335 4735 493 4812 mericus
509 4734 695 4825 Oudardi,
712 4734 884 4844 armiger,
909 4736 989 4844 ejus
1007 4762 1141 4842 nepos,
1156 4732 1280 4841 quod,
1297 4732 1388 4839 ipsis
1408 4760 1478 4838 per
1490 4731 1669 4810 ballivum
1683 4734 1763 4812 Tu·
1944 4748 1949 4757 '

334 4892 535 4943 ronensem
559 4866 689 4968 positis
717 4884 756 4945 et
777 4866 1023 4946 existentibus
1041 4866 1081 4943 in
1100 4884 1230 4943 nostra
1246 4864 1374 4975 gardia
1391 4864 1560 4972 speciali,
1583 4866 1691 4973 Hugo
1711 4866 1761 4943 de

334 4996 503 5104 Bauceyo
524 5014 562 5073 et
577 4996 723 5089 Guido,
746 4999 827 5107 ejus
847 4998 971 5089 frater,
993 4995 1177 5085 scutiferi,
1198 4994 1404 5102 etquidem
1424 4993 1486 5073 elii
1502 5022 1636 5073 eorum
1656 5024 1763 5073 com·
1824 4993 1829 5000 “

335 5127 467 5233 plicas,
490 5127 617 5234 plures
643 5130 814 5239 iujurias,
840 5130 1042 5208 violencias
1067 5148 1103 5211 et
1128 5128 1291 5234 dampn'a
1309 5124 1585 5235 quamplurima
1610 5127 1760 5204 intulis·

419 5306 472 5348 nes
493 5306 577 5349 οιιιι.
601 5310 647 5349 ιιι.
1596 5283 1635 5349 5Ιι
