4450 6209
509 699 582 774 550
1038 699 1299 800 cssssonrn.

283 853 413 906 rernm
424 849 469 915 W·
507 843 607 952 apud
625 842 1088 934 Veterem-Molihemam3
1106 844 1194 952 quia
1212 844 1329 921 eciam
1347 843 1542 922 inventum
1559 844 1739 952 estquod
1755 845 1934 927 dominus

345 945 408 988 1³10.

507 977 555 1054 de
575 976 759 1066 Malliaco,
778 993 863 1052 ante
879 975 1016 1052 dictam
1031 977 1270 1083 capcionem,
1288 976 1410 1054 minas
1429 976 1606 1054 intulerat
1625 975 1736 1054 dictis
1754 977 1933 1086 religiosis

507 1122 545 1186 et
572 1107 781 1214 specialiter
801 1108 987 1186 monacho
1009 1108 1241 1215 supradicto,
1265 1136 1336 1214 per
1360 1109 1462 1186 curie
1486 1126 1613 1188 nostre
1633 1108 1843 1217 judicium,
1865 1110 1932 1188 suit

504 1241 627 1318 dictus
648 1240 826 1318 dominus
847 1239 1146 1348 condempnatus
1167 1241 1215 1317 ad
1234 1239 1478 1330 solvendum,
1503 1241 1614 1318 dictis
1638 1239 1843 1348 religiosis,
1861 1258 1931 1320 tre·

503 1392 628 1452 centas
653 1372 783 1464 libras,
806 1402 877 1480 pro
906 1372 1079 1479 dampnis
1103 1389 1141 1450 at
1166 1372 1314 1479 injuriis
1343 1400 1476 1450 eorum
1502 1373 1698 1480 predictis,
1725 1391 1781 1465 et,
1809 1374 1928 1465 nohis,

501 1506 605 1583 mille
625 1505 740 1584 libras
756 1507 1015 1597 Turonenses‚
1029 1533 1099 1611 pro
1121 1503 1292 1582 emenda.

557 1639 684 1716 Martis
703 1655 790 1745 post
806 1637 1155 1715 Annunciacionem
1170 1636 1411 1715 dominicam.

556 1772 661 1850 Greci
683 1769 898 1877 reportavit.

557 1903 613 1980 De
628 1901 709 1980 istis
728 1899 834 1977 mille
850 1899 955 1978 libris
971 1899 1126 2006 quitavit
1138 1900 1318 1978 dominus
1332 1901 1410 1977 Rex
1423 1899 1678 1979 medietatem.

559 2166 666 2244 XLV.
698 2163 779 2242 Lite
796 2181 913 2252 mota,
936 2189 1060 2239 coram
1077 2161 1269 2268 preposito
1289 2161 1487 2238 Parisiensi
1509 2163 1607 2239 inter
1620 2161 1869 2241 Guillelmum
1885 2165 1930 2242 de

502 2296 708 2385 Dambuel,
736 2295 986 2404 armigerum,
1010 2311 1049 2370 et
1073 2293 1258 2385 helidim,
1281 2320 1375 2370 uxor
1394 2292 1527 2399 ipsius,
1550 2293 1717 2371 relictam
1740 2295 1930 2402 quondam

504 2428 658 2508 Gelonis
680 2427 916 2517 lestandart,
939 2427 1090 2513 militis,
1109 2455 1153 2504 ex
1175 2453 1252 2502 una
1278 2442 1399 2532 parte,
1420 2443 1458 2501 et
1479 2424 1757 2504 Guilleminum
1784 2429 1933 2505 Lestau-

505 2561 588 2638 dart
617 2579 655 2637 et
682 2560 883 2669 Agnetem,
909 2576 1068 2636 matrem
1102 2557 1221 2664 ipsius
1244 2555 1488 2646 Guillemini,
1521 2557 1720 2648 exaltem,
1750 2587 1931 2666 supereo

505 2694 607 2802 quod
627 2690 776 2770 dicebat
791 2692 914 2769 dictus
934 2689 1165 2770 Guillelmus
1183 2689 1231 2766 de
1246 2687 1435 2777 Danbnef,
1455 2690 1610 2767 nomine
1630 2717 1700 2768 suo
1714 2708 1755 2767 et
1772 2689 1926 2780 Aelidis,

506 2826 587 2932 ejus
596 2823 738 2911 uxoris,
751 2821 856 2929 quod
865 2851 968 2913 eum,
980 2821 1186 2898 intractatu
1196 2820 1426 2897 matrimonii
1441 2822 1540 2898 inter
1547 2822 1740 2928 quondam
1749 2819 1931 2900 Gelonem

505 2955 740 3044 lestandart,
763 2953 935 3044 militem,
951 2971 989 3031 et
1007 2953 1172 3032 Aelidim
1191 2953 1400 3059 predictam
1419 2955 1615 3043 contracti,
1632 2953 1798 3062 predicta
1811 2953 1932 3061 Agnes

506 3117 544 3164 se
559 3085 735 3192 obligavit
747 3086 874 3163 adhoc
891 3085 1010 3192 quod,
1029 3086 1058 3162 si
1081 3085 1228 3162 dictum
1238 3084 1435 3176 Gelonem,
1450 3085 1575 3164 lilium
1594 3104 1931 3193 suum,antequam

506 3218 642 3295 dictam
673 3216 835 3296 Aelidim
863 3217 1046 3295 decedere
1072 3218 1322 3325 contingeret,
1352 3219 1431 3324 ipsa
1449 3218 1588 3324 Agnes,
1613 3217 1795 3328 quamdiu
1820 3219 1931 3296 vitam

506 3351 660 3428 duceret
676 3351 714 3427 in
732 3351 917 3441 humanis,
930 3349 1030 3427 dicte
1043 3349 1179 3442 Aelidi,
1191 3366 1276 3456 post
1291 3368 1454 3427 mortem
1471 3350 1562 3427 dicti
1571 3349 1737 3438 Gelonis,
1754 3351 1932 3428 assideret

428 3561 432 3572 ,
507 3499 657 3560 centum
674 3483 826 3558 libratas
841 3499 956 3571 terre,
976 3482 1013 3556 in
1029 3470 1117 3558 sorti
1134 3498 1297 3572 moneta,
1315 3509 1384 3587 pro
1402 3481 1489 3559 dote
1505 3510 1582 3569 sua,
1598 3510 1668 3588 per
1683 3481 1820 3558 dictam
1834 3481 1932 3558 Aeli-

507 3615 584 3691 dim
600 3614 857 3722 percipiendas
871 3631 907 3691 et
922 3613 1106 3702 levandas,
1120 3612 1167 3688 ad
1182 3613 1294 3690 vitam
1316 3613 1414 3690 dicte
1434 3612 1602 3721 Agnetis,
1619 3630 1733 3719 prout
1748 3633 1786 3689 et
1803 3641 1930 3692 secun-

506 3745 598 3822 dum
618 3746 722 3853 quod
747 3746 815 3822 ista
836 3746 874 3821 in
898 3743 1031 3821 litteris
1052 3773 1166 3849 super
1185 3745 1259 3820 boc
1280 3743 1480 3834 consectis,
1504 3743 1628 3852 sigillo
1650 3743 1865 3822 castellanis
1884 3745 1930 3820 de

506 3878 688 3954 Medunta
702 3875 883 3982 sigillatis,
896 3874 1043 3981 plenius
1059 3875 1240 3953 dicuntur
1250 3877 1453 3958 contineris
1470 3893 1523 3965 et,
1539 3904 1609 3982 pro
1621 3876 1799 3983 predictis
1814 3877 1930 3953 adim·

506 4007 670 4113 plendis,
685 4007 844 4114 predicti
858 4005 980 4114 Agnes
997 4024 1035 4082 et
1046 4007 1240 4114 quondam
1253 4006 1366 4095 Galo,
1384 4009 1467 4115 ejus
1482 4006 1600 4096 filius,
1614 4008 1739 4118 omnia
1754 4007 1854 4084 bona
1868 4035 1932 4084 sua

507 4157 545 4215 et
562 4139 747 4216 heredum
764 4166 919 4216 suorum
940 4137 1156 4246 obligarunt
1171 4138 1295 4216 Aelidi
1311 4138 1495 4245 predicte,
1512 4167 1629 4246 quare
1643 4139 1822 4246 petebant
1842 4125 1930 4215 dicti

507 4273 685 4380 conjuges
698 4270 887 4376 predictos
903 4268 1180 4348 Guilleminum
1196 4270 1432 4359 Lestandart,
1448 4288 1627 4377 tanquam
1645 4271 1826 4348 heredem
1842 4270 1930 4346 dicti

506 4404 677 4491 Galonis,
695 4421 732 4480 et
746 4402 882 4480 dictam
899 4404 1090 4509 Agnetem‚
1108 4420 1265 4479 matrem
1283 4402 1410 4508 ipsius,
1427 4404 1465 4478 in
1481 4419 1662 4510 quantum
1674 4404 1794 4510 tangit
1805 4431 1932 4509 quem·

504 4535 607 4622 libet,
625 4534 665 4610 in
679 4533 854 4642 predictis
871 4550 1022 4610 centum
1036 4534 1180 4610 libratis
1200 4551 1299 4610 terre
1317 4551 1455 4610 etcum
1473 4533 1679 4640 arreragiis,
1697 4534 1787 4641 ipsis
1802 4533 1930 4640 conju·

505 4666 633 4774 gibus,
647 4666 932 4772 condempnari,
948 4665 1127 4771 predictis
1145 4693 1233 4742 vero
1253 4665 1484 4744 Guillemino
1502 4683 1540 4742 et
1554 4683 1671 4742 matre
1692 4667 1772 4774 ejus
1783 4682 1931 4742 conue-

505 4798 604 4874 rium
625 4797 875 4875 asserentibus
891 4814 943 4887 et,
967 4798 1098 4876 multis
1114 4797 1344 4888 racionibus,
1364 4798 1575 4876 dicentibus
1594 4825 1634 4875 se
1651 4825 1728 4876 non
1743 4798 1866 4875 teneri
1884 4795 1930 4872 ad

505 4929 768 5038 assignandum
789 4929 976 5034 predictas
996 4946 1149 5006 centum
1168 4928 1319 5006 libratas
1334 4945 1453 5018 terre,
1476 4959 1545 5008 nec
1564 4931 1682 5007 eciam
1699 4932 1748 5008 ad
1766 4929 1930 5007 redden·

506 5061 599 5138 dum
629 5060 811 5165 arreragia
841 5059 1023 5166 predicta,
1050 5059 1119 5134 nisi
1147 5059 1186 5135 in
1215 5059 1333 5137 debili
1359 5080 1533 5150 moneta;
1555 5061 1694 5139 auditis
1721 5061 1928 5166 superbos
