4450 6209
495 733 569 804 678
1075 731 1165 803 Lus
1194 729 1331 804 OLlM.

268 883 397 937 Pomm
410 881 454 944 lv,
494 873 619 950 minus
627 873 728 980 juste
742 887 780 949 et
792 873 873 948 sine
883 899 990 948 causa
1004 873 1238 960 rationabili,
1254 873 1374 952 dictos
1383 891 1535 952 centum
1549 873 1692 952 solidos
1707 879 1821 954 annui
1832 908 1913 955 cen-

494 1031 558 1080 sus
578 1003 624 1080 ed
646 1003 798 1080 eosdem
823 1003 1069 1108 pertinentes,
1093 1033 1137 1082 ex
1158 1003 1279 1084 causis
1296 1004 1491 1110 predictis,
1514 1033 1630 1112 quare
1650 1007 1802 1112 petebat
1827 1037 1911 1115 pre-

494 1135 621 1226 missa,
637 1133 791 1211 nomine
805 1161 881 1240 quo
897 1163 1024 1241 snpra,
1040 1135 1087 1211 ad
1102 1136 1225 1241 ipsum
1240 1135 1430 1242 pertinere
1444 1165 1514 1243 per
1526 1137 1669 1215 baum
1680 1139 1908 1245 prepositum

492 1265 686 1354 declarari,
707 1281 746 1342 et
760 1263 902 1342 dictum
918 1265 1130 1343 lohannem
1149 1265 1196 1343 ad
1209 1265 1448 1344 reddendum
1458 1267 1606 1346 veisdem
1621 1269 1744 1346 dictos
1762 1288 1908 1349 centum

492 1397 648 1488 solidos,
664 1425 706 1474 ex
727 1395 845 1474 causis
859 1395 1056 1504 predictis.
1073 1396 1341 1502 condempnari
1362 1415 1400 1474 et
1419 1399 1611 1507 compelli3
1627 1400 1730 1477 dicto
1743 1402 1908 1479 lobanne

331 974 392 1016 1³11.

490 1528 650 1622 Qui-Pie
675 1528 715 1604 in
730 1527 960 1605 contrarium
981 1543 1169 1604 asserente
1189 1528 1310 1606 dictos
1336 1545 1490 1605 centum
1517 1527 1660 1606 solidos
1683 1557 1728 1606 ex
1745 1531 1850 1638 justo
1872 1551 1910 1609 et

490 1658 676 1768 legittimo
701 1657 816 1736 titulo
841 1656 888 1735 ad
917 1684 1004 1735 eum
1026 1656 1234 1763 pertinere,
1256 1658 1433 1764 videlicet
1451 1687 1495 1736 ex
1512 1687 1621 1735 causa
1638 1660 1847 1766 emptionis
1864 1661 1908 1739 ab

490 1790 625 1868 eodem
644 1789 739 1867 lacte
760 1789 808 1867 de
835 1789 944 1866 dictis
964 1805 1119 1866 centum
1143 1789 1276 1867 solidis
1302 1819 1323 1866 a
1348 1789 1448 1867 dicta
1471 1789 1615 1879 Aelidi,
1640 1807 1812 1897 tempore
1833 1821 1908 1899 quo

490 1923 568 2028 ipsa
589 1921 751 2013 vivebat,
769 1921 816 1997 ad
836 1949 951 2028 quam
971 1920 1224 2026 pertinebant,
1249 1939 1432 2027 quantum
1452 1922 1500 1999 ad
1520 1921 1813 2001 nsum-lmctum
1831 1941 1908 2001 tan-

490 2051 707 2144 tummodo,
731 2069 768 2130 et
787 2081 808 2128 a
828 2053 929 2130 dicto
949 2052 1074 2142 Petro,
1098 2049 1177 2129 lilio
1202 2079 1291 2143 suo,
1313 2051 1361 2128 ad
1381 2080 1497 2159 quem
1516 2053 1772 2158 pertinebant,
1794 2083 1908 2160 quan-

489 2184 640 2262 turned
665 2183 950 2292 proprietatem,
979 2211 1020 2260 er
1048 2182 1258 2260 donacione
1283 2182 1375 2260 olim
1403 2181 1546 2260 eisdem
1569 2181 1663 2260 lacta
1687 2214 1708 2260 a
1733 2185 1907 2291 magistro

488 2316 655 2395 Fulcone
681 2316 729 2392 de
754 2314 958 2402 Lauduno,
981 2313 1173 2430 quondam
1198 2312 1334 2390 clerico
1354 2313 1499 2390 domini
1520 2315 1636 2423 regis,
1658 2314 1725 2422 qui
1745 2316 1908 2420 preposi-

488 2465 565 2540 tus,
592 2446 730 2525 auditis
756 2446 866 2523 dictis
890 2444 1075 2552 partibus,
1102 2443 1246 2520 dietum
1271 2443 1483 2522 Johannem
1507 2444 1667 2540 Qui-Pie
1692 2445 1739 2522 ab
1763 2445 1908 2552 impeti-

490 2579 597 2657 cionc
618 2578 736 2684 ipsius
756 2577 853 2654 Petri
875 2576 922 2653 de
942 2576 1150 2663 Pontisara,
1171 2575 1391 2653 nominibus
1409 2575 1549 2682 quibus
1568 2605 1696 2682 supra,
1714 2605 1904 2682 persuum

484 2710 691 2817 judicium,
713 2708 888 2798 absolvit,
911 2737 931 2783 a
954 2735 1032 2814 quo
1048 2705 1219 2814 judicato
1245 2706 1368 2784 dictus
1389 2708 1545 2800 Petrus,
1562 2723 1756 2813 tamquam
1776 2736 1796 2784 a
1818 2708 1906 2786 falso

490 2858 526 2918 et
551 2867 661 2946 pravo
687 2839 734 2916 ad
758 2855 923 2917 nostram
949 2837 1090 2914 curiam
1115 2835 1340 2944 appellavit:
1365 2837 1456 2914 Viso
1475 2838 1589 2947 igitur
1607 2837 1710 2916 dicto
1734 2865 1905 2945 processu

488 2989 526 3047 et
550 2969 854 3076 depositionibus
879 2969 1031 3045 testium
1056 2995 1172 3073 super
1197 2969 1270 3044 boc
1294 2967 1582 3074 productorum,
1604 2997 1752 3046 necnon
1776 2969 1905 3047 litteris

487 3121 524 3180 et
548 3102 808 3182 instrumentis
831 3130 852 3178 a
878 3100 987 3178 dictis
1005 3097 1176 3205 partibus
1200 3099 1240 3175 in
1264 3099 1424 3176 modum
1452 3099 1690 3206 probacionis
1716 3101 1905 3206 productis
1990 3136 1996 3146 ·

486 3233 636 3339 plenius
662 3232 884 3322 intellectis,
911 3259 978 3338 per
1003 3229 1105 3306 curie
1130 3245 1258 3306 nostre
1275 3229 1481 3336 judicium,
1503 3227 1646 3307 dictmn
1669 3228 1743 3307 fuit
1765 3230 1905 3337 predic-

486 3390 567 3449 tum
589 3365 822 3473 prepositum
842 3363 941 3441 bene
956 3362 1143 3470 judicasse
1166 3377 1205 3436 et
1228 3359 1371 3437 dictum
1393 3360 1546 3438 Petrum
1566 3358 1664 3438 male
1686 3360 1901 3466 appellasse,

487 3518 526 3579 et
544 3498 649 3606 quod
669 3497 748 3603 ipse
768 3495 842 3574 boc
861 3492 1091 3571 emendabit.
1239 3575 1246 3589 ,

542 3629 699 3712 Veneris
718 3645 803 3736 post
821 3625 1060 3733 quendenam
1075 3624 1354 3700 Pentbeeostes.

542 3764 591 3841 M.
610 3763 652 3837 R.
675 3759 723 3836 de
742 3758 928 3853 Rrianpon
948 3755 1160 3860 reportavit.

485 4087 491 4100 ,
544 4020 667 4101 XLlIl.
698 4019 796 4096 Cum
815 4016 978 4096 Guiotus
997 4014 1111 4091 Ansel
1133 4015 1180 4090 de
1206 4013 1401 4093 Guerardo
1421 4032 1460 4091 et
1476 4013 1613 4093 Gilona
1633 4013 1669 4090 la
1688 4014 1897 4102 Cordelete,

486 4157 533 4233 ad
547 4150 767 4232 instanciam
785 4146 968 4227 Jobaunis
990 4145 1037 4222 de
1057 4144 1284 4232 Belvacinio,
1305 4144 1433 4222 ballivi
1450 4144 1569 4223 nostri
1584 4144 1764 4233 Creciaci,
1786 4145 1900 4250 impo-

486 4287 607 4366 nentis
624 4283 766 4362 eisdem
787 4280 892 4387 quod
911 4294 1014 4356 erant
1032 4277 1345 4384 impotionatores
1364 4277 1538 4385 gencium
1559 4293 1598 4354 et
1614 4275 1720 4384 quod
1739 4277 1897 4383 primum

486 4420 660 4497 maritum
677 4413 794 4521 ipsius
810 4410 947 4492 Gilone
963 4409 1322 4517 impocionaverant‚
1338 4408 1378 4484 in
1392 4425 1563 4486 nostrum
1578 4406 1820 4487 Castelletum
1837 4408 1899 4483 Pa·

486 4551 681 4628 risiensem
697 4544 844 4622 diucius
857 4540 1013 4619 fuissent
1026 4557 1064 4618 et
1076 4540 1200 4617 adhuc
1213 4555 1337 4617 essent
1349 4566 1495 4617 carcere
1511 4537 1725 4645 mancipati,
1738 4536 1895 4643 ipsique,

485 4709 599 4786 super
608 4676 786 4785 predictis
799 4691 837 4752 et
849 4674 931 4751 aliis
942 4672 1247 4779 quibuscumque
1258 4670 1478 4748 criminibus
1486 4670 1558 4749 sibi
1569 4669 1766 4777 impositis,
1777 4668 1900 4746 volun·

483 4825 560 4888 tate
585 4808 754 4915 propria,
779 4835 818 4884 se
838 4803 1122 4926 supposuissent
1141 4803 1332 4910 inqueste,
1355 4828 1479 4879 coram
1501 4801 1649 4878 dilectis
1668 4817 1708 4876 et
1725 4798 1899 4877 fidelibus

484 4938 660 5050 gentibus
674 4936 813 5014 nostris
828 4934 952 5041 laycis,
969 4949 1059 5010 tunc
1079 4933 1127 5010 ad
1148 4931 1464 5010 deliberacionem
1483 4930 1742 5039 predictorum
1756 4947 1796 5008 et
1810 4955 1900 5006 uon·

489 5069 682 5147 nullorum
706 5065 867 5144 aliorum
893 5065 933 5142 in
963 5063 1067 5142 dicto
1096 5062 1299 5142 Castelleto
1324 5079 1455 5142 nostro
1480 5062 1724 5142 detentorum
1749 5091 1771 5138 a
1797 5056 1899 5137 nobis
