4450 6209
509 699 582 779 ὃδὴ
1090 696 1182 771 Lus
1211 692 1351 769 OLIM.

282 864 414 919 turum
425 860 469 921 lv.
509 842 646 951 tangit,
660 838 710 921 arl
723 840 798 921 boe
812 836 929 918 fuerit
947 854 1114 926 uocatus,
1130 864 1201 915 nec
1215 834 1289 915 fuit
1302 834 1498 916 inventurn
1516 836 1622 943 quod
1642 834 1688 917 lia
1704 836 1745 915 in
1761 864 1804 915 ea
1817 835 1931 917 fuerit

345 954 407 998 '³⁸⁸'
510 988 739 1062 contestata3
753 971 863 1059 item,
879 968 1106 1076 quia·partee
1122 968 1161 1045 in
1177 967 1310 1045 eadem
1328 966 1501 1073 inqueate
1516 994 1594 1045 non
1610 967 1853 1047 inveniuntur
1864 968 1932 1047 ali·

509 1104 604 1211 quid
618 1118 763 1210 petere,
780 1099 883 1183 euna
896 1118 1023 1180 nostra
1038 1098 1298 1206 pronunciavit
1316 1097 1453 1177 dietam
1473 1100 1703 1205 inquestam,
1719 1096 1759 1179 in
1779 1114 1873 1177 statu
1892 1102 1930 1179 in

510 1264 588 1343 quo
603 1253 751 1315 estnon
766 1230 908 1313 debere
919 1230 1099 1339 judicari,
1117 1230 1185 1313 sed
1202 1226 1402 1317 reficietur,
1418 1228 1555 1311 uocatis
1571 1228 1764 1310 clauditis
1776 1228 1844 1337 qui
1857 1228 1932 1307 fue

510 1371 587 1445 rint
599 1364 789 1445 evocandi.

567 1496 743 1576 Mercurii
762 1494 940 1602 predicta.

566 1626 725 1707 Cuillier
744 1624 956 1732 reportavit.

567 1760 734 1839 Remissa
752 1773 810 1837 eet
827 1758 876 1835 ad
890 1746 1149 1837 reficiendum.

569 2022 759 2101 LXXXlll.
789 2020 887 2101 Cum
903 2018 1080 2127 magister
1091 2018 1307 2099 (laubertus
1319 2017 1471 2125 Petphi,
1487 2034 1612 2097 rector
1625 2017 1867 2097 ecelesiarum
1885 2022 1930 2097 de

512 2157 681 2231 Cornaco
694 2168 735 2228 et
746 2150 796 2230 de
808 2149 1143 2237 sumto-umine,
1159 2176 1276 2255 prope
1288 2150 1487 2235 Bretenos,
1499 2146 1736 2227 caturcensis
1747 2148 1929 2257 dyocesis,

513 2284 623 2361 uobis
645 2281 909 2362 denuntiasset
927 2280 1032 2387 quod
1049 2277 1237 2360 Gereldus
1255 2278 1304 2357 de
1320 2280 1506 2385 Requetn,
1525 2276 1677 2387 bajulus
1699 2276 1861 2357 Guerini
1886 2279 1930 2357 de

512 2413 786 2502 (instro-Nouo,
805 2410 936 2491 militis
954 2428 1047 2491 tune
1064 2410 1237 2501 uirentia,
1258 2438 1345 2489 eum
1365 2407 1590 2499 Gaueelino,
1607 2408 1775 2489 Geraldo
1789 2411 1819 2487 F
1821 2437 1931 2488 urna·

512 2549 575 2633 rii,
593 2545 796 2632 Solenaoo,
816 2543 1041 2652 Reymuudo
1056 2542 1105 2622 de
1120 2542 1446 2623 Sancte-lohanne
1461 2558 1501 2620 et
1516 2540 1744 2649 Boyselreto,
1765 2541 1858 2621 dieti
1872 2542 1933 2617 mi·

513 2675 589 2754 litis
604 2673 870 2765 familiaribus,
890 2690 929 2751 et
942 2673 1025 2753 aliis
1038 2672 1117 2751 auis
1129 2670 1392 2777 complicibus,
1412 2671 1462 2749 ad
1476 2670 1637 2751 domum
1655 2670 1746 2751 dicti
1763 2673 1931 2760 rectoris,

512 2810 552 2884 in
578 2805 799 2913 crepusculo
816 2804 955 2893 noetis,
970 2802 1152 2911 injuriose
1170 2819 1208 2883 et
1227 2802 1354 2883 hostili
1373 2829 1497 2892 more,
1515 2802 1694 2891 uenimet,
1715 2801 1873 2910 qnidam
1889 2802 1934 2881 de

513 2940 592 3015 suis
611 2935 861 3041 complicibus
881 2951 1011 3013 eontra
1028 2933 1303 3013 inbibicionem
1325 2932 1395 3011 eibi
1415 2931 1549 3011 laetam
1572 2961 1641 3040 per
1660 2932 1871 3013 Geraldum
1889 2934 1935 3014 de

515 3068 698 3155 Cosodor,
719 3067 943 3145 servientem
963 3080 1136 3147 nestrum
1155 3082 1194 3143 et
1210 3064 1461 3173 gardiatorern
1476 3064 1603 3145 eidem
1620 3066 1757 3145 rectori
1774 3082 1814 3145 et
1832 3064 1935 3145 fami·

513 3201 563 3277 lie
580 3227 664 3286 sue,
680 3197 901 3277 auctoritate
921 3197 1318 3304 nostra,·deputaturn,
1336 3198 1377 3275 in
1394 3196 1606 3303 capellanos
1620 3214 1660 3275 et
1674 3196 1832 3277 elericos
1845 3196 1933 3277 dieti

514 3330 670 3410 rectoris
693 3330 889 3409 irruerunt
911 3344 949 3405 et
968 3355 1034 3409 eos
1050 3328 1226 3407 atrociter
1244 3344 1524 3434 pereaeeemnt,
1544 3344 1664 3407 vestes
1679 3355 1816 3407 eorum
1841 3328 1933 3407 lace·

514 3462 654 3553 rande,
674 3459 926 3541 Bertrandurn
943 3458 980 3537 la
995 3458 1248 3549 Tremelium,
1273 3458 1451 3537 elerieum
1472 3458 1589 3565 ipsius
1604 3460 1777 3550 rectoris,
1796 3459 1845 3538 ad
1861 3476 1934 3537 ter·

514 3622 595 3671 ram
608 3590 899 3696 prosternendo,
914 3589 956 3669 in
971 3589 1091 3696 rapite
1105 3605 1146 3667 et
1160 3588 1242 3669 aliis
1257 3589 1333 3667 suis
1347 3588 1529 3669 membris
1547 3588 1678 3669 multis
1698 3590 1836 3669 ictibus
1854 3618 1934 3697 per·

517 3721 717 3813 cociendo,
739 3738 794 3808 et,
812 3719 887 3803 hiis
910 3748 988 3800 non
1008 3720 1193 3811 contenti,
1215 3720 1429 3827 predictum
1453 3719 1678 3801 servientem
1699 3739 1870 3801 nostrum
1890 3721 1933 3797 ad

516 3872 654 3930 terram
668 3868 963 3958 prosternentes,
984 3850 1182 3957 pissidem,
1200 3850 1337 3958 deque
1353 3851 1572 3931 mandatum
1589 3868 1761 3931 nostrum
1776 3869 1934 3931 extraxe-

516 4004 574 4060 rat
594 4001 632 4059 et
653 3983 706 4059 eis
726 3982 848 4089 palam
869 3979 1074 4090 legendmu
1091 3982 1323 4071 ostenderat,
1349 4008 1463 4087 super
1482 3981 1603 4088 capud
1621 3982 1815 4083 sementis
1839 3982 1934 4090 ejus

519 4115 606 4190 dom
626 4115 666 4190 in
685 4112 793 4219 plura
812 4111 948 4190 frustra
970 4110 1180 4219 fregerunt,
1203 4128 1241 4189 et
1263 4111 1387 4217 ipsum
1413 4111 1576 4218 pedibus
1601 4110 1883 4201 onnmrlwuuu
1900 4130 1935 4189 et
2033 4114 2037 4123 '

517 4263 646 4350 postea
663 4245 785 4322 dietus
803 4243 911 4322 miles
929 4244 1050 4323 dictos
1066 4240 1342 4330 malefectores,
1361 4242 1409 4319 de
1424 4270 1490 4319 sua
1503 4240 1643 4325 familie
1658 4261 1696 4323 et
1709 4243 1840 4321 insuia
1853 4242 1939 4349 pris

516 4378 606 4452 tirris
621 4373 754 4452 officiis
768 4392 812 4451 ut
826 4375 931 4481 prius
942 4374 1127 4462 retinens,
1146 4390 1183 4451 et
1197 4372 1366 4480 predicta
1379 4370 1562 4451 maleficia
1574 4372 1822 4479 probabiliter
1834 4373 1936 4479 igno·

517 4536 598 4584 rare
619 4533 697 4583 non
716 4504 857 4595 valens,
879 4532 998 4611 eaque
1017 4504 1090 4583 sub
1109 4502 1271 4611 quadam
1289 4504 1529 4583 connivencia
1546 4502 1804 4591 dissimulans,
1825 4502 1937 4581 dioto-

518 4664 602 4713 rum
622 4631 904 4715 malefactorum
924 4662 1039 4743 opere
1058 4664 1149 4714 usus
1163 4634 1251 4725 fuit,
1270 4632 1374 4713 nulle
1392 4634 1635 4741 correpcione
1652 4662 1720 4715 seu
1739 4632 1937 4741 punicione

519 4766 646 4843 habita
665 4767 711 4843 de
728 4767 936 4872 premissis,
956 4782 995 4844 et
1011 4766 1274 4847 defensionem
1294 4792 1363 4845 suo
1384 4766 1537 4845 nomine
1557 4782 1595 4843 et
1611 4765 1868 4873 predictorum
1886 4762 1937 4841 fa·

520 4896 726 4973 miliarium
745 4925 900 4979 euorum
914 4898 954 4977 in
967 4898 1041 4975 hec
1054 4897 1211 5005 negocio
1227 4896 1442 5003 assumpsit,
1457 4926 1501 4977 ac
1517 4895 1791 4977 inhibicionem
1806 4924 1934 5004 quam

522 5026 742 5105 auctoritate
774 5028 939 5107 mandati
963 5029 1099 5117 nostri,
1127 5028 1249 5107 dictus
1278 5028 1442 5109 servieus
1473 5026 1544 5107 sibi
1567 5026 1726 5109 faciebat
1755 5004 1939 5133 contemp
