4450 6209
725 708 1316 818 eruturus-:ernnusto
1667 727 1736 799 179

310 870 442 957 vienti,
459 865 526 975 qui
546 865 664 946 fatus
682 886 740 946 est
758 869 1002 948 odoramenti
1022 870 1182 958 inutilis,
1202 870 1428 976 quingentas
1441 870 1572 963 libros,
1589 889 1633 948 ut
1647 869 1736 947 inde
1767 870 1896 926 snum
1912 874 1963 936 Ἡ,

310 1017 411 1078 emat
424 997 501 1077 sibi
519 997 693 1081 redditus
711 1001 760 1077 ad
778 1001 906 1090 vitam,
919 1027 973 1077 ee
989 1001 1148 1078 domino
1163 1000 1259 1106 Regi
1279 996 1383 1076 milio
1403 997 1517 1078 libras
1536 1003 1736 1080 Turonen-
1837 965 1900 1008 lm

309 1154 456 1237 ses=pro
473 1130 659 1220 emenda3
680 1131 849 1238 dictique
869 1131 1003 1238 Heiyas
1021 1148 1060 1209 et
1078 1130 1254 1209 Matheus
1271 1131 1431 1208 Parisios
1446 1131 1681 1210 adducentur
1698 1135 1737 1209 in

310 1263 555 1342 Custeiletum
576 1281 614 1340 et
634 1263 794 1353 ibidem,
815 1264 1002 1371 quamdiu
1021 1264 1178 1342 domino
1199 1263 1290 1371 Regi
1310 1264 1509 1370 placuerit,
1530 1265 1735 1372 prisionem
1778 1255 1782 1262 ¹

307 1394 503 1472 tenebunt.
607 1429 638 1456 ·=
732 1433 737 1445 ,
1293 1419 1295 1426 ⁴
1329 1389 1336 1400 ’

365 1524 668 1630 Dominio-post
685 1527 923 1604 Trinitatem..

366 1658 573 1763 Nogaretrss
583 1646 803 1762 :reportavit
883 1731 889 1741 ,

362 1920 457 1996 XLI.
484 1920 583 1997 Cum
592 1936 674 1997 orto
683 1920 1736 2031 ossetdiscordiuinterdominumliegent,r'aoioneCern-

310 2051 431 2156 penie,
459 2066 499 2128 et
524 2051 706 2158 majorem
731 2069 770 2129 et
793 2052 963 2131 soehinos
984 2052 1354 2144 sanet-Florentini,
1381 2078 1424 2131 ex
1446 2071 1552 2160 parte
1578 2080 1670 2144 una,
1699 2071 1736 2132 et

311 2175 632 2289 archiepiscopum
652 2184 931 2275 senonensem,
945 2185 1133 2276 exultem,
1151 2186 1445 2291 uipereo-quod
1462 2185 1735 2264 dictusarohie-

310 2312 484 2420 piscopos
503 2313 652 2406 dicebat
668 2341 709 2394 se
729 2317 869 2401 esseio
887 2316 1021 2393 saisina
1040 2313 1272 2394 instituendi
1290 2332 1328 2391 et
1352 2316 1579 2394 destituendi
1601 2320 1735 2426 magis-

309 2459 389 2520 tros
417 2460 456 2522 et
476 2443 611 2522 -srutres
636 2434 676 2521 in
701 2447 822 2524 domo
844 2447 1048 2554 ieprotarie
1072 2447 1175 2523 dioto
1196 2445 1282 2523 viiie
1301 2447 1667 2556 daned-Fiorentini,
1694 2479 1735 2528 uc

311 2573 428 2683 etiarn
452 2575 624 2668 visitandi
643 2593 684 2653 et
702 2579 911 2684 corrigendi
935 2578 1097 2667 ibidem,
1121 2595 1158 2655 et
1175 2593 1372 2683 computos
1392 2577 1492 2656 dicte
1512 2578 1648 2656 domus
1668 2609 1735 2658 au-

274 2781 279 2790 ,
311 2703 462 2797 diendi,
483 2723 538 2799 et,
562 2735 606 2784 er
625 2709 798 2797 adverso,
819 2709 940 2818 major
960 2726 1003 2786 et·
1016 2708 1156 2787 scabini
1175 2709 1355 2815 predicti,
1377 2733 1452 2785 una
1472 2731 1560 2786 oum
1580 2708 1735 2789 domino

309 2839 409 2945 Rege
431 2827 691 2946 eonjuneiint,÷
704 2840 855 2917 reoione
881 2839 1100 2948 Campanis,
1127 2839 1305 2917 dioeitunt
1330 2865 1370 2915 se
1392 2858 1473 2916 esse
1493 2855 1533 2919 st
1553 2839 1670 2918 firisee
1696 2843 1735 2918 in

309 2970 441 3047 saisina
465 2971 687 3048 instituendi
706 2989 745 3048 'et
764 2971 996 3050 destituendi
1022 2971 1222 3079 magistros
1245 2982 1285 3047 et
1303 2969 1436 3046 iratres
1454 2971 1494 3045 in
1516 2971 1632 3047 domo
1650 2999 1736 3079 pre-

311 3102 426 3190 dieu,
446 3118 484 3177 et
504 3117 700 3207 oompotos
719 3101 819 3178 dicte
838 3102 976 3180 domus
994 3101 1197 3180 audiendi:
1213 3102 1490 3208 Visuinqueste
1507 3124 1622 3208 super
1642 3102 1735 3194 hiis,

310 3233 357 3309 de
372 3233 548 3311 mundato
562 3250 707 3323 nostro,
724 3221 839 3323 iuda,
853 3249 891 3310 et
903 3233 1228 3340 audiris=pnoiunr
1246 3232 1459 3309 rationibus
1472 3226 1562 3320 hinc
1577 3234 1733 3324 et‘inde,

207 3357 214 3364 ’
311 3388 353 3443 ee
367 3365 485 3442 eriam
504 3365 612 3442 dietis
631 3365 801 3472 partibus
816 3365 1032 3473 petentibus
1048 3383 1087 3474 et
1103 3364 1318 3442 dicentibus
1332 3363 1454 3469 quod,
1473 3363 1562 3441 lieet
1577 3363 1616 3439 in
1633 3388 1736 3441 oom-

309 3474 526 3574 missiones
546 3495 703 3574 domino
721 3499 821 3604 Rege
847 3486 939 3574 itote
959 3495 1182 3573 et’ertitulis
1201 3494 1399 3600 utriusque
1419 3493 1534 3599 pertis
1551 3496 1616 3569 frat
1627 3513 1737 3570 tnen-

310 3628 369 3705 cio
387 3626 436 3703 de
448 3628 693 3733 proprietate,
711 3642 876 3704 attamen
891 3629 1046 3707 nori-est
1064 3653 1199 3705 eorum
1219 3624 1445 3726 intencionis
1459 3643 1530 3700 nee
1544 3622 1736 3730 fuitquod
1791 3641 1794 3648 '

311 3757 577 3865 procederetur
595 3787 665 3836 nee
679 3759 915 3867 judicaretur
931 3758 1309 3867 'snper‘pmprietate3
1329 3756 1398 3833 sed
1408 3755 1659 3834 eodemmodo
1675 3781 1737 3832 eu-

310 3917 378 3998 per
399 3891 652 3996 possessione,
675 3907 713 3967 et
732 3892 821 3998 quia
844 3891 1038 3969 inventurn
1062 3907 1120 3968 e'st
1142 3891 1265 3967 dieios
1284 3887 1469 3995 majorem
1489 3902 1527 3964 et
1546 3886 1733 3988 soebinos

312 4047 397 4099 oum
416 4022 572 4100 domiuo
594 4023 694 4131 Rege
710 4023 964 4131 eonjunctim,
985 4020 1379 4127 rationoCsmpunie,
1401 4046 1480 4096 esse
1501 4035 1549 4095 et·
1562 4017 1675 4096 fuisse
1695 4019 1734 4095 in

311 4153 446 4232 saisina
463 4152 686 4230 instituendi
707 4171 746 4231 et
760 4154 992 4232 destituendi
1010 4154 1209 4263 megistios
1227 4151 1415 4230 eufratres
1429 4149 1469 4226 in
1486 4148 1584 4228 dicu
1601 4148 1734 4236 domo,

312 4313 354 4362 so
368 4301 564 4392 compotus
579 4285 678 4362 dicte
690 4285 831 4363 domus
840 4286 1041 4373 audiendi,
1056 4271 1349 4392 pronunciatum
1364 4299 1435 4371 est,
1456 4305 1526 4387 per
1539 4267 1642 4356 curie
1655 4300 1739 4358 nde

312 4432 368 4493 ne
383 4414 591 4524 judicium,
611 4417 750 4494 dictum
770 4415 941 4497 saisinam
961 4440 1080 4522 penes
1093 4441 1162 4493 nos
1180 4430 1218 4491 et
1233 4415 1353 4492 diotos
1370 4413 1551 4520 majorem
1568 4426 1606 4487 et
1619 4408 1739 4486 scobi-

313 4571 383 4623 Μ
396 4547 645 4656 conjunctim,
658 4548 813 4624 racione
827 4546 1048 4654 Campanie,
1064 4568 1262 4624 remanere
1279 4544 1435 4631 debere,
1452 4531 1548 4620 saiva
1566 4541 1738 4650 proptio-

312 4678 398 4758 tutis
416 4680 615 4785 questione
634 4709 748 4787 super
765 4679 838 4759 hoc
858 4681 1138 4788 archiepiscopo
1158 4680 1340 4789 predicto.

370 4809 476 4888 Lune
495 4828 581 4918 post
598 4812 834 4918 quindenam
853 4812 1132 4892 Penthecostes.

369 4941 418 5018 Μ.
439 4943 565 5021 Droco
583 4945 795 5053 reportavit.
