4450 6209
779 674 1048 784 unsubras
1074 692 1139 775 nr
1167 675 1372 767 procus.
1714 702 1789 773 mc
1908 716 1912 721 ·

360 862 558 925 recenses,
572 863 642 943 pro
656 836 833 928 emenda,
852 854 889 917 at
907 834 1016 919 dictis
1031 826 1216 942 religiosis
1231 834 1414 923 ducentas
1429 832 1544 925 libras
1559 866 1627 943 pro
1643 840 1791 945 predic.
1828 848 1959 907 suarm
1970 853 2014 916 tv,

359 972 408 1049 tis
426 968 636 1059 violenciis,
659 968 807 1078 injuriis
827 986 866 1047 et
886 959 1113 1055 excessibus,
1135 965 1208 1050 sibi
1229 985 1267 1046 et
1276 965 1460 1076 ,gentibus
1478 967 1557 1075 suis
1574 966 1690 1059 factis.
1889 942 1952 994 Μ’

416 1100 570 1181 Sabbati
586 1101 765 1208 predicta.

416 1236 466 1313 M.
489 1234 534 1313 G.
557 1234 606 1311 de
622 1235 950 1341 Uscoreportavit.

413 1502 492 1579 XX.
524 1500 614 1579 Orta
636 1502 793 1579 irrateria
812 1500 1021 1607 questionis
1048 1500 1148 1578 inter
1172 1501 1395 1609 magistrum
1417 1517 1455 1577 et
1480 1498 1613 1578 fratres
1631 1503 1794 1589 Domus·

357 1632 429 1711 Dei
445 1631 657 1721 Remensis,
676 1658 721 1709 ex
735 1648 942 1737 unaparte,
957 1650 996 1709 et
1008 1630 1184 1709 abbatem
1197 1648 1236 1709 et
1249 1648 1478 1712 conventum
1492 1630 1791 1720 Sancti-Martini

356 1762 638 1851 Laudunensis,
659 1790 706 1838 er
730 1761 863 1852 altera,
891 1790 1005 1870 super
1030 1790 1076 1839 eo
1103 1761 1280 1841 videlicet
1301 1761 1409 1868 quod
1433 1760 1525 1840 dicti
1550 1763 1728 1870 magister
1756 1783 1793 1846 et

355 1893 502 1984 fratres,
522 1910 730 1973 asserentes
744 1922 784 1972 se
801 1922 882 1973 esse
898 1895 938 1970 in
954 1892 1190 2000 possessione
1207 1920 1275 1972 seu
1290 1893 1425 1974 saisina
1432 1892 1586 2001 justicie
1602 1912 1639 1971 et
1655 1894 1792 1983 domus

355 2053 423 2104 seu
436 2025 615 2134 granchia
628 2026 798 2134 ipsorum
814 2024 862 2103 de
878 2025 1023 2103 Turain
1038 2042 1077 2104 et
1090 2025 1411 2133 pertinenciarum
1426 2023 1616 2133 ejusdem,
1633 2025 1789 2113 sitarum

356 2158 394 2234 in
411 2157 604 2235 territorio
625 2157 803 2248 d'Esclin,
819 2156 1084 2265 proponebant
1097 2158 1205 2266 quod
1220 2157 1337 2237 abbas
1354 2174 1394 2237 et
1408 2174 1614 2240 conventus
1628 2158 1789 2264 predicti

354 2290 455 2396 ipsos
474 2291 613 2399 injuste
637 2291 742 2369 etde
763 2319 861 2370 novo
881 2289 1142 2399 impediebant
1158 2291 1200 2369 in
1221 2289 1419 2398 predictis,
1445 2288 1617 2375 iaciendo
1642 2290 1787 2379 ibidem

355 2421 402 2501 de
420 2450 518 2501 novo
534 2451 654 2503 unum
672 2452 807 2531 cepum
826 2452 896 2501 seu
917 2423 1142 2529 compedem
1158 2422 1199 2499 in
1213 2422 1365 2529 signum
1375 2420 1544 2530 justicie,
1566 2422 1605 2499 in
1620 2422 1789 2533 prejudi-

355 2555 456 2632 cium
475 2573 515 2633 et
533 2582 730 2663 gravamen
753 2554 918 2664 magistri
945 2572 984 2634 et
1002 2554 1161 2633 fratrum
1181 2552 1458 2661 predictorum,
1481 2553 1626 2641 dictatur
1650 2580 1787 2660 capum

354 2702 392 2762 et
410 2686 481 2764 alia
505 2686 778 2795 impedimenta
805 2716 872 2765 seu
899 2686 1142 2765 turbaciones
1165 2688 1327 2769 moveri
1352 2704 1542 2793 petentes,
1568 2703 1607 2765 et
1631 2713 1786 2775 manum

352 2836 537 2909 nostram,
565 2835 721 2926 propter
748 2818 929 2903 debatum
954 2819 1124 2927 parcium
1143 2816 1198 2898 ibi
1223 2818 1450 2925 appositam,
1471 2817 1655 2907 amoveri3
1678 2816 1787 2908 dictis

353 2946 487 3027 abbate
508 2967 546 3027 et
566 2966 753 3029 conventu
772 2950 813 3027 in
834 2950 1065 3029 conuarium
1077 2948 1351 3037 asserentibus,
1368 2965 1406 3025 et
1420 2946 1634 3035 dicentibus
1648 2975 1689 3039 se
1707 2976 1786 3039 esse
1825 2942 1830 2949 ’

351 3080 391 3157 in
411 3080 546 3157 crisim
563 3109 631 3159 seu
652 3082 886 3187 possessione
902 3080 1054 3191 justicie
1075 3096 1113 3159 et
1128 3079 1403 3188 jurisdictionis
1423 3079 1463 3158 in
1484 3078 1600 3157 domo
1618 3078 1786 3186 predicta

353 3212 400 3291 de
416 3214 560 3291 Turain
572 3230 611 3291 et
626 3211 708 3320 ejus
719 3212 965 3319 pertinenciis
980 3230 1018 3291 et
1033 3241 1170 3321 aspum
1180 3212 1435 3320 justiciarium
1447 3210 1605 3299 tenendi
1621 3209 1784 3303 ibidem,

353 3360 446 3423 etse
463 3374 578 3451 super
591 3346 665 3423 hoc
677 3344 882 3451 impeditos
899 3346 946 3423 dc
963 3372 1061 3426 novo
1075 3361 1113 3423 et
1127 3344 1268 3452 injuste
1282 3372 1351 3450 per
1365 3342 1585 3450 magistrum
1600 3358 1639 3420 et
1652 3340 1786 3430 fratres

351 3474 559 3583 predictos,
576 3495 615 3555 et
626 3494 784 3584 propter
798 3476 979 3555 debatum
994 3476 1165 3583 parcium
1179 3474 1435 3582 predicttrum
1447 3474 1581 3561 saisina
1595 3472 1693 3563 dicte
1704 3475 1786 3582 jus.-

350 3606 439 3685 ticie
454 3626 492 3687 et
505 3609 627 3688 dictus
643 3637 812 3717 compes,
830 3609 879 3687 de
894 3635 990 3687 novo
1005 3606 1125 3687 fanus
1139 3607 1180 3685 in
1198 3606 1297 3689 dicta
1312 3607 1444 3697 domo,
1461 3605 1508 3683 ad
1530 3632 1687 3694 manum
1703 3635 1785 3698 {tos

351 3755 448 3817 tram
463 3742 608 3847 positus
621 3740 777 3821 fuisset:
799 3741 988 3831 Tandem,
1009 3740 1105 3821 facta
1125 3740 1297 3847 inquesta
1316 3766 1432 3847 super
1444 3741 1519 3818 hoc
1539 3736 1587 3817 de
1604 3739 1783 3827 mandato
1839 3758 1842 3762 ·

351 3888 481 3950 nostro
503 3890 541 3950 et
559 3873 609 3951 ad
629 3875 769 3952 neriam
784 3891 951 3953 nostram
971 3888 1177 3980 reportata,
1197 3871 1274 3953 visa
1290 3888 1329 3951 et
1343 3870 1544 3980 diligenter
1559 3871 1780 3963 examinata,

350 4031 419 4108 per
431 4005 534 4083 curie
549 4022 677 4086 nostre
685 4005 892 4114 judicium,
910 4004 1057 4083 dictum
1076 4004 1150 4083 suit
1166 4005 1289 4086 dictos
1303 4003 1522 4110 magistrum
1541 4018 1578 4080 et
1594 4002 1781 4093 iratresin

350 4135 484 4215 saisina
508 4136 766 4243 predictorum
792 4164 988 4215 remanere
1018 4136 1174 4226 debere,
1202 4152 1241 4214 et
1265 4134 1411 4214 dictum
1431 4163 1584 4241 sepum,
1611 4133 1658 4221 de
1683 4162 1781 4221 noso

349 4262 505 4357 iactum,
526 4266 666 4347 debere
682 4267 844 4360 destrui,
864 4298 907 4346 ac
923 4268 995 4347 alia
1010 4267 1389 4374 impedimenta,.per
1407 4265 1529 4351 dictos
1547 4263 1723 4353 abbatem
1742 4284 1781 4355 at

350 4416 577 4477 conventum
594 4400 634 4477 in
647 4400 831 4505 ,predictis
843 4400 1030 4511 apposita,
1048 4398 1190 4478 debere
1203 4398 1359 4506 penitus
1372 4396 1554 4485 amoveri,
1573 4412 1611 4473 et
1624 4422 1780 4484 manum

350 4546 533 4625 noemam,
555 4548 711 4638 propter
730 4531 911 4612 debatum
930 4530 1100 4640 parcium
1120 4528 1266 4611 ibidem
1286 4529 1510 4636 appositam,
1532 4527 1635 4613 cuma
1654 4543 1780 4613 natira

350 4680 500 4741 amovit.

408 4792 560 4871 Sabbati
581 4795 761 4903 predicta.
787 4746 790 4751 ¹

406 4923 608 5002 Mellentus
626 4918 840 5034 reportavit.
