4450 6209
732 730 999 839 nuoutrns
1027 749 1089 821 m
1118 731 1327 823 moces.
1667 747 1741 822 ors

320 893 558 1001 Gravelignes
570 908 673 999 capta
684 889 917 980 fuerunt,0b
931 919 1079 968 causam
1094 888 1321 996 predictam,
1332 918 1406 996 que
1417 890 1457 964 in
1471 918 1586 966 manu
1599 909 1740 981 nostra,
1781 897 1911 950 Parnm
1924 896 1967 958 lt.

320 1041 475 1130 propter
489 1023 668 1100 debatum
681 1021 867 1128 parcium,
880 1039 987 1097 erant
997 1021 1136 1126 posita,
1152 1019 1301 1127 majori,
1317 1037 1353 1096 et
1365 1019 1525 1098 scabinis
1537 1019 1584 1096 de
1595 1020 1745 1098 Sancto
1845 987 1908 1030 lm

320 1155 538 1234 Andomaro
551 1154 822 1243 liberabuntur,
843 1170 1026 1231 reservata
1043 1169 1169 1230 tamen
1188 1153 1228 1228 in
1244 1151 1436 1258 premissis
1454 1152 1604 1260 majori,
1627 1152 1745 1230 scabi-

320 1287 378 1365 nis
406 1303 443 1364 et
466 1285 741 1365 habitatoribus
764 1282 852 1361 ville
877 1283 925 1360 de
949 1282 1190 1390 Gravelignes
1209 1282 1407 1388 questione
1427 1283 1675 1389 proprietatis,

379 1418 507 1496 Martis
525 1433 612 1524 post
632 1413 1050 1522 Sanctum-Georgium.

379 1549 429 1628 M.
451 1551 497 1626 H.
515 1548 562 1626 de
580 1545 852 1627 Sancto-Paulo
868 1545 1080 1651 reportavit.

245 1853 252 1864 ·
377 1815 471 1892 XIII.
503 1814 602 1893 Cum
621 1812 893 1920 proposuisset,
909 1811 949 1887 in
967 1810 1069 1887 curia
1085 1827 1227 1899 nostra,
1242 1810 1375 1885 Petrus
1393 1808 1585 1886 Porcherii
1605 1811 1653 1887 de
1669 1813 1747 1890 Ma·-

321 1945 429 2033 rinis,
453 1960 582 2022 contra
600 1943 813 2021 R'oberturn-
827 1941 875 2018 de
896 1939 1037 2029 Hunal‚
1053 1939 1289 2047 prepositum
1307 1939 1518 2030 Pontisare,
1539 1942 1645 2047 quod
1668 1943 1746 2048 ipse

321 2074 505 2182 compulit
532 2075 674 2151 dictum
699 2076 853 2150 Petrum
881 2072 1187 2178 compromittere
1208 2071 1247 2146 in
1267 2071 1391 2176 ipsum
1417 2100 1487 2177 pro
1507 2072 1669 2178 quadam
1690 2075 1748 2150 in-

317 2205 418 2312 juria
445 2205 542 2281 dicta
568 2203 730 2282 Iohanni
750 2201 975 2280 Guillemier
996 2231 1016 2278 a
1034 2200 1117 2278 filio
1144 2201 1234 2278 dicti
1254 2200 1372 2290 Petri,
1400 2217 1438 2277 et
1460 2203 1749 2308 condempnavit

324 2335 468 2413 dictum
487 2336 671 2423 Petrum,
684 2361 757 2439 pro·
775 2331 944 2438 expensis
963 2331 1111 2436 prandii
1127 2330 1233 2436 quod
1243 2331 1459 2424 babuerunt
1476 2332 1607 2426 simul,
1630 2335 1670 2409 in
1686 2362 1748 2411 sex

323 2465 453 2556 libris,
470 2483 508 2543 et
532 2465 634 2543 dioto
657 2463 819 2541 Iohanni
839 2463 880 2538 in
902 2461 1034 2538 decem
1060 2460 1169 2538 libris
1190 2489 1260 2566 pro
1284 2462 1462 2552 emenda,
1482 2481 1521 2540 et
1542 2464 1643 2540 dicto
1665 2493 1750 2570 pre-

194 2590 199 2599 ’
322 2595 451 2702 posito
466 2597 505 2672 in
525 2624 589 2674 sex
614 2592 786 2682 florenis,
809 2619 887 2669 non
907 2591 1046 2669 auditis
1058 2591 1275 2669 racionibns
1293 2590 1384 2668 dicti
1403 2594 1502 2670 Petri
1524 2611 1562 2670 et
1579 2592 1651 2670 filii
1675 2596 1746 2673 sui.

322 2727 417 2804 Item
425 2777 442 2817 ,›
456 2724 560 2834 quod
581 2725 703 2803 dietus
732 2721 945 2831 prepositus
965 2723 1119 2800 extorsit
1145 2751 1166 2798 a
1187 2722 1287 2801 dicto
1306 2723 1526 2802 Petroocto
1544 2724 1658 2804 libras
1681 2754 1749 2832 per

234 2857 236 2864 ’
322 2857 543 2936 violenciam
560 2874 598 2934 et
609 2854 730 2932 minas
749 2882 846 2932 suas.
867 2855 986 2943 Item,
1000 2853 1109 2960 quod·
1125 2854 1207 2960 ipse
1225 2854 1379 2931 extorsit
1397 2872 1548 2932 centum
1569 2855 1749 2934 solidosa

323 2987 425 3066 dicto
451 2989 560 3066 Petro
581 2986 715 3074 invito,
736 3001 774 3062 et
799 2985 881 3090 ipso
902 2968 1080 3062 existente
1108 2985 1149 3062 in
1177 2985 1343 3091 prisione
1370 3014 1458 3075 sua,
1485 3004 1523 3063 et
1554 2989 1750 3094 opportuit

323 3117 465 3196 dictum
480 3119 632 3195 Petrum
648 3115 792 3194 solvere
806 3117 935 3224 viginti
951 3133 987 3193 et
1007 3133 1171 3224 quatuor
1184 3116 1319 3207 libras,
1334 3145 1404 3223 pro
1420 3118 1546 3195 usuris
1560 3117 1748 3197 dictorum

324 3264 478 3325 centnm
489 3248 714 3326 solidorum.
727 3247 842 3335 Item,
858 3247 963 3353 quod
973 3247 1053 3353 ipse
1069 3246 1223 3324 extorsit
1236 3272 1262 3322 'a
1278 3246 1379 3324 dicto
1393 3248 1505 3325 Petro
1522 3277 1635 3325 unam
1651 3279 1750 3327 sum·

324 3407 424 3454 mam
443 3404 556 3456 avene
577 3393 615 3455 et
635 3404 757 3454 unum
778 3376 927 3454 dolium
949 3377 1024 3454 vini
1045 3395 1083 3454 et
1103 3377 1305 3454 duodecim
1326 3407 1489 3456 anceres.
1511 3380 1622 3466 Item,
1644 3381 1749 3487 quod

325 3510 448 3586 dictus
471 3509 683 3617 prepositus
706 3507 796 3585 lecit
826 3509 916 3615 poni
942 3508 982 3584 in
1005 3507 1172 3615 prisione
1194 3526 1231 3585 et
1252 3508 1292 3585 in
1312 3509 1410 3589 fossa
1431 3510 1574 3587 dictum
1595 3511 1748 3587 Petrum

323 3643 480 3749 injuste,
497 3642 649 3750 quando
663 3639 769 3716 scivit
783 3639 906 3747 ipsum
922 3639 1101 3718 habuisse
1111 3658 1296 3717 arrestum
1310 3669 1379 3746 pro
1388 3669 1427 3719 se
1440 3642 1480 3718 in
1495 3642 1596 3719 curia
1608 3660 1745 3718 nostra.

323 3774 433 3862 Item,
455 3772 651 3880 proposuit
670 3770 792 3848 dictus
812 3772 945 3848 Petrus
963 3787 1090 3848 contra
1108 3769 1319 3848 Iohannem
1338 3770 1374 3847 le
1392 3773 1554 3850 Peletier
1567 3773 1615 3849 de
1631 3773 1748 3852 Chars

325 3903 500 3980 etlilium
518 3932 649 3991 suum,
672 3903 874 3980 servientes
888 3901 1123 4008 prepositure
1138 3902 1348 3991 Pontisare,
1367 3903 1474 4010 quod
1489 3903 1559 4009 ipsi
1578 3903 1749 3982 fecerunt

326 4033 398 4112 sibi
410 4032 515 4138 plura
531 4033 708 4137 dampna,
727 4049 765 4110 et
778 4033 907 4138 plures
922 4033 1076 4140 injurias
1097 4033 1223 4110 eidem
1241 4033 1465 4124 intulemnt,
1489 4053 1527 4112 et
1540 4037 1662 4143 quod,
1681 4067 1749 4145 pro

325 4162 504 4269 predictis
526 4162 700 4268 dampnis
718 4179 756 4239 et
774 4161 923 4269 injuriis
946 4162 1045 4239 dicto
1065 4166 1176 4240 Petro
1196 4163 1346 4240 illatisa
1372 4165 1480 4242 dictis
1499 4170 1750 4271 preposito'et

326 4293 588 4383 servientibus,
617 4292 901 4400 dampnificatus
917 4291 991 4370 fuit
1004 4291 1114 4368 idem
1127 4293 1259 4369 Petrus
1277 4322 1396 4398 usque
1417 4295 1465 4371 ad
1484 4296 1649 4374 valorem
1670 4330 1751 4378 cen-

326 4445 409 4504 tum
428 4426 610 4503 librarum
626 4442 665 4503 et
682 4423 995 4531 ulum-predictis
1015 4423 1209 4529 preposito
1223 4441 1260 4502 et
1271 4424 1520 4503 servientibus
1532 4430 1657 4505 omnia
1670 4461 1751 4536 pre

328 4557 424 4634 dicta
438 4555 678 4664 negantibus,
701 4556 795 4633 etin
815 4556 1043 4632 contrarium
1064 4555 1314 4632 asserentibus
1336 4584 1375 4632 se
1390 4556 1519 4634 secisse
1529 4558 1631 4666 juste
1646 4567 1752 4668 quic·

327 4687 420 4792 quid
441 4688 510 4794 ipsi
535 4686 706 4765 lecerunt
728 4688 766 4764 in
786 4686 993 4794 predictis:
1019 4688 1127 4763 Facta
1153 4686 1323 4794 inquesta
1349 4716 1463 4794 super
1488 4690 1681 4796 predictis,
1703 4694 1749 4771 de

328 4820 502 4896 mandato
518 4819 620 4896 curie
638 4835 781 4908 nostre,
797 4818 871 4896 visa
883 4834 922 4895 et
934 4817 1133 4924 diligenter
1145 4819 1368 4909 examinata,
1383 4820 1521 4898 auditis
1536 4822 1751 4903 racionibus

327 4947 416 5025 binc
436 4966 474 5026 et
498 4950 587 5026 inde
610 4948 826 5055 propositis,
849 4950 937 5054 quia
955 4950 1150 5026 inventum
1172 4966 1227 5025 est
1248 4948 1392 5026 dictum
1415 4952 1568 5029 Petrum
1591 4954 1750 5032 Porche-

327 5080 373 5156 rii
394 5107 470 5156 non
490 5079 664 5186 probasse
690 5080 943 5158 intencionem
968 5107 1088 5168 suam,
1116 5079 1206 5157 dicti
1232 5083 1445 5188 prepositus
1471 5103 1509 5162 et
1527 5085 1745 5176 servientem
