4450 6209
503 751 577 822 672
1080 746 1169 818 LES
1200 744 1343 819 OLIM.

276 897 462 958 mirenvalt,
558 889 700 968 XXXV.
732 884 913 974 Arnaldo,
934 885 1151 996 vicecomite
1170 885 1392 993 Pelignieci,
1416 901 1454 961 et
1469 885 1679 963 Bertrando
1699 883 1746 962 de
1770 885 1922 962 Sancto-

338 991 400 1032 lm
504 1021 633 1112 lte1io,
652 1018 853 1110 militibus,
871 1017 910 1093 in
925 1006 1129 1095 Castelleto
1149 1017 1347 1094 Parisiensi
1363 1015 1553 1103 adductis,
1573 1042 1642 1120 pro
1664 1014 1831 1120 eoquod
1852 1013 1919 1119 ipsi

502 1152 662 1240 invicem
679 1150 751 1226 nisi
765 1147 919 1226 fuerunt
931 1175 971 1224 se
988 1146 1179 1224 debellare
1195 1163 1234 1225 et
1248 1146 1378 1254 plures
1397 1173 1599 1224 convocare
1619 1162 1658 1222 et
1676 1143 1798 1222 facere
1813 1143 1922 1219 calva-

503 1299 620 1373 catas,
641 1298 770 1359 contre
789 1295 933 1358 nostres
952 1278 1235 1385 prohibiciones
1250 1295 1394 1356 temere
1413 1277 1626 1367 venientes,
1649 1302 1719 1353 nos
1739 1275 1922 1351 mandavi-

503 1442 588 1491 mus
607 1411 745 1520 inquiri
764 1410 958 1488 veritatem
979 1409 1026 1487 de
1042 1409 1125 1486 aliis
1144 1408 1323 1487 omnibus
1334 1408 1400 1515 qui
1413 1407 1523 1486 dietis
1537 1405 1729 1483 calvacatis
1747 1403 1922 1482 interlue-

502 1561 590 1621 runt
605 1560 643 1622 et
652 1571 754 1620 arma
765 1556 1024 1647 portaverunt,
1037 1555 1075 1616 et
1092 1540 1303 1646 inquestam
1316 1566 1430 1644 super
1444 1537 1518 1615 hiis
1530 1535 1665 1614 laetam
1681 1535 1788 1613 curie
1800 1553 1922 1613 nostre

504 1673 645 1751 remitti
656 1671 903 1780 judicandam
921 1700 929 1747 ε
948 1671 1055 1748 Dicta
1073 1669 1189 1778 igitur
1204 1669 1379 1776 inquesta
1395 1669 1497 1746 curie
1514 1685 1641 1746 nostre
1660 1667 1833 1753 remissa,
1852 1667 1922 1742 visa

504 1834 546 1882 ac
565 1803 768 1913 diligenter
787 1803 969 1908 inspecta,
988 1828 1056 1907 per
1071 1798 1172 1876 dicte
1192 1799 1295 1878 curie
1315 1815 1443 1877 nostre
1463 1797 1670 1906 judicium,
1693 1795 1839 1874 dictum
1858 1795 1923 1872 suit

506 1935 609 2044 quod
631 1934 730 2012 diota
749 1933 922 2039 inquesta
941 1929 989 2008 ad
1003 1957 1157 2037 presens
1169 1957 1247 2006 non
1262 1927 1506 2036 judicabitur,
1527 1943 1682 2033 propter
1701 1925 1849 2032 aliquos
1866 1927 1923 2004 de

505 2065 625 2144 lectus
641 2064 680 2140 in
696 2090 739 2138 ea
753 2076 936 2167 repertos,
953 2059 1020 2137 sed
1040 2059 1297 2138 committetur
1315 2058 1427 2136 certis
1440 2057 1679 2156 auditoribus
1690 2057 1920 2163 complenda.

505 2195 605 2274 Dicti
625 2222 713 2273 vero
734 2189 904 2270 desectus
919 2208 1007 2268 sunt
1020 2189 1114 2268 tales
1136 2222 1145 2267 ι

562 2328 644 2404 Non
664 2340 817 2430 apparet
838 2320 945 2430 quod
964 2321 1021 2398 illi
1042 2321 1108 2428 qui
1133 2321 1319 2398 nominati
1338 2318 1486 2398 suntin
1504 2319 1603 2396 dicta
1627 2318 1799 2426 inquesta
1817 2336 1854 2396 et
1872 2319 1924 2394 di·

507 2471 642 2534 ountur
669 2454 784 2533 luisse
808 2481 877 2560 pro
908 2469 1013 2560 parte
1041 2451 1131 2528 dicti
1151 2449 1365 2540 bertrandi,
1389 2450 1421 2528 si
1445 2448 1601 2528 fuerunt
1619 2450 1768 2556 equites
1791 2449 1849 2526 vel
1866 2477 1926 2555 pe-

510 2587 606 2666 dites
626 2602 663 2663 ct
681 2613 756 2693 que
770 2613 870 2662 arma
887 2583 957 2689 ipsi
979 2598 1239 2690 portaverunt;
1262 2582 1355 2658 item
1380 2581 1412 2658 si
1437 2596 1526 2659 sunt
1541 2579 1675 2658 divites
1693 2581 1754 2658 vel
1771 2608 1866 2669 uon,
1886 2597 1924 2657 ut

507 2733 724 2825 competens
742 2714 902 2794 emenda
926 2731 1055 2792 eontra
1074 2741 1139 2791 eos
1162 2712 1281 2820 possit
1297 2713 1427 2801 taxari,
1448 2712 1538 2819 quia
1556 2711 1698 2788 suntin
1713 2739 1823 2789 causa
1841 2739 1925 2789 oon-

508 2846 810 2954 dempnacionis;
837 2873 906 2922 nec
919 2861 1071 2951 apparet
1086 2843 1309 2950 inquisitum
1323 2870 1404 2921 esse
1418 2860 1548 2922 contra
1567 2840 1653 2922 illos
1667 2841 1734 2949 qui
1747 2870 1816 2948 pro
1826 2860 1924 2948 parte

510 2978 600 3055 dicti
620 2956 849 3054 vicecomitis
867 2973 982 3052 fuisse
998 2973 1177 3052 dicuntur
1195 2973 1353 3052 ibidem.

564 3105 719 3187 Veneris
737 3121 823 3212 post
835 3104 1071 3182 Trinitatem.

564 3239 729 3346 Mangon
749 3237 964 3344 reportavit.

564 3371 646 3448 Non
668 3385 725 3446 est
742 3367 836 3448 facta
849 3367 1065 3447 commissio
1082 3371 1106 3442 ¹.
1226 3359 1234 3373 ’

565 3633 724 3713 XXXVI.
754 3631 853 3715 Cum
879 3631 1101 3709 mandatum
1129 3629 1276 3719 luisset,
1300 3660 1345 3709 ex
1371 3649 1476 3737 parte
1500 3649 1644 3720 nostra,
1668 3631 1808 3709 ballivo
1824 3632 1925 3711 Viro-

511 3763 708 3840 mandensi
727 3780 787 3854 ut,
809 3789 922 3870 super
941 3761 1053 3838 certis
1073 3761 1240 3840 articulis
1259 3789 1327 3868 per
1344 3761 1549 3841 Girardum
1567 3761 1615 3840 de
1634 3761 1750 3840 Marta
1765 3762 1922 3849 truditis,

511 3911 549 3970 et
563 3894 635 3971 sub
656 3891 908 3999 contrasigillo
936 3908 1066 3968 nostro
1088 3891 1215 3969 eidem
1234 3891 1373 3970 ballivo
1395 3891 1519 3970 missis
1537 3892 1587 3969 ad
1605 3892 1721 3970 finem
1738 3892 1924 3970 anullandi

511 4022 897 4130 condempnaciouem
913 4039 1042 4100 contra
1062 4022 1206 4100 dictum
1223 4022 1427 4103 Girardum
1447 4023 1581 4102 lectam
1599 4052 1668 4130 per
1691 4023 1925 4130 inquisitores
2008 4024 2011 4029 “

511 4183 531 4232 a
554 4154 663 4233 nobis
682 4154 722 4230 in
744 4151 893 4231 bellivia
910 4153 1079 4260 predicta
1098 4151 1314 4261 deputatos,
1332 4155 1705 4244 vocatisuocantis,
1724 4155 1926 4261 inquireret

512 4314 597 4362 cum
616 4285 815 4393 diligencia
828 4286 1044 4375 veritatem,
1069 4303 1105 4362 et
1125 4285 1335 4393 inquestam
1355 4314 1469 4392 super
1488 4285 1562 4364 hoc
1577 4284 1710 4363 factam
1725 4285 1828 4362 curie
1846 4311 1927 4360 nos·

510 4433 567 4494 tre
595 4417 806 4495 remitteret
823 4415 1098 4524 judicandam:
1125 4417 1236 4493 Facta
1260 4445 1375 4522 super
1401 4417 1475 4494 hoc
1503 4416 1678 4523 inquesta
1699 4433 1738 4493 et
1763 4415 1813 4492 ad
1832 4383 1927 4522 judi-

512 4547 674 4625 candum
700 4563 827 4626 nostre
852 4547 955 4624 curie
980 4563 1186 4652 reportata,
1212 4546 1287 4624 visa
1312 4565 1350 4624 et
1374 4546 1574 4656 diligenter
1603 4545 1826 4634 examinata,
1847 4543 1927 4650 quia

512 4703 588 4754 non
609 4693 665 4753 est
683 4675 826 4754 ibidem
844 4677 1039 4755 inventum
1053 4693 1337 4782 procuratorem
1356 4693 1528 4755 nostrum
1543 4676 1602 4754 vel
1621 4676 1738 4754 elium
1752 4675 1927 4754 idoneum

512 4804 770 4895 defensorem,
787 4833 858 4912 pro
878 4804 1004 4895 nobis,
1024 4804 1136 4884 ineis
1155 4835 1228 4913 que
1247 4824 1507 4917 restringunt,
1527 4836 1599 4885 nee
1617 4807 1711 4886 alios
1728 4805 1928 4885 evocandos

512 4935 561 5012 ad
586 4934 724 5012 dictam
751 4936 962 5041 inquestam
986 4934 1197 5014 faciendam
1217 4935 1332 5016 fnisse
1358 4953 1522 5028 vocatos,
1547 4937 1636 5016 licet
1660 4966 1730 5016 nos
1752 4954 1791 5014 et
1807 4935 1927 5043 plures

559 5109 566 5138 ¹
592 5109 666 5170 Mais
683 5130 722 5171 ou
740 5109 775 5170 lit
789 5129 827 5170 en
842 5130 964 5193 merge:
980 5109 1048 5172 Fiat
1062 5111 1217 5172 commissio.
