4450 6209
755 756 1028 865 snousrss
1053 777 1119 850 nr
1146 757 1353 854 Procas.
1700 785 1770 860 rso

337 913 443 992 sibus
460 928 499 990 et
519 911 704 1019 inquestis
723 943 838 1024 super
856 917 931 996 biis
954 917 1062 998 factis
1085 921 1186 999 inter
1209 940 1334 1030 partes
1352 921 1558 1032 predictas,
1580 951 1648 1032 per
1668 927 1772 1006 curie
1811 937 1999 1006 mersll·

336 1061 465 1125 nostre
471 1043 679 1153 judicium,
693 1045 838 1126 dictann
850 1051 1590 1164 majorem‘absolvimusabimpeticiona
1603 1058 1773 1167 predicta
1873 1031 1937 1075 Μ’

335 1178 520 1256 lobannis
533 1180 740 1261 etrccton's
755 1182 1025 1289 predictorum.
1436 1195 1439 1204 '

395 1310 549 1389 Sabbati
569 1326 658 1390 ante
671 1313 908 1398 Nativitatem
929 1317 1041 1397 beate
1055 1320 1190 1411 Mar-ie,
1216 1349 1316 1401 anno
1335 1322 1602 1403 trecentesimo
1622 1343 1771 1433 quarto.

694 1877 1072 2009 INQUESTE'ET
1101 1897 1414 1991 PROCESSUS

614 2171 774 2223 molem
795 2174 830 2225 IN
848 2175 1080 2228 PARLAMENTO
1101 2178 1486 2246 osidius-sancaoudn‚

924 2413 1018 2456 ANRO
1040 2413 1178 2461 HGCCle

443 2628 522 2704 Quia
535 2649 614 2690 anno
627 2629 812 2714 precedenti.
829 2639 950 2714 propter
963 2649 1103 2712 guerram
1119 2629 1269 2700 Flandrie,
1286 2649 1345 2690 non
1360 2627 1418 2692 luit
1431 2629 1660 2715 parlamentum.

388 2889 415 2965 Ι.
447 2887 534 2966 Visa
544 2886 894 2980 informacione,de
904 2887 1084 2966 mandato
1095 2887 1379 2980 Suessionensis
1391 2888 1576 2997 episcopi,
1590 2890 1637 2967 ad
1648 2908 1771 2999 partes

334 3020 630 3128 burdegalenses
652 3019 845 3110 destinati,
867 3018 965 3098 facta
988 3020 1037 3098 ad
1054 3020 1350 3128 requisicionem
1369 3021 1529 3100 Baudeti
1553 3023 1767 3132 Burgundi‚

334 3153 529 3231 servientis
555 3147 700 3230 domini
725 3153 853 3261 Regis,
875 3182 991 3261 super
1015 3152 1190 3260 dampnis
1218 3153 1291 3232 sibi
1316 3152 1447 3243 illatis,
1469 3171 1513 3232 ut
1537 3154 1702 3246 dicebat,
1729 3155 1769 3234 in

333 3284 543 3363 rebellione
561 3283 649 3362 ville
665 3283 973 3393 Burdegalensis,
995 3313 1064 3391 per
1083 3284 1226 3361 curiam
1241 3283 1386 3362 dictum
1402 3283 1477 3364 fuit
1488 3286 1594 3393 quod
1605 3287 1685 3394 ipse
1702 3315 1771 3394 per

334 3419 427 3494 viam
449 3434 625 3525 requeste
644 3443 762 3525 super
783 3417 858 3494 hoc
880 3415 1173 3506 contradicam,
1200 3445 1271 3493 nec
1285 3415 1522 3523 judicabitur
1546 3417 1769 3496 informacio

332 3549 516 3656 predicta,
538 3547 606 3628 sed
623 3548 803 3658 perviam
824 3547 982 3628 actionis
996 3548 1186 3638 audietur,
1209 3549 1239 3626 si
1259 3546 1361 3626 velit.

389 3682 518 3760 Martis
537 3698 624 3788 post
643 3681 793 3760 octabas
809 3682 1254 3761 Omnium-Sanctorum.

387 3950 431 4026 11.
463 3949 550 4029 Visa
565 3949 759 4055 laqueata,
776 3947 825 4024 de
846 3947 1026 4025 mandato
1045 3947 1214 4056 magistri
1229 3947 1441 4057 Raymundi
1457 3947 1628 4039 boudin,
1645 3949 1766 4060 depu-

332 4083 398 4158 tati
418 4109 486 4189 per
504 4080 705 4158 dominum
717 4081 861 4187 Regem
873 4106 987 4186 super
1000 4078 1098 4168 sacto
1114 4078 1292 4158 falsarum
1305 4096 1560 4172 monetarum,
1577 4109 1646 4190 per
1661 4111 1764 4163 com-

331 4213 520 4292 missarios
538 4214 586 4292 ab
607 4213 690 4320 ipso
710 4211 921 4319 superbos
942 4211 1159 4318 deputatos,
1181 4211 1276 4289 lacta
1297 4228 1426 4290 contra
1445 4211 1690 4320 Radulpbum
1715 4216 1762 4293 de

332 4347 426 4435 Viri,
443 4346 526 4454 ejus
542 4373 716 4435 uxorem,
733 4345 853 4452 ipsius
865 4343 993 4421 uxoris
1003 4342 1165 4433 liberos,
1180 4343 1448 4422 acJohannem
1462 4342 1500 4423 le
1514 4345 1667 4452 Meque,
1686 4344 1763 4422 dic·

330 4497 458 4558 torum
478 4480 683 4587 conjugum
702 4478 944 4568 servientem,
966 4503 1146 4583 supereo
1168 4476 1274 4584 quod
1294 4476 1349 4554 eis
1370 4475 1637 4583 imponebatur
1655 4475 1763 4586 quod

330 4614 401 4720 ipsi
429 4628 536 4689 erant
559 4611 768 4721 culpabiles
792 4627 832 4688 et
850 4609 1013 4716 suspecti
1041 4611 1088 4686 de
1112 4609 1205 4687 falsa
1228 4626 1397 4698 moneta,
1426 4607 1545 4686 nichil
1565 4608 1761 4688 inventum

330 4745 402 4824 suit
420 4743 625 4852 probatum
649 4770 764 4851 super
784 4742 858 4820 hoc
877 4759 1008 4819 contra
1028 4740 1147 4848 ipsos,
1178 4758 1255 4818 eta
1281 4739 1460 4848 predictis
1479 4740 1551 4820 sibi
1572 4740 1760 4848 impositis

329 4904 397 4983 per
418 4877 523 4954 curie
538 4876 728 4985 judicium
747 4873 911 4953 absoluti
932 4870 1102 4959 luerunt:
1129 4889 1166 4950 et
1182 4871 1256 4950 fuit
1278 4873 1423 4951 dictum
1441 4873 1547 4981 quod
1568 4873 1669 4952 bona
1692 4901 1759 4952 eo-

329 5035 430 5099 rum,
453 5007 649 5087 occasione
667 5007 890 5115 hujusmodi
908 5025 1028 5114 capta,
1050 5005 1366 5084 deliberabuntur
1385 5005 1543 5085 eisdem.

386 5139 541 5219 Sabbati
559 5156 647 5248 post
665 5140 847 5218 Sanctum
868 5140 1073 5218 Martinum
1094 5139 1319 5248 hyemalem.

1585 5294 1630 5356 ιδ.
