4450 6209
537 747 610 822 [132
1121 746 1211 817 LES
1243 743 1382 819 OLlM.

308 902 438 957 varrum
452 904 494 968 tv,
535 891 713 970 mandato
730 893 832 969 curie
847 905 992 976 nostre,
1010 888 1149 965 vocatis
1165 880 1479 995 partibus,'facta,
1496 916 1565 996 per
1577 889 1697 998 ipsius
1714 894 1819 971 curie
1838 914 1957 976 nostre

370 996 433 1039 15011.

530 1022 717 1131 judicium
744 1022 887 1099 dictum
913 1019 985 1097 luit
1009 1019 1295 1098 ordinacionem
1321 1038 1485 1099 nostram
1509 1049 1627 1129 super
1648 1022 1837 1133 burgesiis
1859 1031 1958 1138 regni

534 1154 652 1234 nostri
679 1154 819 1231 editam
840 1151 976 1229 servari
994 1149 1151 1230 debere.

591 1284 721 1361 Martis
745 1299 831 1389 post
850 1282 1117 1363 Reminiscere.

589 1416 761 1493 Decanus
781 1414 828 1491 de
850 1412 1016 1493 Cassello
1042 1414 1257 1520 reportavit.

588 1679 679 1756 XLI.
712 1677 794 1757 Lite
814 1696 916 1756 mota
933 1706 1057 1757 coram
1074 1679 1267 1786 preposito
1280 1679 1476 1759 Parisicnsi
1496 1680 1595 1757 inter
1614 1680 1777 1759 Aalidim
1792 1684 1960 1793 Regrate·

531 1812 643 1900 riam,
671 1838 716 1888 ex
738 1834 812 1888 una
837 1827 960 1917 parte,
983 1827 1022 1887 et
1041 1808 1293 1889 Guillelmum
1319 1811 1367 1887 de
1392 1809 1553 1919 Plexeyo
1578 1828 1616 1890 et
1639 1812 1722 1922 ejus
1739 1816 1956 1923 garandum,

462 1974 468 1983 ’
533 1970 578 2021 ex
592 1941 722 2033 altera,
741 1971 856 2050 super
871 1942 1005 2021 saisina
1025 1941 1224 2049 cujusdam
1242 1941 1380 2020 domus
1399 1971 1474 2050 que
1491 1960 1644 2023 vocatur
1662 1943 1801 2023 domus
1819 1947 1865 2024 ad
1880 1948 1960 2056 Cig-

532 2092 682 2153 sumet
701 2076 904 2164 Pavonem,
925 2073 996 2151 site
1017 2072 1058 2153 in
1072 2074 1154 2152 vico
1171 2073 1219 2152 de
1240 2072 1276 2151 la
1296 2074 1434 2179 Harpe,
1456 2074 1651 2184 contigue,
1670 2103 1715 2153 ex
1735 2105 1814 2155 uno
1829 2077 1956 2167 latere,

533 2208 666 2288 domui
680 2206 855 2316 Symonis
871 2206 919 2285 de
937 2206 1147 2315 Magduno,
1164 2222 1218 2293 et,
1237 2235 1282 2283 ex
1299 2205 1372 2282 alio
1387 2204 1520 2294 latere,
1541 2207 1673 2286 domui
1689 2209 1789 2286 Petri
1805 2208 1956 2299 Olearii,

532 2368 647 2447 super
660 2367 705 2416 eo
720 2338 826 2447 quod
840 2338 990 2416 dicebat
1005 2336 1105 2417 dicta
1120 2334 1264 2415 Aalidis
1277 2365 1317 2413 se
1333 2365 1414 2414 esse
1429 2354 1468 2414 et
1479 2334 1593 2415 luisse
1608 2338 1649 2414 in
1661 2338 1797 2417 saisina
1811 2338 1958 2448 pacilica

533 2470 632 2548 dicte
646 2471 802 2559 domus,
815 2486 988 2575 tempore
1001 2498 1078 2576 quo
1091 2468 1281 2549 Rohertus
1291 2466 1471 2558 Renardi,
1485 2497 1505 2545 a
1517 2495 1594 2575 quo
1605 2468 1958 2549 dictusGuillelmus

533 2601 580 2681 de
601 2600 761 2709 Plexeyo
779 2599 928 2679 dicebat
944 2628 983 2677 se
999 2598 1139 2677 habere
1160 2623 1310 2677 causam
1324 2598 1361 2674 in
1376 2597 1473 2675 dicta
1486 2599 1639 2691 saisina,
1657 2599 1853 2706 impedivit
1867 2630 1959 2680 eam·

532 2732 639 2824 dem3
663 2733 766 2811 dicto
786 2731 995 2811 Guillelmo
1022 2731 1069 2808 de
1090 2731 1252 2838 Plexeyo
1277 2731 1316 2805 in
1340 2730 1569 2807 contrarium
1590 2730 1740 2809 dicente
1758 2733 1864 2840 quod
1883 2734 1957 2842 ipse

533 2881 571 2941 et
592 2863 648 2941 illi
674 2892 694 2941 a
715 2862 855 2971 quibus
878 2862 957 2969 ipsc
980 2860 1095 2939 habet
1117 2888 1282 2951 causam,
1306 2875 1414 2936 erant
1432 2876 1471 2937 et
1491 2858 1638 2939 luerem
1657 2863 1696 2939 in
1713 2862 1848 2941 saisina
1862 2864 1958 2943 dicte

533 2994 671 3072 domus
680 2991 833 3101 pacifica
845 3009 884 3070 et
891 2994 995 3100 justo
1005 2991 1135 3079 titulo,
1148 2990 1392 3097 explectando
1405 2991 1585 3084 eandem3
1600 2992 1956 3101 dictusprepositus,

532 3124 671 3203 auditis
687 3124 873 3231 partibus,
892 3151 960 3231 per
968 3123 1180 3233 judicatum
1194 3151 1323 3212 suum,
1341 3122 1515 3205 saisinam
1530 3123 1631 3203 dicte
1645 3123 1783 3204 domus
1793 3126 1958 3232 predicto

533 3252 739 3335 Guillclmo
760 3254 1003 3365 adjudicavit,
1026 3256 1225 3364 questione
1246 3254 1484 3361 proprietatis
1510 3254 1610 3333 dicte
1637 3256 1774 3336 domus
1791 3256 1958 3363 predicte
2116 3353 2117 3380 χ

532 3386 656 3465 dalidi
679 3403 879 3477 reservata3
902 3415 922 3463 a
942 3414 1020 3495 quo
1035 3386 1224 3496 judicato,
1246 3404 1424 3492 tanquam
1450 3384 1543 3464 falso
1563 3402 1601 3463 et
1622 3414 1752 3491 pravo,
1775 3386 1873 3465 dicta
1893 3388 1959 3465 Aa·

532 3517 621 3597 lidis
646 3519 693 3596 ad
718 3535 898 3599 nostram.
911 3517 1054 3595 curiam
1079 3516 1281 3623 appellavit
1295 3516 1412 3625 :UViso
1437 3515 1552 3624 igitur
1571 3544 1748 3623 processu
1771 3517 1955 3625 predicto,

532 3676 600 3755 per
625 3645 734 3727 curie'
749 3667 877 3729 nostre
893 3648 1081 3756 judicium
1103 3648 1249 3725 dictum
1276 3645 1349 3722 luit
1374 3646 1588 3752 predictum
1610 3647 1842 3754 prepositum
1861 3648 1956 3726 bene

528 3778 717 3883 judicasse
735 3795 774 3854 et
789 3778 927 3855 dictam
941 3776 1104 3853 dalidim
1123 3775 1221 3851 male
1236 3774 1457 3881 appellasse,
1474 3795 1513 3857 et
1532 3780 1634 3885 quod
1651 3780 1730 3888 ipsa
1747 3779 1822 3858 hoc
1836 3806 1958 3861 emen-

533 3903 653 3991 dabit,
677 3920 715 3979 et
733 3904 837 4009 quod
852 3904 997 3981 dictum
1009 3904 1223 4010 judicatum
1242 3905 1485 3988 mandabitur
1505 3909 1732 3993 executioni.

589 4032 720 4109 Martis
738 4050 823 4136 post
842 4032 1110 4111 Reminiscere.

587 4161 759 4239 Decanus
779 4160 827 4239 de
846 4161 1009 4243 Cassello
1026 4166 1239 4271 reportavit.

586 4421 694 4499 XLII.
726 4424 783 4503 De
808 4426 946 4506 debato
966 4430 1071 4536 quod
1090 4431 1130 4507 in
1149 4460 1260 4512 causa
1280 4434 1544 4540 appellacionis
1558 4452 1637 4514 erat
1655 4437 1754 4513 inter
1768 4437 1954 4516 Thomam

531 4552 700 4642 Dariani,
732 4554 797 4662 qui
827 4558 1076 4665 appellaverat
1104 4592 1125 4639 a
1158 4565 1260 4641 curia
1289 4565 1447 4643 seculari
1479 4568 1644 4676 episcopi
1671 4569 1878 4649 Leonensis
1909 4569 1957 4646 ad

455 4678 459 4687 ’
531 4683 731 4761 dominum
752 4687 908 4795 Regem,
934 4718 977 4769 ex
1004 4720 1080 4770 una
1103 4712 1225 4799 parte,
1250 4713 1289 4773 ct
1314 4697 1481 4775 Yvonem
1510 4700 1668 4775 Parvum
1698 4716 1736 4777 et
1761 4702 1844 4809 ejus
1864 4728 1957 4779 uxo·

530 4840 630 4907 rem,
652 4844 818 4895 sororem
841 4820 930 4897 dicti
946 4823 1113 4918 Thorne,
1136 4854 1180 4904 ex
1200 4826 1332 4918 altera,
1350 4856 1464 4936 super
1484 4857 1530 4908 eo
1549 4830 1652 4937 quod
1669 4829 1758 4909 dicti
1779 4834 1956 4942 conjuges

528 4946 708 5054 petebant
722 4976 742 5025 a
764 4948 864 5029 dicto
881 4952 1091 5060 appellante
1106 4976 1277 5065 quartam
1293 4978 1438 5066 partem
1455 4962 1495 5037 in
1516 4978 1615 5039 terra
1632 4961 1805 5068 partsbili
1819 4992 1894 5071 que
1906 4962 1955 5039 ad

528 5077 628 5183 ipsos
646 5078 824 5189 conjuges
842 5101 878 5161 et
891 5084 1093 5177 Thomam,
1107 5105 1151 5166 ut
1166 5089 1314 5180 dicitur,
1333 5090 1561 5197 pertinebat,
1578 5119 1621 5168 ex
1638 5094 1874 5173 successione
1888 5093 1954 5170 de·
