4450 6209
513 715 587 788 606
1092 713 1183 785 LES
1209 711 1347 788 OLlM.

287 863 417 917 enum
429 859 474 927 W,
511 856 643 944 nostri,
659 872 697 934 et
707 883 772 934 eos
788 854 893 934 duxit
908 880 976 932 seu
992 854 1077 932 duci
1092 854 1182 932 fecit
1200 855 1240 930 in
1258 855 1475 961 prisionem,
1490 881 1559 961 per
1577 853 1682 933 curie
1697 873 1823 934 nostre
1831 859 1931 964 judi-

349 953 412 996 Μ’
512 987 628 1075 cium,
644 986 733 1063 dicti
754 986 885 1093 major,
901 984 1041 1062 scabini
1063 1002 1100 1062 et
1114 985 1231 1091 jurati
1251 985 1299 1062 de
1316 984 1582 1092 Graveiingnes
1600 987 1641 1062 in
1657 986 1872 1094 quingentis
1885 989 1931 1066 li·

510 1119 588 1196 bris
606 1116 891 1196 Turonensibus
910 1116 1019 1194 nobis
1040 1132 1078 1193 et
1097 1116 1218 1193 dictus
1237 1114 1427 1207 Gaiterus,
1447 1114 1607 1194 ballivus
1626 1117 1675 1195 de
1696 1118 1929 1211 bourbourc,

513 1250 716 1328 incentum
732 1248 837 1326 libris
852 1245 961 1324 dictis
970 1247 1105 1355 juratis
1118 1262 1156 1324 et
1166 1245 1323 1324 scabinis
1337 1245 1703 1339 Sancti-Andomari,
1716 1276 1785 1355 pro
1798 1249 1930 1356 injuria

509 1379 580 1458 sibi
600 1379 712 1468 facta,
735 1395 772 1456 et
792 1378 829 1454 in
851 1378 955 1454 mille
975 1377 1080 1455 libris
1094 1375 1383 1454 Turonensibus
1396 1377 1525 1466 nobis,
1546 1405 1616 1484 pro
1633 1380 1794 1456 emenda
1814 1409 1930 1457 exces-

510 1539 621 1588 suum
641 1509 916 1618 predictorum,
938 1507 1201 1613 condempnati
1222 1505 1387 1584 fuerunt.

565 1639 728 1719 Sabbato
748 1657 834 1746 post
851 1639 1135 1716 Pentheoosten.

566 1772 673 1850 Creoi
692 1769 904 1878 reportavit.

568 2031 724 2110 XCVIII.
747 2029 830 2106 Lite
844 2045 961 2118 mota,
975 2027 1015 2104 in
1030 2027 1130 2104 curia
1144 2043 1286 2118 nostra,
1302 2027 1401 2102 inter
1415 2028 1598 2135 majorem
1613 2045 1651 2105 et
1662 2027 1834 2106 scabinos
1845 2029 1930 2107 ville

513 2163 559 2238 de
580 2157 865 2266 Gravelingnes,
886 2183 929 2233 ex
949 2173 1052 2263 parte
1072 2182 1164 2243 una,
1186 2173 1224 2233 et
1241 2157 1438 2264 majorem,
1460 2155 1631 2234 scabinos
1650 2173 1688 2233 et
1705 2157 1931 2236 habitatores

510 2290 596 2368 ville
617 2286 982 2378 Sancti-Andomari‚
999 2314 1043 2363 ex
1056 2286 1189 2377 altera,
1205 2313 1318 2394 super
1329 2313 1376 2364 eo
1390 2287 1496 2394 quod
1510 2286 1600 2397 dicti
1614 2287 1733 2394 major
1742 2305 1780 2364 et
1795 2289 1930 2366 scabini

512 2423 559 2499 de
577 2420 845 2525 Gravelingnes
860 2418 1036 2496 dicebant
1050 2445 1089 2496 se
1109 2445 1190 2495 esse
1205 2419 1245 2494 in
1260 2417 1393 2494 saisina
1412 2417 1584 2524 capiendi
1599 2435 1737 2495 certam
1755 2419 1932 2497 rediben-

511 2553 605 2630 ciam
627 2579 694 2628 seu
723 2564 959 2628 constumam
992 2577 1105 2655 super
1131 2545 1383 2657 burgensibus
1407 2545 1493 2623 ville
1518 2547 1870 2625 Sancti-dodomari
1896 2568 1930 2626 et

511 2679 830 2760 commorantibus
844 2679 884 2756 in
901 2679 1118 2766 dienvilla,
1136 2693 1175 2756 et
1189 2704 1255 2756 eos
1273 2677 1456 2786 gagiandi,
1472 2679 1502 2755 si
1518 2676 1662 2756 solvere
1677 2679 1815 2755 dictam
1835 2678 1931 2755 redi-

510 2812 684 2890 benciam
697 2837 764 2889 seu
778 2826 986 2888 costumam
1003 2825 1236 2897 recusarent,
1252 2809 1402 2886 racione
1419 2835 1487 2885 seu
1499 2809 1691 2889 occasione
1709 2826 1930 2886 mercatura-

511 2969 597 3018 rum
613 2969 765 3018 suarum
784 2967 877 3045 quas
892 2937 1047 3032 faciunt,
1063 2939 1209 3015 ducunt
1221 2939 1502 3028 seureduouut,
1517 2938 1724 3046 suscipiunt
1735 2967 1804 3016 seu
1819 2937 1928 3046 depo

514 3087 611 3147 nunt
622 3071 661 3146 in
677 3069 774 3147 dicta
786 3068 874 3146 villa
888 3069 935 3146 de
950 3067 1232 3176 Gravelingnes‚
1245 3070 1475 3146 transeundo
1490 3097 1559 3176 per
1575 3069 1751 3160 haveum,
1763 3087 1927 3176 portum,

512 3227 580 3278 seu
599 3199 783 3306 portitum
805 3199 903 3278 dicte
922 3198 1030 3290 ville,
1048 3227 1117 3277 seu
1130 3227 1198 3306 per
1209 3197 1325 3275 alium
1339 3199 1563 3303 locum,per
1572 3225 1693 3289 mare,
1707 3227 1776 3306 per
1787 3227 1927 3306 aquam,

512 3361 579 3410 seu
592 3359 661 3439 per
673 3347 831 3420 terram,
849 3345 905 3421 et,
928 3332 1036 3438 quia,
1055 3330 1314 3439 aqrribusdam
1332 3329 1380 3407 de
1397 3328 1782 3422 Sancto-Andomaro,
1797 3329 1928 3407 dictam

511 3462 765 3541 redibenoiam
788 3491 855 3539 seu
876 3477 1084 3540 costumam
1102 3459 1247 3539 solvere
1260 3460 1491 3550 nolentibus,
1510 3460 1615 3569 gagia
1636 3487 1703 3543 seu
1717 3460 1926 3566 pecuniam,

511 3592 662 3670 racione
687 3591 785 3669 dicte
806 3608 991 3682 costuma,
1016 3608 1251 3697 acceperant,
1273 3618 1348 3697 que
1368 3589 1415 3667 ad
1435 3615 1589 3667 manum
1604 3570 1787 3679 nostram,
1809 3589 1857 3666 ad
1874 3617 1929 3666 re·

510 3739 683 3826 questam
707 3720 862 3797 iliorum
890 3719 937 3796 de
963 3719 1350 3808 Sancto-Andomaro‚
1377 3717 1526 3797 fuerant
1550 3719 1736 3827 apposita,
1755 3719 1928 3825 petebant

511 3877 668 3928 manum
685 3867 849 3930 nostram
864 3877 884 3926 a
897 3848 1006 3926 dictis
1021 3850 1137 3957 gagiis
1153 3876 1222 3926 seu
1236 3851 1394 3955 pecunia
1407 3849 1587 3939 amoveri,
1606 3865 1645 3926 et
1658 3877 1701 3928 ea
1717 3850 1788 3928 sibi
1805 3849 1927 3935 reddi,

513 4005 654 4086 eosque
679 3978 799 4055 teneri
827 3994 867 4054 et
891 3979 1026 4055 servari
1058 3980 1097 4056 in
1125 4006 1191 4057 sua
1220 3980 1354 4058 saisina
1386 3979 1621 4087 supradicta3
1651 3996 1756 4087 porte
1783 3979 1927 4056 adversa

513 4109 743 4186 contrarium
760 4123 946 4185 asserente
963 4125 1001 4186 et
1015 4110 1062 4186 ad
1078 4111 1152 4186 hoc
1164 4111 1291 4215 plures
1303 4111 1487 4199 raciones,
1504 4127 1581 4187 tam
1596 4111 1644 4186 de
1654 4113 1741 4219 jure
1757 4109 1928 4216 quamde

512 4238 630 4328 sacto,
657 4256 927 4346 proponente:
960 4239 1045 4318 Visa
1072 4241 1186 4347 igitur
1214 4241 1387 4348 inquesta
1409 4267 1521 4347 super
1550 4241 1644 4330 hoc,
1672 4239 1720 4316 de
1757 4239 1928 4317 mandato

512 4387 661 4457 nostro,
682 4366 774 4448 facta
802 4384 840 4444 et
859 4368 1059 4476 diligenter
1089 4371 1310 4462 examinata,
1333 4371 1437 4476 quia,
1459 4397 1526 4477 per
1548 4368 1688 4446 dictam
1706 4371 1928 4475 inquestam,

513 4514 657 4576 constat
675 4499 856 4606 majorem
874 4515 911 4576 et
930 4500 1101 4578 scabinos
1117 4501 1164 4577 de
1179 4500 1550 4578 Sancto-Andomaro
1563 4500 1817 4577 intencionem
1829 4523 1930 4574 suam

512 4628 689 4734 probasse
718 4628 855 4708 melius
885 4657 999 4736 quam
1024 4647 1170 4738 partem
1194 4631 1385 4709 adversam
1405 4633 1446 4708 in
1464 4631 1666 4740 predictis,
1695 4629 1840 4706 dictum
1863 4627 1931 4705 fuit

514 4787 582 4865 per
602 4761 703 4836 curie
724 4777 851 4838 nostre
866 4761 1068 4870 judicium,
1082 4762 1186 4867 quod
1205 4761 1435 4841 habitatores
1449 4779 1488 4840 et
1501 4775 1777 4839 commorantes
1793 4761 1833 4844 in
1848 4754 1930 4833 vitta

515 4886 865 4967 Sancti-Andomari
894 4908 932 4968 et
954 4891 994 4968 in
1014 4893 1282 4969 communitate
1304 4891 1509 4970 dinteville
1528 4889 1778 4969 remanebunt
1802 4889 1841 4966 in
1866 4887 1932 4964 sai·

513 5019 594 5096 sina
611 5017 775 5096 ducendi
788 5036 825 5096 et
834 5020 1040 5099 reducendi
1050 5036 1277 5100 mercaturas
1288 5051 1373 5100 suas
1384 5051 1453 5129 per
1462 5021 1588 5099 villam
1605 5023 1651 5099 de
1667 5017 1930 5124 Graveiingnes
