4450 6209
519 738 594 809 358
1097 730 1187 801 LES
1217 728 1356 801 OLlM.

293 888 482 948 emnmlv,
518 878 666 956 notorie
690 903 760 982 pro
783 874 896 982 laycis
915 890 953 949 et
973 870 1226 979 burgensibus
1256 869 1346 947 dicti
1368 868 1516 947 comitis
1539 898 1579 947 se
1602 869 1800 976 gerebant,
1821 872 1939 977 quod-

355 981 419 1025 1³⁰0.

519 1040 594 1119 que
619 1012 709 1088 dicti
729 1010 934 1087 servientes
952 1034 1032 1083 non
1050 1003 1242 1082 habebant
1261 1018 1486 1108 potestatem
1507 1002 1645 1081 dictum
1670 1002 1938 1083 inhibicionem

519 1144 680 1221 faciendi
700 1170 770 1219 nec
789 1139 907 1217 eciam
922 1135 1160 1247 sergentandi
1181 1133 1341 1225 ibidem,
1359 1134 1628 1213 extructionem
1642 1135 1732 1212 dicti
1751 1137 1939 1213 servientis

518 1276 566 1355 ab
591 1273 744 1353 ecclesia
765 1289 804 1349 et
827 1271 1046 1349 fractionem
1069 1267 1304 1344 inmunitatis
1327 1265 1428 1343 dicte
1456 1266 1611 1343 ecclesie
1637 1266 1838 1373 negando:
1858 1268 1939 1347 vm

518 1407 632 1515 igitur
649 1408 820 1512 inquesta
840 1428 955 1509 super
974 1400 1049 1477 hiis
1069 1402 1117 1478 de
1134 1400 1310 1477 mandato
1325 1416 1454 1476 nostro
1467 1397 1577 1487 luctu,
1588 1398 1677 1475 visis
1692 1398 1811 1475 eciam
1824 1400 1940 1477 omni-

518 1540 672 1644 busque
685 1554 844 1643 utraque
857 1562 942 1639 pars
955 1560 1168 1639 proponere
1182 1532 1319 1620 voluit,
1333 1529 1608 1617 dinomenes,
1623 1557 1692 1635 per
1700 1530 1804 1607 curie
1819 1548 1938 1609 nostre

513 1670 718 1775 judicium,
740 1669 813 1746 fuit
833 1698 854 1744 a
878 1665 1074 1773 predictis,
1096 1681 1280 1770 quantum
1300 1664 1350 1741 ud
1370 1664 1488 1769 ipsam
1516 1662 1658 1741 muriam
1675 1680 1840 1741 nostrum
1859 1692 1940 1769 per

460 1814 463 1822 '
522 1802 633 1890 tinet,
656 1800 864 1877 absolutus.

578 1931 730 2009 Sabbuti
755 1929 935 2036 predicta.

576 2062 735 2139 Cuillier
759 2060 972 2165 reportavit.

576 2328 618 2403 V.
646 2326 743 2403 Cum
758 2322 1114 2401 interGuillelmum
1131 2322 1180 2398 de
1196 2321 1365 2413 Marelio,
1380 2323 1659 2429 presbyterum,
1676 2349 1720 2399 ex
1732 2350 1808 2399 una
1819 2341 1936 2429 purte,

519 2474 557 2531 et
571 2458 802 2563 Rostaguum
819 2454 867 2531 de
881 2454 1050 2542 Biterris,
1067 2453 1268 2544 clericum,
1281 2482 1324 2529 ex
1340 2452 1470 2543 altera,
1488 2454 1637 2530 racione
1652 2453 1795 2560 capelle
1810 2452 1940 2531 Sancti-

519 2587 718 2665 Salvatoris
730 2588 778 2664 de
798 2585 1009 2676 Sumidrio‚
1027 2586 1135 2694 cujus
1152 2584 1308 2663 collacic
1328 2585 1374 2661 ud
1387 2612 1457 2661 nos
1475 2585 1645 2663 noscitur
1661 2586 1866 2691 pertinere,
1888 2614 1938 2663 ru-

518 2721 626 2795 eione
647 2719 830 2795 violencie
851 2716 1076 2807 amovende,
1093 2746 1185 2823 que,
1204 2744 1272 2822 per
1286 2718 1496 2823 potenciam
1518 2716 1694 2823 gencium
1713 2734 1935 2803 nostrarum,

520 2850 717 2926 dicebatur
730 2848 875 2925 ibidem
891 2846 1022 2923 lactum
1035 2846 1166 2933 luisse,
1182 2865 1282 2925 mota
1298 2847 1429 2924 luisset
1441 2848 1590 2952 questio
1606 2876 1730 2925 eorum
1747 2848 1951 2954 inquisito·

520 2981 625 3056 ribus
653 3010 672 3055 a
699 2978 812 3055 nobis
831 2980 870 3053 in
894 2978 1110 3055 senescallia
1138 2977 1360 3058 Belli-Cadri
1387 2978 1590 3085 deputetis,
1616 2980 1781 3086 ipsique,
1809 2981 1939 3057 vocatis

518 3110 690 3217 partibus
702 3126 741 3186 et
759 3110 908 3196 auditis,
926 3110 1203 3186 sentencialiter
1215 3110 1525 3216 pronunciassent
1539 3111 1685 3187 dictum
1698 3112 1939 3189 Gnillelmum

520 3245 558 3317 in
586 3240 719 3319 saisina
746 3241 845 3317 dicte
875 3240 1018 3347 capelle
1046 3270 1127 3317 esse
1156 3240 1460 3330 defendendum,
1496 3260 1535 3317 et
1558 3243 1696 3319 dictam
1721 3243 1938 3321 violenciam

519 3374 683 3452 amoveri
700 3371 861 3462 debere,
878 3373 1127 3479 postmodnm
1143 3372 1245 3449 idem
1257 3374 1465 3480 Rostugnus
1479 3402 1499 3449 a
1512 3374 1679 3480 predicta
1693 3376 1881 3452 sentencia
1895 3376 1937 3452 ad

520 3523 687 3583 nostram
707 3506 868 3593 curiam,
891 3506 1069 3593 Parisios,
1094 3503 1310 3611 appellavit3
1328 3532 1400 3581 nos
1419 3532 1525 3594 vero,
1546 3507 1591 3582 ud
1612 3506 1833 3583 instanciam
1855 3506 1935 3583 dicti

519 3638 713 3745 Rostagni,
744 3637 951 3742 predictum
980 3664 1128 3713 causam
1160 3637 1426 3743 appellacionis
1453 3637 1591 3715 dilecto
1622 3654 1659 3714 et
1686 3638 1791 3719 fideli
1816 3656 1936 3715 nostru

520 3770 698 3876 episcopo
713 3768 984 3873 Magaloncnsi,
1002 3786 1187 3873 quantum
1201 3768 1247 3843 ad
1257 3769 1405 3845 curiam
1419 3786 1582 3846 nostrum
1594 3772 1773 3875 pertinet,
1795 3772 1938 3848 conmi-

519 3899 636 3975 simus
660 3898 908 3985 audiendam,
931 3915 968 3974 et
988 3899 1067 3974 sine
1088 3900 1219 3977 debito
1239 3901 1532 3989 terminandam,
1555 3901 1606 3977 ita
1625 3918 1752 3979 tamen
1772 3902 1936 4007 quodsi

519 4030 644 4136 aliqua
664 4028 780 4106 dubia
793 4028 850 4104 vel
863 4030 1020 4107 obseura
1037 4030 1161 4107 forsan
1181 4033 1385 4135 super·hoc
1403 4048 1654 4140 emergerent,
1674 4034 1777 4110 curie
1799 4050 1933 4118 nostre,

519 4161 696 4247 Parisios,
717 4159 781 4237 illa
798 4160 1023 4239 rescriberet
1040 4191 1108 4268 per
1124 4163 1284 4238 eandem
1300 4164 1441 4239 cur-iam
1459 4164 1740 4270 interpretanda
1753 4181 1789 4240 ut
1797 4164 1936 4270 plenius

519 4293 759 4383 declaranda,
777 4294 1001 4400 quiquidem
1017 4295 1214 4400 episcopus
1224 4294 1374 4372 officiali
1391 4324 1460 4373 sno
1471 4356 1479 4385 ‚
1488 4297 1592 4403 juxta
1602 4296 1860 4374 traditamsibi
1874 4294 1936 4371 lur-

519 4454 633 4515 mam,
645 4452 793 4502 cuusam
802 4425 1023 4532 hujusmodi
1031 4427 1261 4502 audiendam
1273 4426 1477 4515 commisit3
1494 4454 1619 4505 coram
1632 4454 1713 4533 quo
1724 4446 1849 4534 partes
1863 4452 1936 4532 prt-

518 4558 632 4647 dicte‚
649 4558 747 4634 sicut
761 4559 974 4664 accepimus
988 4576 1262 4664 processerunt,
1281 4560 1319 4634 in
1336 4560 1476 4664 quibus
1493 4560 1762 4665 processibusu
1778 4560 1935 4667 partibus

519 4689 695 4765 concluso
716 4689 766 4765 ita
786 4690 893 4795 quod
912 4690 951 4765 in
974 4691 1075 4767 dicto
1095 4690 1252 4797 negocio
1273 4716 1348 4767 non
1363 4692 1533 4768 ¹restabat
1552 4691 1622 4767 nisi
1653 4690 1838 4769 sentencia
1860 4716 1935 4799 pro·

519 4818 692 4907 ferenda,
713 4821 814 4897 idem
831 4820 969 4928 judex,
992 4839 1147 4928 propter
1167 4824 1330 4929 quedam
1347 4821 1463 4900 dubia
1480 4841 1518 4899 et
1532 4824 1688 4901 obseura
1708 4852 1783 4930 que
1804 4823 1935 4901 ibidem

520 4968 769 5039 emerserunt,
797 4953 901 5058 juxta
928 4971 1099 5030 tenorem
1120 4956 1396 5033 commissionis
1421 4982 1533 5062 super
1559 4956 1632 5033 lroc
1659 4984 1727 5061 per
1746 4984 1816 5033 nos
1833 4955 1932 5035 facte,

518 5080 733 5187 predictum
746 5085 944 5189 negocium
963 5085 1108 5160 remisit
1122 5086 1168 5161 ud
1187 5103 1350 5164 nostram
1367 5086 1508 5163 curium
1529 5087 1679 5164 subeuo
1694 5085 1818 5194 sigillo
1832 5086 1935 5163 inter
