4450 6209
806 701 1071 811 enQotras
1098 718 1162 791 er
1188 700 1390 791 raeces.
1738 719 1813 791 aas
1909 713 1912 721 ·

447 864 603 939 Sanctus
621 860 788 939 Obertue
806 860 1019 969 reportavit.

443 1125 518 1202 XV.
549 1124 667 1211 Cum,
684 1133 810 1201 coram
821 1122 952 1229 bajulo
967 1138 1007 1201 et
1016 1121 1145 1228 judice
1166 1121 1634 1200 curieMontis-Pessulani
1652 1120 1811 1199 illustris

385 1254 770 1363 regisMajoricarum,
781 1251 1812 1332 controversiemotafuissetinterlohaonemdelloute·

385 1382 550 1461 Arnaldo
570 1402 608 1461 et
628 1383 894 1474 Guillermern,
916 1386 998 1493 ejus
1016 1404 1183 1471 ecorum,
1208 1412 1253 1460 ea
1272 1413 1346 1461 une
1360 1402 1483 1490 parte,
1503 1400 1539 1461 et
1559 1384 1742 1462 Jacobum
1762 1385 1809 1462 de

384 1512 497 1603 Alba,
520 1515 568 1591 de
588 1514 940 1592 Monte-Peaeulano
959 1512 1263 1618 apothecarium,
1284 1542 1329 1590 ex
1348 1514 1484 1602 altare,
1506 1542 1685 1618 supereo
1703 1516 1810 1621 quod

383 1645 541 1752 predicti
556 1645 746 1723 lohannes
761 1663 799 1722 et
813 1644 1022 1724 Goillerma
1033 1641 1250 1721 asserebant
1264 1672 1323 1733 se,
1338 1644 1379 1721 in
1394 1644 1556 1749 quedam
1573 1645 1689 1722 domo
1702 1645 1808 1723 hassa

382 1775 473 1854 dicti
491 1776 617 1853 Jacobi
633 1793 672 1853 et
687 1774 877 1881 depressa,
886 1774 950 1881 jus
965 1772 1105 1851 habere
1120 1774 1309 1853 servitutis
1325 1774 1443 1851 aluus
1456 1802 1537 1849 eam
1552 1801 1630 1851 non
1644 1774 1806 1853 tollendi

381 1924 419 1983 et
435 1888 644 1985 liminibus
663 1930 741 1983 non
761 1904 950 1983 officiendi
971 1903 1124 1981 auidam
1140 1930 1275 1981 eorum
1292 1903 1366 1981 alte
1384 1902 1534 1995 domni,
1551 1920 1590 1980 et
1607 1932 1648 1981 se
1665 1930 1745 1981 esse
1765 1905 1804 1981 in

380 2036 615 2142 possessione
630 2034 690 2111 vel
705 2034 813 2141 quasi
830 2034 928 2111 dicte
943 2033 1149 2124 servitutis,
1166 2030 1337 2139 predicto
1351 2032 1490 2110 laeobo
1506 2032 1734 2111 eontrarium
1750 2062 1806 2111 as·

379 2185 545 2258 serente,
573 2182 611 2243 et
631 2166 778 2242 dicente
800 2165 958 2242 domum
980 2193 1087 2241 suam
1113 2162 1321 2270 predictam
1349 2192 1431 2241 ease
1452 2162 1610 2241 liberam
1630 2163 1678 2241 ab
1699 2166 1803 2241 omni

378 2296 573 2385 servitute,
590 2296 750 2402 predicti
766 2294 916 2402 bajulus
930 2312 969 2373 et
978 2295 1111 2402 judex,
1123 2294 1164 2369 in
1179 2322 1290 2371 causa
1303 2294 1523 2401 hujusmodi
1535 2292 1801 2399 procedentes,

379 2427 613 2506 diffinitivam
635 2426 674 2501 in
695 2455 738 2503 ea
756 2425 926 2503 tulerunt
944 2424 1188 2512 sentenciam,
1211 2424 1355 2500 dietum
1373 2423 1557 2501 Jaeohum
1577 2452 1598 2500 a
1616 2424 1802 2528 peticione

376 2558 543 2663 predicta
556 2556 831 2634 sentencialiter
847 2553 1091 2645 absolvendm
1110 2582 1132 2631 a
1149 2581 1224 2659 qua
1235 2554 1444 2645 sentencia,
1460 2571 1651 2659 tamqrram
1667 2554 1716 2633 ab
1733 2554 1803 2633 ini-

376 2716 466 2795 que,
487 2716 556 2795 per
576 2687 696 2766 dictos
716 2703 858 2765 ectorcs
877 2685 1104 2793 appellatum
1125 2684 1198 2761 fuit
1216 2684 1265 2761 ad
1282 2684 1410 2763 locum
1427 2700 1622 2763 tenentem
1641 2684 1800 2791 predicti

374 2818 473 2926 regis
492 2817 757 2925 Majoricarom
774 2816 814 2893 in
835 2814 1201 2895 Monte-Pessulano.
1223 2815 1298 2909 Qui
1320 2813 1447 2893 loetum
1463 2833 1614 2906 tenens,
1635 2816 1675 2892 in
1691 2842 1800 2893 causa

1851 868 1873 921 P
1872 883 1982 928 eeeee
1992 875 2036 938 lv,

1909 963 1974 1006 raet.

374 2949 472 3027 dicte
492 2946 763 3069 appellacionis
775 2948 1002 3055 procedens,
1024 2947 1233 3053 predictam
1252 2946 1483 3031 sentenciam
1503 2944 1755 3037 confirmavit3
1778 2976 1799 3023 a
1877 3038 1887 3055 ·

373 3079 480 3187 cujus
493 3075 800 3181 confirmacione,
810 3094 1003 3185 tamquam
1014 3077 1262 3185 iniqua,dicti
1273 3094 1417 3157 actores
1426 3077 1560 3156 iterato
1573 3077 1621 3155 ad
1632 3094 1798 3162 nostram

373 3209 514 3288 curiam
534 3208 769 3315 appellarunt
785 3209 959 3287 :deditis
975 3209 1101 3316 igitur,
1117 3210 1158 3285 in
1175 3237 1285 3287 causa
1305 3208 1404 3287 dicte
1418 3208 1701 3314 appellationis,
1719 3238 1799 3313 pao

370 3340 473 3447 dous
492 3339 705 3427 antedictis,
728 3355 766 3417 ct
783 3340 869 3419 visis
888 3340 1126 3446 processibus
1145 3357 1185 3418 et
1197 3339 1375 3447 judicatis
1387 3339 1583 3444 predictis,
1605 3364 1673 3444 per
1692 3340 1796 3417 curie

371 3485 498 3549 nosne
514 3470 701 3577 judicium
724 3456 867 3549 dictum
886 3469 958 3548 luit
973 3487 1011 3547 et
1025 3469 1320 3577 pronunciatum
1337 3468 1459 3548 dictos
1468 3467 1681 3576 judicantes
1696 3457 1795 3547 bene

365 3600 569 3707 judicasse,
587 3617 625 3679 et
642 3600 833 3706 predictos
853 3598 1084 3707 appellantes
1101 3598 1202 3677 male
1216 3598 1442 3706 appellasse,
1459 3617 1498 3676 et
1511 3597 1616 3707 quod
1632 3598 1704 3704 ipsi
1722 3598 1795 3679 hoc

371 3730 641 3809 emendabunt.

424 3861 600 3941 Mercurii
620 3863 661 3937 in
680 3860 776 3941 leste
795 3853 905 3940 beate
926 3862 1052 3941 Lucis.

425 3992 627 4071 ldellcntus
644 3992 871 4099 reportavit„

423 4252 516 4331 xvl.
547 4252 663 4343 Cum,
685 4252 724 4329 in
741 4267 866 4332 nostra
882 4253 1002 4344 curia,
1023 4252 1173 4358 questio
1186 4252 1508 4331 vertereturioter
1522 4252 1728 4329 Romanam
1743 4252 1791 4329 de

367 4382 595 4478 Quarreriis,
618 4410 661 4459 ex
680 4396 785 4487 perte
804 4408 895 4473 una,
913 4399 951 4459 ct
967 4380 1189 4490 magistrum
1209 4380 1458 4461 Guillelmurn
1477 4380 1524 4457 de
1539 4380 1683 4473 Remis,
1697 4396 1792 4459 tuoe

367 4512 579 4591 auditorem
596 4512 773 4593 Cesteleti
789 4511 908 4591 nostri
920 4512 1153 4603 Parisiensis,
1168 4538 1213 4589 ex
1224 4512 1359 4601 alten,
1376 4538 1493 4617 super
1507 4537 1553 4588 eo
1569 4510 1677 4618 quod
1692 4510 1791 4589 dieta

363 4646 531 4723 Romaua
541 4645 724 4751 petebata
738 4644 838 4723 dicto
851 4644 1030 4753 magistro
1040 4642 1265 4735 Guillelmo,
1276 4660 1469 4749 tamqnam
1478 4639 1630 4721 officiali
1641 4658 1787 4735 nestro,

190 4800 197 4811 ·
363 4772 492 4882 plures
505 4776 750 4881 pecuniarum
766 4804 934 4854 summas
949 4774 1020 4853 nbi
1033 4773 1163 4864 reddi,
1181 4773 1332 4857 racione
1344 4771 1512 4879 plurium
1525 4771 1718 4851 bonmum
1731 4773 1790 4879 ip·

363 4906 443 4983 sius
454 4906 619 4983 Romane
630 4934 698 5013 per
711 4906 855 4985 dictum
862 4904 1082 5014 magistrum
1098 4902 1366 4995 Guillelmum,
1380 4920 1574 5010 temqtrnm
1586 4900 1785 4981 officialem

362 5052 553 5123 nostrum,
571 5035 628 5111 vel
648 5037 729 5144 ejus
748 5038 967 5115 mandatum
985 5051 1197 5145 captorum,
1219 5034 1484 5113 distractorum
1502 5051 1539 5113 et
1559 5033 1677 5110 eciem
1697 5060 1786 5111 coo·

1607 5186 1659 5248 do.
