4450 6209
802 663 1072 771 succuris
1097 682 1162 754 nr
1188 661 1397 756 rnocts.
1740 686 1820 760 rec

266 795 271 804 ἱ
390 823 493 902 dicte
515 821 662 901 bastide
687 838 767 899 erat
791 822 894 900 utilis
910 823 1029 937 ‘nobis
1053 840 1093 901 et
1118 823 1381 903 communitati
1404 823 1559 932 Bigorre
1586 841 1627 904 et
1645 826 1718 904 toti
1745 827 1818 904 rei·
1855 835 2040 898 summis,

388 954 544 1062 pubiice
563 954 682 1060 patrie
702 953 805 1034 illius
825 987 836 1031 ι
854 955 1044 1046 Tandem,
1065 953 1324 1064 visaquadam
1343 957 1516 1064 inquestn
1539 956 1747 1064 superbiis
1767 957 1814 1047 de
1918 927 1981 970 Μ’

387 1087 567 1164 mandato
580 1103 711 1166 nostro
729 1085 842 1176 facta,
859 1087 945 1166 risis
958 1087 1079 1166 eciam
1090 1088 1397 1168 attestacionibus
1410 1104 1449 1166 et
1465 1087 1621 1180 auditis,
1637 1087 1745 1170 tectis
1760 1088 1817 1166 in·

386 1247 501 1326 super
518 1219 780 1298 instrumentis
792 1219 938 1297 hincet
950 1219 1041 1298 iu'de
1057 1219 1273 1327 productis,
1291 1237 1330 1300 et
1348 1218 1486 1302 auditis
1505 1219 1719 1302 nacionibus
1734 1248 1816 1326 pars

386 1351 506 1441 cium,
518 1367 557 1428 et
568 1366 650 1430 toto
662 1375 839 1458 processu
855 1351 1057 1460 diligenter
1073 1352 1298 1442 examinato,
1315 1352 1600 1432 attentiseeiam
1618 1349 1764 1440 multis,
1780 1369 1816 1432 et
1916 1373 1921 1386 ·

386 1481 717 1589 consideratisque
731 1482 830 1560 circs
842 1481 1023 1590 premissa
1037 1509 1108 1560 nos
1123 1495 1274 1562 movere
1286 1497 1462 1589 poterant
1476 1499 1515 1560 et
1528 1482 1734 1573 debebant,
1749 1511 1816 1590 per

386 1613 490 1690 curie
502 1630 629 1692 nostre
638 1612 846 1720 judicium,
860 1613 1007 1692 dictum
1018 1612 1222 1720 ¹fuitquod
1234 1614 1380 1692 bastida
1399 1614 1566 1720 predicta
1585 1612 1814 1704 remanebit,

386 1773 464 1822 non
482 1743 721 1824 obstantibus
734 1744 937 1851 propositis
950 1772 1019 1851 per
1034 1759 1179 1851 partem
1195 1743 1398 1826 adversam.
1414 1744 1538 1850 Super
1555 1745 1688 1828 usibus
1707 1773 1813 1832 vero,

384 1873 476 1952 soris
490 1893 528 1953 et
541 1876 882 1954 consuetudinibus
900 1893 940 1954 et
952 1876 1035 1955 aliis
1050 1875 1300 1984 demensque
1317 1874 1408 1954 dicti
1425 1876 1634 1984 burgenses
1647 1876 1687 1960 in
1706 1877 1815 1956 dictis

385 2005 479 2085 locis
498 2036 538 2085 se
558 2007 698 2086 habere
719 2005 912 2102 dicebant,
934 2007 1060 2087 littere
1073 2005 1340 2116 justicieifacta
1358 2007 1431 2086 fiu‘t
1449 2006 1610 2086 eisdem,

439 2139 539 2216 Jovis
557 2155 644 2245 post
663 2138 1114 2218 Sanctum-Clementem.

441 2269 644 2346 Mellentus
658 2270 872 2376 reportavit

440 2535 484 2614 V.
514 2533 601 2612 Visa
616 2533 790 2639 inquesta
803 2532 853 2608 ad
869 2532 1092 2610 instanciam
1107 2531 1261 2610 Roberti
1276 2532 1328 2610 de
1343 2531 1537 2621 Msstacio,
1554 2531 1684 2611 militis
1691 2591 1701 2628 ‚
1719 2533 1813 2613 facta

384 2693 501 2772 super
517 2663 747 2772 quibusdan
767 2664 941 2769 dampnis
964 2663 1037 2742 sibi
1063 2662 1192 2754 illatis,
1212 2680 1258 2741 ut
1277 2662 1441 2751 dicebat,
1463 2663 1503 2740 in
1530 2680 1650 2742 castro
1671 2691 1741 2742 suo
1762 2664 1810 2742 de

384 2799 554 2886 Mornao,
574 2823 645 2903 per
662 2793 927 2903 stipendiarios
945 2794 1092 2875 domini
1111 2796 1238 2902 Regis,
1261 2799 1461 2874 existentes
1475 2793 1622 2878 ibidem
1640 2810 1812 2902 tempore

383 2957 539 3036 guerre,
555 2955 631 3034 que
647 2926 810 3035 dampna
829 2926 982 3034 petebat
999 2927 1104 3006 idem
1123 2925 1233 3006 miles
1253 2926 1324 3006 sibi
1342 2923 1452 3010 reddi
1473 2953 1495 3002 a
1514 2925 1673 3006 domino
1693 2928 1810 3034 Rege,

384 3060 533 3138 inventa
545 3077 603 3138 est
613 3060 741 3138 minus
750 3057 984 3140 sufficienter
994 3058 1106 3149 facta,
1121 3075 1160 3136 et
1169 3086 1248 3138 non
1257 3058 1394 3136 vocatis
1408 3074 1652 3164 procuratore
1665 3057 1810 3138 domini

385 3192 496 3301 Regis
513 3209 552 3269 et
565 3191 945 3298 dictis-stipendiariis
964 3191 1031 3298 qui
1047 3189 1265 3268 debuerunt
1283 3190 1406 3269 vocari
1422 3188 1633 3268 secundum
1650 3187 1810 3267 formam

384 3322 676 3413 commissionis,
698 3320 916 3409 etidcirco,
938 3320 1209 3429 perjudicium
1229 3319 1355 3407 curie,
1370 3317 1444 3398 suit
1462 3318 1643 3396 anullata..

438 3454 482 3530 In
497 3451 594 3531 festo
611 3449 984 3531 Sancti-Clementis,

440 3585 649 3663 Medentus
663 3583 885 3692 reportavit.¹
962 3649 966 3655 .

438 3851 500 3930 vl.
531 3851 630 3929 Cum
645 3849 874 3960 Reginaidus
892 3848 1152 3956 Bucco-Nigra,
1175 3844 1437 3934 Lumbardus‚
1458 3844 1636 3955 gentibus
1652 3847 1809 3934 nostrie,

382 3983 560 4070 Parisius,
576 4009 646 4088 pro
661 3983 799 4060 nostris
812 3982 997 4090 negociis,
1015 3981 1281 4070 existentibus,
1299 3997 1529 4087 conquestus
1539 3977 1669 4058 suisset
1687 3971 1807 4086 qdod,

382 4142 470 4192 cum
490 4115 587 4219 ipse,
609 4131 800 4221 tamquam
819 4130 1016 4203 mercator,
1038 4091 1184 4218 pannos
1200 4110 1365 4190 deferret
1380 4111 1427 4188 de
1448 4109 1633 4188 nundinis
1652 4109 1810 4214 Campa*

382 4247 445 4324 nie
461 4247 510 4323 ad
525 4263 650 4352 partes
669 4273 773 4334 suas,
790 4261 828 4322 et
844 4243 979 4322 decem
995 4243 1111 4322 libras
1131 4271 1348 4352 grossorum
1366 4240 1648 4338 Turonensium
1662 4266 1731 4345 pro
1750 4267 1810 4317 en·

382 4378 509 4486 pensis
526 4378 608 4456 suis
620 4375 820 4465 faciendis,
841 4375 1023 4453 custodes
1033 4386 1216 4483 portuum
1235 4375 1276 4451 in¹
1292 4371 1444 4450 ballivia
1461 4369 1723 4450 Matisconensi
1743 4370 1809 4449 de*

383 4510 508 4616 putati·
522 4539 544 4586 a
558 4508 671 4589 nobis
690 4508 811 4587 dictas
828 4507 961 4585 decem
980 4505 1095 4586 libras
1113 4523 1228 4611 super
1245 4505 1369 4611 ipsum
1389 4516 1571 4610 ceperunt
1587 4517 1625 4577 et
1640 4499 1811 4579 detinent

383 4641 540 4749 injuste,
567 4669 682 4749 quere
705 4638 860 4748 petebat
884 4638 1024 4717 dictam
1046 4635 1247 4745 pecuniam
1274 4634 1347 4714 sibi
1372 4633 1501 4724 reddi,
1528 4627 1737 4710 Guillelmo
1762 4630 1810 4708 de

274 4789 282 4804 “
384 4771 526 4878 Fargiis
540 4789 579 4849 et
592 4772 763 4850 Johanne
780 4769 829 4848 de
847 4767 1006 4878 Bussily,
1026 4767 1230 4853 militibus,
1251 4765 1301 4843 ad
1321 4764 1510 4842 dictorum
1527 4777 1709 4869 portuum
1727 4791 1811 4838 cus·

382 4901 528 4981 todiam
552 4902 756 5010 deputatis,
781 4900 994 4980 dicentibus
1013 4929 1059 4977 ex
1076 4897 1233 4980 adverso
1255 4913 1293 4974 et
1314 4893 1586 4974 confitentibus
1610 4921 1650 4972 se
1671 4892 1808 4972 dictam

383 5032 601 5139 pecuniam,
615 5050 808 5139 tamquam
820 5030 933 5110 nobis
943 5030 1200 5133 commissam,
1215 5026 1372 5134 cepisse,
1387 5053 1456 5133 pro
1471 5023 1634 5131 eoquod
1652 5023 1748 5128 ipse,
1766 5039 1810 5096 ut
