4450 6209
519 700 593 775 306
1100 702 1191 775 LES
1220 701 1361 777 OLlM.

293 849 480 911 ratmunt,
513 841 720 951 judicium,
734 840 897 921 anullnte
916 842 1088 934 luerunt,
1105 842 1232 921 eidem
1248 842 1402 923 demine
1424 862 1462 923 et
1482 844 1564 951 ejus
1580 847 1847 955 primogenito,
1865 878 1947 935 nnn

355 942 418 987 Μ’
519 972 757 1054 obstantibus
771 973 988 1086 propositis,
1002 990 1079 1053 tem
1095 1002 1142 1051 ex
1156 992 1260 1079 parte
1272 976 1492 1083 Ingerranni
1503 1034 1512 1064 ‚
1525 1004 1628 1053 nunc
1647 976 1813 1084 episcopi
1831 981 1949 1058 Mori-

519 1103 662 1195 nensis,
688 1132 801 1211 quern
827 1133 872 1181 er
892 1121 996 1211 prr-te
1019 1104 1205 1183 heredum
1230 1122 1270 1183 et
1291 1122 1534 1185 executorem
1560 1106 1712 1185 Henrici
1738 1125 1777 1185 et
1797 1110 1945 1201 Jacobi,

519 1234 714 1340 quondam
725 1235 989 1343 episcopcrum
1001 1236 1293 1325 Merinensium,
1308 1254 1514 1344 rtempcre
1527 1237 1776 1317 articulorum
1788 1240 1829 1317 in
1845 1242 1947 1321 dicto

519 1365 676 1473 negocio
695 1364 939 1459 traditorum,
964 1365 1277 1447 deliberabuntur
1302 1384 1340 1447 et
1361 1368 1587 1457 reddentur,
1608 1368 1784 1447 videlicet
1803 1370 1860 1447 illi
1879 1375 1946 1479 qui

519 1511 643 1573 extant
656 1512 696 1577 et
711 1496 868 1578 illerum
878 1498 1057 1605 valorqni
1076 1515 1309 1591 nonerunt,
1324 1500 1417 1577 scite
1435 1528 1503 1606 per
1514 1500 1682 1579 officium
1700 1502 1946 1583 curiensem

518 1627 643 1710 valore
661 1627 858 1733 predicte:
878 1629 987 1711 Facta
1006 1628 1132 1735 igitur,
1158 1656 1202 1707 ex
1221 1626 1346 1707 efficio
1374 1629 1476 1707 curie
1503 1646 1651 1722 nostre,
1672 1631 1810 1711 mus
1837 1632 1946 1711 dictis

517 1757 701 1863 partibus,
723 1786 837 1864 super
855 1758 980 1837 valere
999 1758 1186 1866 predicto,
1210 1758 1382 1867 diligenti
1404 1760 1577 1867 inquesta
1596 1761 1673 1839 vise
1690 1778 1730 1837 et
1753 1790 1840 1839 cum
1861 1763 1946 1841 dili-

518 1889 651 1995 gencie
668 1888 893 1979 examinate,
920 1919 1005 1975 curn
1026 1892 1219 1972 inventum
1239 1890 1354 1971 luerit
1371 1890 1601 1971 sufficienter
1618 1890 1820 1998 probatum
1840 1896 1946 2001 qued

520 2018 567 2097 de
584 2017 771 2106 fructibus
785 2036 825 2098 et
844 2019 1003 2100 exitibus
1020 2021 1210 2101 dictorurn
1226 2020 1419 2101 benorum
1439 2020 1683 2101 inmobilium
1700 2020 1824 2101 dictus
1841 2025 1944 2103 Hen-

518 2150 620 2229 ricus
638 2178 707 2255 pro
725 2167 897 2257 tempere
916 2180 1004 2243 suc,
1018 2150 1193 2231 videlicet
1208 2180 1277 2258 per
1291 2180 1434 2233 annum
1448 2170 1486 2233 et
1501 2152 1718 2243 dimidium,
1732 2154 1945 2261 quodtem-

518 2308 589 2386 pus
604 2279 745 2388 incepit
763 2310 862 2361 nnnc
876 2282 1031 2362 Domini
1046 2282 1251 2367 millesimo
1270 2282 1531 2365 ducentesimo
1545 2284 1776 2390 octogesimo
1791 2284 1942 2391 quinto,

518 2411 567 2489 ad
581 2411 746 2492 valorem
762 2430 1016 2493 trecentarum
1033 2413 1218 2493 librarum
1235 2432 1273 2493 et
1289 2415 1418 2523 viginti
1437 2414 1647 2493 solidorum
1660 2415 1941 2507 Prrisiensium,

518 2561 556 2621 et
568 2542 690 2623 dictus
701 2545 879 2633 Jsccbus,
894 2573 964 2650 pro
977 2562 1150 2652 tempore
1163 2574 1249 2637 sun,
1263 2544 1437 2625 videlicet
1446 2574 1515 2653 per
1527 2547 1814 2653 qurtuordecim
1826 2576 1944 2627 annos

517 2658 722 2758 inrnediate
733 2692 944 2782 sequentes,
957 2675 1179 2755 cdvalcrem
1191 2678 1262 2757 trin
1271 2676 1699 2759 millleettrecenternm
1709 2680 1944 2787 septuaginta

517 2782 662 2909 septem
676 2802 857 2883 librarum
868 2806 1146 2893 Parisiensium‚
1161 2835 1202 2883 nc
1215 2804 1338 2887 dictus
1348 2807 1582 2917 Ingcrrenus,
1596 2836 1666 2914 pro
1676 2826 1849 2915 tempore
1858 2837 1940 2897 suo,

517 2933 692 3011 videlicet
703 2962 772 3039 per
781 2935 950 3041 quinque
961 2962 1077 3013 annos
1091 2936 1295 3039 inmedinte
1306 2936 1590 3043 subsequentes,
1600 2936 1649 3015 nd
1660 2938 1825 3017 velorem
1837 2938 1942 3019 mille

518 3081 557 3149 et
574 3080 829 3151 trecentarum
847 3082 886 3146 et
903 3066 1033 3174 viginti
1053 3064 1237 3145 librorum
1261 3065 1527 3145 Perisiensinm
1550 3086 1801 3175 perceperunt
1819 3086 1858 3147 et
1876 3066 1941 3147 he·

516 3193 697 3286 buerunt,
710 3194 892 3301 percurie
903 3211 1030 3273 nostre
1033 3192 1239 3303 judicium,
1253 3196 1397 3275 dictum
1408 3194 1481 3274 luit
1488 3214 1527 3275 et
1537 3200 1827 3304 pronunciatum
1838 3200 1941 3306 quod

518 3352 650 3414 ornnes
667 3352 816 3415 summe
834 3326 1001 3432 predicte
1019 3326 1118 3405 dicte
1138 3326 1290 3405 domine
1309 3346 1346 3407 et
1366 3326 1449 3434 ejus
1464 3329 1715 3439 primogenito
1732 3330 1941 3411 reddentur

518 3474 556 3533 et
570 3456 882 3547 delibernbnnnu
893 3488 915 3535 a
928 3458 1097 3564 partibus
1109 3458 1325 3547 antedictis,
1342 3457 1516 3540 videlicet
1527 3460 1574 3537 ab
1588 3460 1795 3539 heredibus
1807 3478 1845 3538 et
1860 3490 1941 3539 ere·

517 3588 710 3670 entoribus
731 3588 820 3668 dicti
839 3586 992 3673 Henrici
1012 3606 1182 3671 trecente
1202 3588 1298 3669 libre
1314 3606 1353 3667 et
1363 3588 1493 3698 viginti
1508 3589 1621 3667 solidi
1636 3590 1876 3681 Parisienses,
1895 3592 1940 3670 ab

517 3719 726 3803 heredibus
745 3735 785 3795 et
802 3719 1064 3803 executoribus
1080 3719 1169 3799 dicti
1185 3720 1315 3803 Jacobi
1332 3722 1403 3799 tria
1418 3720 1538 3801 millia
1555 3738 1593 3801 et
1607 3738 1772 3801 trecente
1791 3741 1939 3831 septur-

516 3846 620 3952 ginte
635 3863 779 3953 septem
797 3846 894 3925 libre
905 3848 1146 3938 Perisienses,
1160 3868 1197 3929 et
1213 3880 1235 3929 a
1252 3850 1351 3930 dicto
1367 3854 1612 3960 ingorranno,
1627 3878 1729 3929 nunc
1744 3852 1936 3960 episcopo,

370 3985 372 3988 ’
517 3976 622 4054 mille
644 3994 682 4054 et
699 3994 865 4056 trecente
886 3998 925 4057 et
944 3981 1070 4087 viginti
1092 3981 1188 4059 libre
1207 3982 1448 4073 Perisienses,
1471 3984 1509 4061 in
1528 3982 1652 4062 velere
1672 4011 1750 4091 quo
1766 3980 1840 4061 luit
1856 4012 1937 4063 mn-

396 4114 405 4128 ’
517 4124 617 4199 nen,
640 4107 814 4186 distincte
832 4138 899 4217 per
920 4110 1087 4219 singulos
1103 4140 1221 4191 annos
1236 4113 1441 4219 predictos,
1460 4113 1633 4193 deductis
1646 4128 1774 4193 temen
1785 4114 1934 4203 exinde,

515 4266 584 4342 pro
604 4244 776 4347 tempore
796 4241 887 4318 dicti
907 4242 1073 4331 Henrici,
1095 4244 1339 4351 quadraginta
1362 4244 1469 4325 libris
1488 4244 1771 4335 Parisiensibus,
1792 4263 1846 4333 et,
1868 4275 1935 4351 pro

514 4386 687 4475 tempore
706 4370 796 4449 dieti
816 4373 960 4464 Jacobi,
982 4390 1132 4451 centum
1153 4391 1191 4450 et
1207 4374 1335 4481 viginti
1357 4374 1464 4453 libris
1482 4374 1766 4465 Parisiensibus,
1784 4403 1853 4480 pro
1871 4377 1936 4452 do-

514 4498 640 4578 talicio
659 4501 813 4581 domine
835 4502 882 4584 de
902 4503 1009 4589 Marti
1030 4502 1078 4581 ab
1097 4504 1241 4585 eisdem
1262 4504 1405 4596 solut0;
1428 4506 1501 4583 hoc
1521 4506 1676 4612 insuper
1694 4504 1795 4583 salvo
1820 4522 1934 4607 etre-

513 4647 620 4707 tento
634 4632 755 4738 quod,
770 4634 819 4711 de
834 4633 1002 4713 iacienda
1015 4636 1325 4743 compensncione
1341 4664 1409 4715 seu
1426 4636 1655 4715 deductione
1671 4636 1773 4713 illius
1786 4662 1932 4714 snnme

513 4762 692 4864 pecunie,
711 4792 796 4870 que,
814 4793 883 4872 pro
897 4766 1044 4875 gageria
1059 4765 1248 4847 dictorum
1263 4766 1470 4856 bonorum,
1489 4766 1613 4845 soluta
1626 4765 1698 4845 luit
1714 4766 1870 4846 demine
1886 4764 1930 4843 de

513 4888 724 4997 Creseqnes
735 4911 820 4973 ente
836 4897 1073 4981 interdictum
1086 4899 1159 4981 sibi
1172 4901 1362 4981 bonorrnn
1377 4927 1534 4977 suorum
1544 4897 1927 4985 administreeinnem,

514 5019 717 5100 habebitur
734 5025 848 5115 racio,
868 5047 980 5133 prout
999 5030 1047 5112 de
1061 5032 1147 5138 jure
1168 5030 1296 5120 luerit,
1319 5031 1457 5111 auditis
1474 5030 1645 5137 pertibus
1663 5029 1870 5108 antedictis.
