<?xml version="1.0" encoding="UTF-8"?>
<!DOCTYPE html PUBLIC "-//W3C//DTD XHTML 1.0 Transitional//EN"
    "http://www.w3.org/TR/xhtml1/DTD/xhtml1-transitional.dtd">
<html xmlns="http://www.w3.org/1999/xhtml" xml:lang="en" lang="en">
 <head>
  <title>
</title>
<meta http-equiv="Content-Type" content="text/html;charset=utf-8" />
  <meta name='ocr-system' content='tesseract 3.04.00' />
  <meta name='ocr-capabilities' content='ocr_page ocr_carea ocr_par ocr_line ocrx_word'/>
</head>
<body>
  <div class='ocr_page' id='page_1' title='image "./lesolimouregist00parigoog_0229.png"; bbox 0 0 4450 6209; ppageno 0'>
   <div class='ocr_carea' id='block_1_1' title="bbox 506 700 1361 778">
    <p class='ocr_par' dir='ltr' id='par_1_1' title="bbox 506 700 1361 778">
     <span class='ocr_line' id='line_1_1' title="bbox 506 700 1361 778; baseline 0.001 -5"><span class='ocrx_word' id='word_1_1' title='bbox 506 701 577 775; x_wconf 78' lang='lat'>130</span> <span class='ocrx_word' id='word_1_2' title='bbox 1096 703 1189 778; x_wconf 86' lang='lat' dir='ltr'>LES</span> <span class='ocrx_word' id='word_1_3' title='bbox 1220 700 1361 776; x_wconf 88' lang='lat' dir='ltr'><strong>OLIM.</strong></span> 
     </span>
    </p>
   </div>
   <div class='ocr_carea' id='block_1_2' title="bbox 273 839 1979 2933">
    <p class='ocr_par' dir='ltr' id='par_1_2' title="bbox 273 839 1940 2008">
     <span class='ocr_line' id='line_1_2' title="bbox 273 839 1940 953; baseline 0 -31"><span class='ocrx_word' id='word_1_4' title='bbox 273 868 405 923; x_wconf 73' lang='lat' dir='ltr'>summ</span> <span class='ocrx_word' id='word_1_5' title='bbox 416 866 461 930; x_wconf 80' lang='lat' dir='ltr'>lv,</span> <span class='ocrx_word' id='word_1_6' title='bbox 500 841 604 922; x_wconf 90' lang='lat' dir='ltr'>illata</span> <span class='ocrx_word' id='word_1_7' title='bbox 621 839 779 924; x_wconf 84' lang='lat' dir='ltr'>fuerunt</span> <span class='ocrx_word' id='word_1_8' title='bbox 789 843 946 953; x_wconf 87' lang='lat' dir='ltr'>injuste,</span> <span class='ocrx_word' id='word_1_9' title='bbox 963 859 1003 922; x_wconf 90' lang='lat' dir='ltr'>et</span> <span class='ocrx_word' id='word_1_10' title='bbox 1012 841 1136 924; x_wconf 83' lang='lat' dir='ltr'>banna</span> <span class='ocrx_word' id='word_1_11' title='bbox 1145 860 1275 924; x_wconf 81' lang='lat' dir='ltr'>conua</span> <span class='ocrx_word' id='word_1_12' title='bbox 1290 843 1392 952; x_wconf 88' lang='lat' dir='ltr'>ipsos</span> <span class='ocrx_word' id='word_1_13' title='bbox 1410 871 1499 924; x_wconf 90' lang='lat' dir='ltr'>cum</span> <span class='ocrx_word' id='word_1_14' title='bbox 1512 841 1724 934; x_wconf 77' lang='lat' dir='ltr'>lubicinio,</span> <span class='ocrx_word' id='word_1_15' title='bbox 1736 859 1940 950; x_wconf 87' lang='lat' dir='ltr'>tamsuper</span> 
     </span>
     <span class='ocr_line' id='line_1_3' title="bbox 335 960 1935 1084; baseline 0 -30"><span class='ocrx_word' id='word_1_16' title='bbox 335 960 399 1004; x_wconf 55' lang='grc' dir='ltr'>Μ·</span> <span class='ocrx_word' id='word_1_17' title='bbox 500 975 792 1082; x_wconf 85' lang='lat' dir='ltr'>participacione</span> <span class='ocrx_word' id='word_1_18' title='bbox 811 1006 898 1054; x_wconf 91' lang='lat' dir='ltr'>cum</span> <span class='ocrx_word' id='word_1_19' title='bbox 918 975 1010 1084; x_wconf 91' lang='lat' dir='ltr'>ipsis</span> <span class='ocrx_word' id='word_1_20' title='bbox 1027 1003 1143 1084; x_wconf 58' lang='lat' dir='ltr'>mam</span> <span class='ocrx_word' id='word_1_21' title='bbox 1163 1003 1276 1084; x_wconf 85' lang='lat' dir='ltr'>super</span> <span class='ocrx_word' id='word_1_22' title='bbox 1298 975 1522 1056; x_wconf 87' lang='lat' dir='ltr'>vendicione</span> <span class='ocrx_word' id='word_1_23' title='bbox 1542 973 1737 1055; x_wconf 72' lang='lat' dir='ltr'>boninum</span> <span class='ocrx_word' id='word_1_24' title='bbox 1758 1003 1935 1067; x_wconf 89' lang='lat' dir='ltr'>suorum,</span> 
     </span>
     <span class='ocr_line' id='line_1_4' title="bbox 499 1107 1937 1216; baseline -0.001 -30"><span class='ocrx_word' id='word_1_25' title='bbox 499 1136 569 1215; x_wconf 91' lang='lat' dir='ltr'>per</span> <span class='ocrx_word' id='word_1_26' title='bbox 586 1135 791 1214; x_wconf 81' lang='lat' dir='ltr'><strong>preconem</strong></span> <span class='ocrx_word' id='word_1_27' title='bbox 814 1107 1098 1188; x_wconf 82' lang='lat' dir='ltr'>communitatis</span> <span class='ocrx_word' id='word_1_28' title='bbox 1121 1107 1317 1216; x_wconf 81' lang='lat' dir='ltr'>Moyssieci</span> <span class='ocrx_word' id='word_1_29' title='bbox 1335 1107 1580 1216; x_wconf 84' lang='lat' dir='ltr'>proclamata,</span> <span class='ocrx_word' id='word_1_30' title='bbox 1601 1107 1641 1184; x_wconf 92' lang='lat' dir='ltr'>in</span> <span class='ocrx_word' id='word_1_31' title='bbox 1660 1107 1831 1214; x_wconf 90' lang='lat' dir='ltr'>ipsorum</span> <span class='ocrx_word' id='word_1_32' title='bbox 1848 1135 1937 1185; x_wconf 90' lang='lat' dir='ltr'>con·</span> 
     </span>
     <span class='ocr_line' id='line_1_5' title="bbox 494 1236 1937 1348; baseline -0.001 -32"><span class='ocrx_word' id='word_1_33' title='bbox 494 1237 633 1348; x_wconf 86' lang='lat' dir='ltr'>jugum</span> <span class='ocrx_word' id='word_1_34' title='bbox 652 1267 760 1348; x_wconf 79' lang='lat' dir='ltr'>grave</span> <span class='ocrx_word' id='word_1_35' title='bbox 779 1239 1011 1346; x_wconf 82' lang='lat' dir='ltr'>vituperium</span> <span class='ocrx_word' id='word_1_36' title='bbox 1031 1256 1071 1318; x_wconf 91' lang='lat' dir='ltr'>et</span> <span class='ocrx_word' id='word_1_37' title='bbox 1089 1240 1315 1348; x_wconf 89' lang='lat' dir='ltr'>dampnum,</span> <span class='ocrx_word' id='word_1_38' title='bbox 1337 1257 1454 1348; x_wconf 90' lang='lat' dir='ltr'>prout</span> <span class='ocrx_word' id='word_1_39' title='bbox 1467 1239 1509 1318; x_wconf 92' lang='lat' dir='ltr'>in</span> <span class='ocrx_word' id='word_1_40' title='bbox 1525 1266 1660 1317; x_wconf 89' lang='lat' dir='ltr'>corum</span> <span class='ocrx_word' id='word_1_41' title='bbox 1674 1236 1844 1318; x_wconf 80' lang='lat' dir='ltr'>articulis</span> <span class='ocrx_word' id='word_1_42' title='bbox 1857 1238 1937 1346; x_wconf 90' lang='lat' dir='ltr'>ple-</span> 
     </span>
     <span class='ocr_line' id='line_1_6' title="bbox 500 1370 1936 1481; baseline -0.001 -33"><span class='ocrx_word' id='word_1_43' title='bbox 500 1371 588 1448; x_wconf 84' lang='lat' dir='ltr'>nius</span> <span class='ocrx_word' id='word_1_44' title='bbox 599 1371 826 1464; x_wconf 80' lang='lat' dir='ltr'>continetur,</span> <span class='ocrx_word' id='word_1_45' title='bbox 840 1399 956 1478; x_wconf 89' lang='lat' dir='ltr'>qnaro</span> <span class='ocrx_word' id='word_1_46' title='bbox 967 1371 1276 1481; x_wconf 86' lang='lat' dir='ltr'>supplicaverunt</span> <span class='ocrx_word' id='word_1_47' title='bbox 1290 1372 1491 1480; x_wconf 86' lang='lat' dir='ltr'>superbiis</span> <span class='ocrx_word' id='word_1_48' title='bbox 1504 1370 1668 1480; x_wconf 82' lang='lat' dir='ltr'>inquiri,</span> <span class='ocrx_word' id='word_1_49' title='bbox 1686 1387 1724 1447; x_wconf 88' lang='lat' dir='ltr'>et</span> <span class='ocrx_word' id='word_1_50' title='bbox 1736 1370 1936 1448; x_wconf 80' lang='lat' dir='ltr'>emendam</span> 
     </span>
     <span class='ocr_line' id='line_1_7' title="bbox 499 1500 1936 1614; baseline 0 -34"><span class='ocrx_word' id='word_1_51' title='bbox 499 1501 728 1610; x_wconf 80' lang='lat' dir='ltr'>condignam</span> <span class='ocrx_word' id='word_1_52' title='bbox 740 1500 893 1596; x_wconf 89' lang='lat' dir='ltr'>lieri,st</span> <span class='ocrx_word' id='word_1_53' title='bbox 905 1503 1069 1611; x_wconf 81' lang='lat' dir='ltr'>dampna</span> <span class='ocrx_word' id='word_1_54' title='bbox 1077 1533 1120 1583; x_wconf 88' lang='lat' dir='ltr'>ac</span> <span class='ocrx_word' id='word_1_55' title='bbox 1132 1505 1329 1612; x_wconf 88' lang='lat' dir='ltr'>deperdita</span> <span class='ocrx_word' id='word_1_56' title='bbox 1342 1503 1565 1614; x_wconf 88' lang='lat' dir='ltr'>hujusmodi</span> <span class='ocrx_word' id='word_1_57' title='bbox 1577 1502 1650 1582; x_wconf 90' lang='lat' dir='ltr'>sibi</span> <span class='ocrx_word' id='word_1_58' title='bbox 1661 1501 1772 1580; x_wconf 90' lang='lat' dir='ltr'>reddi</span> <span class='ocrx_word' id='word_1_59' title='bbox 1787 1530 1856 1580; x_wconf 89' lang='lat' dir='ltr'>seu</span> <span class='ocrx_word' id='word_1_60' title='bbox 1867 1531 1936 1580; x_wconf 78' lang='lat' dir='ltr'>res</span> 
     </span>
     <span class='ocr_line' id='line_1_8' title="bbox 498 1634 1932 1744; baseline -0.001 -31"><span class='ocrx_word' id='word_1_61' title='bbox 498 1635 603 1729; x_wconf 88' lang='lat' dir='ltr'>titui,</span> <span class='ocrx_word' id='word_1_62' title='bbox 625 1653 664 1714; x_wconf 89' lang='lat' dir='ltr'>et</span> <span class='ocrx_word' id='word_1_63' title='bbox 681 1635 785 1743; x_wconf 89' lang='lat' dir='ltr'>ipsos</span> <span class='ocrx_word' id='word_1_64' title='bbox 804 1634 980 1716; x_wconf 86' lang='lat' dir='ltr'>consules</span> <span class='ocrx_word' id='word_1_65' title='bbox 996 1663 1111 1744; x_wconf 86' lang='lat' dir='ltr'>super</span> <span class='ocrx_word' id='word_1_66' title='bbox 1130 1636 1203 1715; x_wconf 90' lang='lat' dir='ltr'>hiis</span> <span class='ocrx_word' id='word_1_67' title='bbox 1221 1635 1493 1744; x_wconf 87' lang='lat' dir='ltr'>condempnari</span> <span class='ocrx_word' id='word_1_68' title='bbox 1510 1649 1681 1744; x_wconf 88' lang='lat' dir='ltr'>proutet</span> <span class='ocrx_word' id='word_1_69' title='bbox 1696 1635 1932 1742; x_wconf 87' lang='lat' dir='ltr'>inquantum</span> 
     </span>
     <span class='ocr_line' id='line_1_9' title="bbox 494 1766 1933 1876; baseline -0.001 -30"><span class='ocrx_word' id='word_1_70' title='bbox 494 1768 648 1876; x_wconf 87' lang='lat' dir='ltr'>justicia</span> <span class='ocrx_word' id='word_1_71' title='bbox 672 1768 868 1857; x_wconf 78' lang='lat' dir='ltr'>suaderet3</span> <span class='ocrx_word' id='word_1_72' title='bbox 899 1769 1011 1848; x_wconf 89' lang='lat' dir='ltr'>dictis</span> <span class='ocrx_word' id='word_1_73' title='bbox 1040 1768 1261 1848; x_wconf 86' lang='lat' dir='ltr'>consulibus</span> <span class='ocrx_word' id='word_1_74' title='bbox 1291 1769 1330 1846; x_wconf 89' lang='lat' dir='ltr'>in</span> <span class='ocrx_word' id='word_1_75' title='bbox 1358 1769 1591 1847; x_wconf 87' lang='lat' dir='ltr'>contrarium</span> <span class='ocrx_word' id='word_1_76' title='bbox 1615 1766 1933 1875; x_wconf 86' lang='lat' dir='ltr'>proponentibus,</span> 
     </span>
     <span class='ocr_line' id='line_1_10' title="bbox 500 1898 1932 2008; baseline -0.001 -32"><span class='ocrx_word' id='word_1_77' title='bbox 500 1916 540 1976; x_wconf 89' lang='lat' dir='ltr'>et</span> <span class='ocrx_word' id='word_1_78' title='bbox 556 1898 729 2006; x_wconf 86' lang='lat' dir='ltr'>pluribus</span> <span class='ocrx_word' id='word_1_79' title='bbox 748 1899 964 1979; x_wconf 75' lang='lat' dir='ltr'>nacionibus</span> <span class='ocrx_word' id='word_1_80' title='bbox 983 1900 1200 1980; x_wconf 75' lang='lat' dir='ltr'>dicentibus</span> <span class='ocrx_word' id='word_1_81' title='bbox 1219 1899 1337 2008; x_wconf 88' lang='lat' dir='ltr'>petita</span> <span class='ocrx_word' id='word_1_82' title='bbox 1355 1899 1438 1979; x_wconf 87' lang='lat' dir='ltr'>lieri</span> <span class='ocrx_word' id='word_1_83' title='bbox 1461 1929 1540 1979; x_wconf 92' lang='lat' dir='ltr'>non</span> <span class='ocrx_word' id='word_1_84' title='bbox 1561 1899 1724 1980; x_wconf 85' lang='lat' dir='ltr'>debere:</span> <span class='ocrx_word' id='word_1_85' title='bbox 1745 1899 1932 1987; x_wconf 84' lang='lat' dir='ltr'>Tandem,</span> 
     </span>
    </p>

    <p class='ocr_par' dir='ltr' id='par_1_3' title="bbox 498 2003 1979 2800">
     <span class='ocr_line' id='line_1_11' title="bbox 501 2003 1979 2142; baseline -0.001 -35"><span class='ocrx_word' id='word_1_86' title='bbox 501 2030 644 2110; x_wconf 87' lang='lat' dir='ltr'>auditis.</span> <span class='ocrx_word' id='word_1_87' title='bbox 661 2031 840 2111; x_wconf 88' lang='lat' dir='ltr'>omnibus</span> <span class='ocrx_word' id='word_1_88' title='bbox 858 2062 935 2141; x_wconf 90' lang='lat' dir='ltr'>que</span> <span class='ocrx_word' id='word_1_89' title='bbox 952 2031 1050 2111; x_wconf 89' lang='lat' dir='ltr'>dicte</span> <span class='ocrx_word' id='word_1_90' title='bbox 1069 2049 1194 2142; x_wconf 89' lang='lat' dir='ltr'>partes</span> <span class='ocrx_word' id='word_1_91' title='bbox 1211 2033 1299 2111; x_wconf 91' lang='lat' dir='ltr'>hinc</span> <span class='ocrx_word' id='word_1_92' title='bbox 1319 2033 1410 2111; x_wconf 90' lang='lat' dir='ltr'>inde</span> <span class='ocrx_word' id='word_1_93' title='bbox 1430 2058 1646 2141; x_wconf 87' lang='lat' dir='ltr'>proponere</span> <span class='ocrx_word' id='word_1_94' title='bbox 1664 2030 1884 2119; x_wconf 83' lang='lat' dir='ltr'>voluerunt,</span> <span class='ocrx_word' id='word_1_95' title='bbox 1900 2048 1936 2107; x_wconf 90' lang='lat' dir='ltr'>ct</span> <span class='ocrx_word' id='word_1_96' title='bbox 1972 2003 1979 2025; x_wconf 55' lang='lat'><strong><em>⁹</em></strong></span> 
     </span>
     <span class='ocr_line' id='line_1_12' title="bbox 502 2161 1935 2273; baseline 0.001 -35"><span class='ocrx_word' id='word_1_97' title='bbox 502 2163 688 2269; x_wconf 85' lang='lat' dir='ltr'>inquestis</span> <span class='ocrx_word' id='word_1_98' title='bbox 700 2182 738 2241; x_wconf 91' lang='lat' dir='ltr'>et</span> <span class='ocrx_word' id='word_1_99' title='bbox 749 2163 1003 2272; x_wconf 79' lang='lat' dir='ltr'>processibus,</span> <span class='ocrx_word' id='word_1_100' title='bbox 1019 2165 1126 2244; x_wconf 87' lang='lat' dir='ltr'>Iactis</span> <span class='ocrx_word' id='word_1_101' title='bbox 1139 2194 1253 2273; x_wconf 90' lang='lat' dir='ltr'>super</span> <span class='ocrx_word' id='word_1_102' title='bbox 1267 2165 1464 2272; x_wconf 85' lang='lat' dir='ltr'>predictis,</span> <span class='ocrx_word' id='word_1_103' title='bbox 1482 2165 1570 2244; x_wconf 84' lang='lat' dir='ltr'>visis</span> <span class='ocrx_word' id='word_1_104' title='bbox 1585 2180 1625 2242; x_wconf 87' lang='lat' dir='ltr'>ct</span> <span class='ocrx_word' id='word_1_105' title='bbox 1639 2161 1845 2273; x_wconf 84' lang='lat' dir='ltr'>diligenter</span> <span class='ocrx_word' id='word_1_106' title='bbox 1857 2190 1935 2240; x_wconf 84' lang='lat' dir='ltr'>exa-</span> 
     </span>
     <span class='ocr_line' id='line_1_13' title="bbox 501 2293 1935 2406; baseline -0.001 -34"><span class='ocrx_word' id='word_1_107' title='bbox 501 2294 669 2384; x_wconf 85' lang='lat' dir='ltr'>minatis,</span> <span class='ocrx_word' id='word_1_108' title='bbox 685 2295 776 2376; x_wconf 91' lang='lat' dir='ltr'>dieti</span> <span class='ocrx_word' id='word_1_109' title='bbox 789 2296 964 2376; x_wconf 88' lang='lat' dir='ltr'>consules</span> <span class='ocrx_word' id='word_1_110' title='bbox 975 2313 1015 2376; x_wconf 87' lang='lat' dir='ltr'>et</span> <span class='ocrx_word' id='word_1_111' title='bbox 1028 2299 1283 2376; x_wconf 87' lang='lat' dir='ltr'>communitas</span> <span class='ocrx_word' id='word_1_112' title='bbox 1297 2297 1386 2376; x_wconf 80' lang='lat' dir='ltr'>ville</span> <span class='ocrx_word' id='word_1_113' title='bbox 1403 2295 1617 2406; x_wconf 80' lang='lat' dir='ltr'>Moyssisci,</span> <span class='ocrx_word' id='word_1_114' title='bbox 1630 2325 1745 2402; x_wconf 88' lang='lat' dir='ltr'>super</span> <span class='ocrx_word' id='word_1_115' title='bbox 1760 2293 1935 2402; x_wconf 83' lang='lat' dir='ltr'>predictis</span> 
     </span>
     <span class='ocr_line' id='line_1_14' title="bbox 499 2427 1935 2538; baseline 0 -36"><span class='ocrx_word' id='word_1_116' title='bbox 499 2427 569 2534; x_wconf 86' lang='lat' dir='ltr'>ipsi</span> <span class='ocrx_word' id='word_1_117' title='bbox 585 2428 824 2538; x_wconf 83' lang='lat' dir='ltr'>Raymunde,</span> <span class='ocrx_word' id='word_1_118' title='bbox 842 2429 999 2509; x_wconf 91' lang='lat' dir='ltr'>nomine</span> <span class='ocrx_word' id='word_1_119' title='bbox 1011 2458 1091 2537; x_wconf 94' lang='lat' dir='ltr'>quo</span> <span class='ocrx_word' id='word_1_120' title='bbox 1104 2459 1235 2538; x_wconf 87' lang='lat' dir='ltr'>supra,</span> <span class='ocrx_word' id='word_1_121' title='bbox 1251 2431 1292 2506; x_wconf 90' lang='lat' dir='ltr'>in</span> <span class='ocrx_word' id='word_1_122' title='bbox 1305 2429 1435 2508; x_wconf 85' lang='lat' dir='ltr'>novies</span> <span class='ocrx_word' id='word_1_123' title='bbox 1450 2446 1607 2508; x_wconf 87' lang='lat' dir='ltr'>contum</span> <span class='ocrx_word' id='word_1_124' title='bbox 1621 2427 1728 2508; x_wconf 88' lang='lat' dir='ltr'>libris</span> <span class='ocrx_word' id='word_1_125' title='bbox 1741 2427 1935 2506; x_wconf 81' lang='lat' dir='ltr'>Turonen</span> 
     </span>
     <span class='ocr_line' id='line_1_15' title="bbox 498 2558 1936 2670; baseline 0 -34"><span class='ocrx_word' id='word_1_126' title='bbox 498 2558 620 2652; x_wconf 89' lang='lat' dir='ltr'>sibus,</span> <span class='ocrx_word' id='word_1_127' title='bbox 642 2577 681 2640; x_wconf 88' lang='lat' dir='ltr'>et</span> <span class='ocrx_word' id='word_1_128' title='bbox 700 2561 827 2651; x_wconf 86' lang='lat' dir='ltr'>nobis,</span> <span class='ocrx_word' id='word_1_129' title='bbox 844 2590 916 2669; x_wconf 87' lang='lat' dir='ltr'>pm</span> <span class='ocrx_word' id='word_1_130' title='bbox 937 2563 1100 2640; x_wconf 88' lang='lat' dir='ltr'>emenda</span> <span class='ocrx_word' id='word_1_131' title='bbox 1120 2580 1264 2652; x_wconf 87' lang='lat' dir='ltr'>nostra,</span> <span class='ocrx_word' id='word_1_132' title='bbox 1285 2563 1325 2639; x_wconf 92' lang='lat' dir='ltr'>in</span> <span class='ocrx_word' id='word_1_133' title='bbox 1346 2561 1562 2670; x_wconf 80' lang='lat' dir='ltr'>quingentis</span> <span class='ocrx_word' id='word_1_134' title='bbox 1579 2558 1688 2638; x_wconf 90' lang='lat' dir='ltr'>libris</span> <span class='ocrx_word' id='word_1_135' title='bbox 1708 2558 1936 2638; x_wconf 89' lang='lat' dir='ltr'>Turonensi-</span> 
     </span>
     <span class='ocr_line' id='line_1_16' title="bbox 499 2691 1932 2800; baseline -0.001 -32"><span class='ocrx_word' id='word_1_136' title='bbox 499 2691 590 2781; x_wconf 90' lang='lat' dir='ltr'>bus,</span> <span class='ocrx_word' id='word_1_137' title='bbox 606 2721 675 2797; x_wconf 93' lang='lat' dir='ltr'>per</span> <span class='ocrx_word' id='word_1_138' title='bbox 691 2693 795 2772; x_wconf 92' lang='lat' dir='ltr'>curie</span> <span class='ocrx_word' id='word_1_139' title='bbox 814 2709 943 2771; x_wconf 88' lang='lat' dir='ltr'>nostre</span> <span class='ocrx_word' id='word_1_140' title='bbox 953 2693 1164 2800; x_wconf 89' lang='lat' dir='ltr'>judicium,</span> <span class='ocrx_word' id='word_1_141' title='bbox 1184 2693 1464 2772; x_wconf 74' lang='lat' dir='ltr'>sentencialiter</span> <span class='ocrx_word' id='word_1_142' title='bbox 1481 2692 1749 2800; x_wconf 89' lang='lat' dir='ltr'>condempnati</span> <span class='ocrx_word' id='word_1_143' title='bbox 1767 2691 1932 2770; x_wconf 81' lang='lat' dir='ltr'>luerunt.</span> 
     </span>
    </p>

    <p class='ocr_par' dir='ltr' id='par_1_4' title="bbox 557 2824 1653 2933">
     <span class='ocr_line' id='line_1_17' title="bbox 557 2824 1653 2933; baseline 0.003 -34"><span class='ocrx_word' id='word_1_144' title='bbox 557 2824 658 2900; x_wconf 82' lang='lat' dir='ltr'>lovis</span> <span class='ocrx_word' id='word_1_145' title='bbox 673 2841 758 2902; x_wconf 90' lang='lat' dir='ltr'>ante</span> <span class='ocrx_word' id='word_1_146' title='bbox 777 2825 1082 2918; x_wconf 85' lang='lat' dir='ltr'>Pentheoostem,</span> <span class='ocrx_word' id='word_1_147' title='bbox 1107 2854 1206 2905; x_wconf 89' lang='lat' dir='ltr'>anno</span> <span class='ocrx_word' id='word_1_148' title='bbox 1225 2825 1491 2906; x_wconf 82' lang='lat' dir='ltr'>trecentesimo</span> <span class='ocrx_word' id='word_1_149' title='bbox 1507 2841 1653 2933; x_wconf 85' lang='lat' dir='ltr'>quarto.</span> 
     </span>
    </p>
   </div>
   <div class='ocr_carea' id='block_1_3' title="bbox 501 3087 1935 3860">
    <p class='ocr_par' dir='ltr' id='par_1_5' title="bbox 501 3087 1935 3698">
     <span class='ocr_line' id='line_1_18' title="bbox 560 3087 1935 3197; baseline 0.002 -33"><span class='ocrx_word' id='word_1_150' title='bbox 560 3087 685 3164; x_wconf 87' lang='lat' dir='ltr'><strong>XXIII.</strong></span> <span class='ocrx_word' id='word_1_151' title='bbox 716 3087 801 3165; x_wconf 92' lang='lat' dir='ltr'>Due</span> <span class='ocrx_word' id='word_1_152' title='bbox 815 3115 927 3194; x_wconf 85' lang='lat' dir='ltr'>parve</span> <span class='ocrx_word' id='word_1_153' title='bbox 941 3087 1231 3166; x_wconf 82' lang='lat' dir='ltr'>informaciones</span> <span class='ocrx_word' id='word_1_154' title='bbox 1245 3087 1340 3167; x_wconf 85' lang='lat' dir='ltr'>lacte</span> <span class='ocrx_word' id='word_1_155' title='bbox 1356 3118 1470 3197; x_wconf 87' lang='lat' dir='ltr'>super</span> <span class='ocrx_word' id='word_1_156' title='bbox 1485 3089 1652 3197; x_wconf 84' lang='lat' dir='ltr'>minagio</span> <span class='ocrx_word' id='word_1_157' title='bbox 1670 3089 1875 3168; x_wconf 87' lang='lat' dir='ltr'>Pictavensi</span> <span class='ocrx_word' id='word_1_158' title='bbox 1890 3089 1935 3167; x_wconf 90' lang='lat' dir='ltr'>ad</span> 
     </span>
     <span class='ocr_line' id='line_1_19' title="bbox 504 3217 1933 3327; baseline 0.003 -32"><span class='ocrx_word' id='word_1_159' title='bbox 504 3217 614 3295; x_wconf 90' lang='lat' dir='ltr'>illum</span> <span class='ocrx_word' id='word_1_160' title='bbox 640 3218 786 3296; x_wconf 86' lang='lat' dir='ltr'>finem:</span> <span class='ocrx_word' id='word_1_161' title='bbox 807 3220 847 3298; x_wconf 88' lang='lat' dir='ltr'>Si</span> <span class='ocrx_word' id='word_1_162' title='bbox 873 3218 1051 3298; x_wconf 90' lang='lat' dir='ltr'>dominus</span> <span class='ocrx_word' id='word_1_163' title='bbox 1077 3222 1154 3297; x_wconf 83' lang='lat' dir='ltr'>Rex</span> <span class='ocrx_word' id='word_1_164' title='bbox 1178 3220 1218 3298; x_wconf 89' lang='lat' dir='ltr'>in</span> <span class='ocrx_word' id='word_1_165' title='bbox 1245 3222 1315 3299; x_wconf 86' lang='lat' dir='ltr'>hac</span> <span class='ocrx_word' id='word_1_166' title='bbox 1341 3250 1451 3300; x_wconf 88' lang='lat' dir='ltr'>causa</span> <span class='ocrx_word' id='word_1_167' title='bbox 1479 3219 1617 3298; x_wconf 87' lang='lat' dir='ltr'>debeat</span> <span class='ocrx_word' id='word_1_168' title='bbox 1640 3237 1786 3327; x_wconf 89' lang='lat' dir='ltr'>partem</span> <span class='ocrx_word' id='word_1_169' title='bbox 1816 3219 1933 3299; x_wconf 85' lang='lat' dir='ltr'>Iacere</span> 
     </span>
     <span class='ocr_line' id='line_1_20' title="bbox 502 3350 1931 3462; baseline 0.001 -32"><span class='ocrx_word' id='word_1_170' title='bbox 502 3379 589 3430; x_wconf 88' lang='lat' dir='ltr'>cum</span> <span class='ocrx_word' id='word_1_171' title='bbox 604 3350 801 3430; x_wconf 84' lang='lat' dir='ltr'>monachis</span> <span class='ocrx_word' id='word_1_172' title='bbox 817 3352 866 3430; x_wconf 89' lang='lat' dir='ltr'>de</span> <span class='ocrx_word' id='word_1_173' title='bbox 883 3352 999 3443; x_wconf 89' lang='lat' dir='ltr'>Pinu,</span> <span class='ocrx_word' id='word_1_174' title='bbox 1016 3370 1146 3432; x_wconf 89' lang='lat' dir='ltr'>eontra</span> <span class='ocrx_word' id='word_1_175' title='bbox 1161 3354 1346 3462; x_wconf 86' lang='lat' dir='ltr'>majorem</span> <span class='ocrx_word' id='word_1_176' title='bbox 1362 3369 1401 3431; x_wconf 85' lang='lat' dir='ltr'>et</span> <span class='ocrx_word' id='word_1_177' title='bbox 1418 3353 1674 3432; x_wconf 90' lang='lat' dir='ltr'>communiam</span> <span class='ocrx_word' id='word_1_178' title='bbox 1691 3353 1931 3444; x_wconf 86' lang='lat' dir='ltr'>Pictavenses,</span> 
     </span>
     <span class='ocr_line' id='line_1_21' title="bbox 502 3457 1935 3596; baseline 0.001 -35"><span class='ocrx_word' id='word_1_179' title='bbox 502 3499 556 3573; x_wconf 89' lang='lat' dir='ltr'>et,</span> <span class='ocrx_word' id='word_1_180' title='bbox 575 3484 666 3590; x_wconf 87' lang='lat' dir='ltr'>quia</span> <span class='ocrx_word' id='word_1_181' title='bbox 685 3483 805 3561; x_wconf 78' lang='lat' dir='ltr'>nichil</span> <span class='ocrx_word' id='word_1_182' title='bbox 823 3457 966 3575; x_wconf 78' lang='lat' dir='ltr'>valent,</span> <span class='ocrx_word' id='word_1_183' title='bbox 987 3513 1064 3564; x_wconf 91' lang='lat' dir='ltr'>non</span> <span class='ocrx_word' id='word_1_184' title='bbox 1080 3484 1238 3566; x_wconf 85' lang='lat' dir='ltr'>fuerunt</span> <span class='ocrx_word' id='word_1_185' title='bbox 1250 3486 1435 3596; x_wconf 86' lang='lat' dir='ltr'>judicate,</span> <span class='ocrx_word' id='word_1_186' title='bbox 1457 3504 1515 3564; x_wconf 88' lang='lat' dir='ltr'>set</span> <span class='ocrx_word' id='word_1_187' title='bbox 1533 3515 1643 3564; x_wconf 84' lang='lat' dir='ltr'>causa</span> <span class='ocrx_word' id='word_1_188' title='bbox 1663 3485 1867 3594; x_wconf 85' lang='lat' dir='ltr'>superbae</span> <span class='ocrx_word' id='word_1_189' title='bbox 1882 3501 1935 3563; x_wconf 87' lang='lat' dir='ltr'>est</span> 
     </span>
     <span class='ocr_line' id='line_1_22' title="bbox 501 3616 1281 3698; baseline 0.006 -7"><span class='ocrx_word' id='word_1_190' title='bbox 501 3616 658 3696; x_wconf 87' lang='lat' dir='ltr'>remissa</span> <span class='ocrx_word' id='word_1_191' title='bbox 676 3616 725 3696; x_wconf 89' lang='lat' dir='ltr'>ad</span> <span class='ocrx_word' id='word_1_192' title='bbox 744 3616 994 3696; x_wconf 77' lang='lat' dir='ltr'>senescallum</span> <span class='ocrx_word' id='word_1_193' title='bbox 1013 3617 1281 3698; x_wconf 87' lang='lat' dir='ltr'>Pictavensem.</span> 
     </span>
    </p>

    <p class='ocr_par' dir='ltr' id='par_1_6' title="bbox 559 3745 1708 3860">
     <span class='ocr_line' id='line_1_23' title="bbox 559 3745 1708 3860; baseline -0.003 -28"><span class='ocrx_word' id='word_1_194' title='bbox 559 3745 713 3843; x_wconf 76' lang='lat' dir='ltr'>sabbati</span> <span class='ocrx_word' id='word_1_195' title='bbox 732 3765 821 3854; x_wconf 90' lang='lat' dir='ltr'>post</span> <span class='ocrx_word' id='word_1_196' title='bbox 835 3749 1146 3844; x_wconf 85' lang='lat' dir='ltr'>Pentheeostem,</span> <span class='ocrx_word' id='word_1_197' title='bbox 1162 3779 1260 3830; x_wconf 88' lang='lat' dir='ltr'>anno</span> <span class='ocrx_word' id='word_1_198' title='bbox 1275 3751 1542 3832; x_wconf 88' lang='lat' dir='ltr'>trecentesimo</span> <span class='ocrx_word' id='word_1_199' title='bbox 1560 3768 1708 3860; x_wconf 88' lang='lat' dir='ltr'>quarto.</span> 
     </span>
    </p>
   </div>
   <div class='ocr_carea' id='block_1_4' title="bbox 449 4011 1933 5182">
    <p class='ocr_par' dir='ltr' id='par_1_7' title="bbox 503 4011 1933 4520">
     <span class='ocr_line' id='line_1_24' title="bbox 559 4011 1933 4106; baseline 0.001 -16"><span class='ocrx_word' id='word_1_200' title='bbox 559 4011 685 4091; x_wconf 86' lang='lat' dir='ltr'><strong>XXIV.</strong></span> <span class='ocrx_word' id='word_1_201' title='bbox 717 4011 817 4088; x_wconf 86' lang='lat' dir='ltr'>Cum</span> <span class='ocrx_word' id='word_1_202' title='bbox 829 4011 1062 4093; x_wconf 89' lang='lat' dir='ltr'>Guillelmus</span> <span class='ocrx_word' id='word_1_203' title='bbox 1073 4013 1282 4106; x_wconf 86' lang='lat' dir='ltr'>Rousselli,</span> <span class='ocrx_word' id='word_1_204' title='bbox 1300 4015 1388 4094; x_wconf 90' lang='lat' dir='ltr'>civis</span> <span class='ocrx_word' id='word_1_205' title='bbox 1401 4013 1702 4105; x_wconf 82' lang='lat' dir='ltr'>Aurelianensis,</span> <span class='ocrx_word' id='word_1_206' title='bbox 1719 4014 1832 4094; x_wconf 88' lang='lat' dir='ltr'>nobis</span> <span class='ocrx_word' id='word_1_207' title='bbox 1848 4043 1933 4094; x_wconf 89' lang='lat' dir='ltr'>oon·</span> 
     </span>
     <span class='ocr_line' id='line_1_25' title="bbox 504 4141 1932 4256; baseline 0.001 -36"><span class='ocrx_word' id='word_1_208' title='bbox 504 4158 661 4250; x_wconf 90' lang='lat' dir='ltr'>questus</span> <span class='ocrx_word' id='word_1_209' title='bbox 684 4141 817 4221; x_wconf 86' lang='lat' dir='ltr'>suisset</span> <span class='ocrx_word' id='word_1_210' title='bbox 840 4145 945 4250; x_wconf 90' lang='lat' dir='ltr'>quod</span> <span class='ocrx_word' id='word_1_211' title='bbox 968 4145 1068 4252; x_wconf 86' lang='lat' dir='ltr'>ipse,</span> <span class='ocrx_word' id='word_1_212' title='bbox 1096 4145 1139 4224; x_wconf 93' lang='lat' dir='ltr'>in</span> <span class='ocrx_word' id='word_1_213' title='bbox 1160 4146 1409 4226; x_wconf 88' lang='lat' dir='ltr'>conducendo</span> <span class='ocrx_word' id='word_1_214' title='bbox 1433 4146 1601 4225; x_wconf 89' lang='lat' dir='ltr'>adesiam</span> <span class='ocrx_word' id='word_1_215' title='bbox 1625 4174 1740 4256; x_wconf 85' lang='lat' dir='ltr'>quem</span> <span class='ocrx_word' id='word_1_216' title='bbox 1755 4145 1857 4254; x_wconf 88' lang='lat' dir='ltr'>ipse,</span> <span class='ocrx_word' id='word_1_217' title='bbox 1886 4145 1932 4223; x_wconf 91' lang='lat' dir='ltr'>de</span> 
     </span>
     <span class='ocr_line' id='line_1_26' title="bbox 503 4274 1931 4389; baseline 0.001 -37"><span class='ocrx_word' id='word_1_218' title='bbox 503 4275 682 4354; x_wconf 86' lang='lat' dir='ltr'>mandato</span> <span class='ocrx_word' id='word_1_219' title='bbox 691 4274 819 4355; x_wconf 87' lang='lat' dir='ltr'>ballivi</span> <span class='ocrx_word' id='word_1_220' title='bbox 829 4279 1331 4370; x_wconf 85' lang='lat' dir='ltr'>tuncTur·onensis,emerat</span> <span class='ocrx_word' id='word_1_221' title='bbox 1340 4279 1388 4357; x_wconf 85' lang='lat' dir='ltr'>ad</span> <span class='ocrx_word' id='word_1_222' title='bbox 1397 4309 1495 4389; x_wconf 92' lang='lat' dir='ltr'>opus</span> <span class='ocrx_word' id='word_1_223' title='bbox 1508 4279 1712 4358; x_wconf 91' lang='lat' dir='ltr'>domorum</span> <span class='ocrx_word' id='word_1_224' title='bbox 1722 4296 1931 4357; x_wconf 85' lang='lat' dir='ltr'>nostrarum</span> 
     </span>
     <span class='ocr_line' id='line_1_27' title="bbox 503 4406 1931 4520; baseline 0.001 -35"><span class='ocrx_word' id='word_1_225' title='bbox 503 4406 551 4486; x_wconf 91' lang='lat' dir='ltr'>de</span> <span class='ocrx_word' id='word_1_226' title='bbox 572 4408 849 4501; x_wconf 87' lang='lat' dir='ltr'>Castro-Novo,</span> <span class='ocrx_word' id='word_1_227' title='bbox 870 4409 1081 4516; x_wconf 88' lang='lat' dir='ltr'>plurimum</span> <span class='ocrx_word' id='word_1_228' title='bbox 1100 4411 1392 4520; x_wconf 85' lang='lat' dir='ltr'>dampnificatus</span> <span class='ocrx_word' id='word_1_229' title='bbox 1408 4411 1533 4491; x_wconf 86' lang='lat' dir='ltr'>fuerat</span> <span class='ocrx_word' id='word_1_230' title='bbox 1551 4412 1591 4490; x_wconf 92' lang='lat' dir='ltr'>in</span> <span class='ocrx_word' id='word_1_231' title='bbox 1611 4411 1814 4490; x_wconf 85' lang='lat' dir='ltr'>amissione</span> <span class='ocrx_word' id='word_1_232' title='bbox 1835 4411 1931 4488; x_wconf 85' lang='lat' dir='ltr'>dicte</span> 
     </span>
    </p>

    <p class='ocr_par' dir='ltr' id='par_1_8' title="bbox 449 4539 1930 5182">
     <span class='ocr_line' id='line_1_28' title="bbox 481 4539 1930 4653; baseline 0.003 -37"><span class='ocrx_word' id='word_1_233' title='bbox 481 4539 649 4635; x_wconf 83' lang='lat' dir='ltr'>adesis,</span> <span class='ocrx_word' id='word_1_234' title='bbox 672 4541 815 4649; x_wconf 88' lang='lat' dir='ltr'>absque</span> <span class='ocrx_word' id='word_1_235' title='bbox 834 4542 945 4650; x_wconf 90' lang='lat' dir='ltr'>culpa</span> <span class='ocrx_word' id='word_1_236' title='bbox 968 4543 1161 4653; x_wconf 88' lang='lat' dir='ltr'>ejusdem,</span> <span class='ocrx_word' id='word_1_237' title='bbox 1185 4574 1255 4652; x_wconf 89' lang='lat' dir='ltr'>per</span> <span class='ocrx_word' id='word_1_238' title='bbox 1276 4543 1531 4623; x_wconf 79' lang='lat' dir='ltr'>subversionis</span> <span class='ocrx_word' id='word_1_239' title='bbox 1556 4543 1826 4637; x_wconf 85' lang='lat' dir='ltr'>infortunium,</span> <span class='ocrx_word' id='word_1_240' title='bbox 1850 4571 1930 4621; x_wconf 75' lang='lat' dir='ltr'>neo</span> 
     </span>
     <span class='ocr_line' id='line_1_29' title="bbox 449 4672 1930 4784; baseline 0.003 -37"><span class='ocrx_word' id='word_1_241' title='bbox 449 4701 452 4707; x_wconf 77' lang='grc'>’</span> <span class='ocrx_word' id='word_1_242' title='bbox 502 4698 582 4748; x_wconf 93' lang='lat' dir='ltr'>non</span> <span class='ocrx_word' id='word_1_243' title='bbox 600 4672 642 4748; x_wconf 92' lang='lat' dir='ltr'>in</span> <span class='ocrx_word' id='word_1_244' title='bbox 661 4673 743 4781; x_wconf 88' lang='lat' dir='ltr'>ejus</span> <span class='ocrx_word' id='word_1_245' title='bbox 761 4673 942 4753; x_wconf 79' lang='lat' dir='ltr'>fractione</span> <span class='ocrx_word' id='word_1_246' title='bbox 966 4693 1005 4754; x_wconf 89' lang='lat' dir='ltr'>et</span> <span class='ocrx_word' id='word_1_247' title='bbox 1022 4677 1123 4754; x_wconf 86' lang='lat' dir='ltr'>mala</span> <span class='ocrx_word' id='word_1_248' title='bbox 1141 4676 1445 4784; x_wconf 84' lang='lat' dir='ltr'>computacione,</span> <span class='ocrx_word' id='word_1_249' title='bbox 1469 4707 1513 4755; x_wconf 88' lang='lat' dir='ltr'>ac</span> <span class='ocrx_word' id='word_1_250' title='bbox 1533 4677 1573 4754; x_wconf 89' lang='lat' dir='ltr'>in</span> <span class='ocrx_word' id='word_1_251' title='bbox 1594 4675 1767 4784; x_wconf 86' lang='lat' dir='ltr'>expensis</span> <span class='ocrx_word' id='word_1_252' title='bbox 1788 4691 1829 4754; x_wconf 93' lang='lat' dir='ltr'>et</span> <span class='ocrx_word' id='word_1_253' title='bbox 1845 4676 1930 4752; x_wconf 89' lang='lat' dir='ltr'>mis-</span> 
     </span>
     <span class='ocr_line' id='line_1_30' title="bbox 503 4801 1929 4916; baseline 0.004 -38"><span class='ocrx_word' id='word_1_254' title='bbox 503 4801 673 4882; x_wconf 87' lang='lat' dir='ltr'>sionibus</span> <span class='ocrx_word' id='word_1_255' title='bbox 686 4833 779 4911; x_wconf 87' lang='lat' dir='ltr'>quas</span> <span class='ocrx_word' id='word_1_256' title='bbox 790 4809 869 4913; x_wconf 88' lang='lat' dir='ltr'>ipse</span> <span class='ocrx_word' id='word_1_257' title='bbox 880 4836 950 4914; x_wconf 94' lang='lat' dir='ltr'>pro</span> <span class='ocrx_word' id='word_1_258' title='bbox 959 4809 1141 4915; x_wconf 80' lang='lat' dir='ltr'>predictis</span> <span class='ocrx_word' id='word_1_259' title='bbox 1152 4808 1305 4903; x_wconf 86' lang='lat' dir='ltr'>lecerat,</span> <span class='ocrx_word' id='word_1_260' title='bbox 1319 4826 1364 4886; x_wconf 92' lang='lat' dir='ltr'>ut</span> <span class='ocrx_word' id='word_1_261' title='bbox 1375 4809 1541 4902; x_wconf 89' lang='lat' dir='ltr'>dicebat,</span> <span class='ocrx_word' id='word_1_262' title='bbox 1559 4808 1758 4916; x_wconf 88' lang='lat' dir='ltr'>requirens</span> <span class='ocrx_word' id='word_1_263' title='bbox 1771 4807 1929 4916; x_wconf 86' lang='lat' dir='ltr'>dampna</span> 
     </span>
     <span class='ocr_line' id='line_1_31' title="bbox 503 4933 1928 5050; baseline 0.004 -40"><span class='ocrx_word' id='word_1_264' title='bbox 503 4933 725 5041; x_wconf 87' lang='lat' dir='ltr'>hujusmodi</span> <span class='ocrx_word' id='word_1_265' title='bbox 751 4937 825 5017; x_wconf 86' lang='lat' dir='ltr'>sibi</span> <span class='ocrx_word' id='word_1_266' title='bbox 849 4939 977 5029; x_wconf 89' lang='lat' dir='ltr'>reddi,</span> <span class='ocrx_word' id='word_1_267' title='bbox 1003 4958 1106 5020; x_wconf 90' lang='lat' dir='ltr'>etse</span> <span class='ocrx_word' id='word_1_268' title='bbox 1130 4969 1245 5050; x_wconf 87' lang='lat' dir='ltr'>super</span> <span class='ocrx_word' id='word_1_269' title='bbox 1266 4941 1341 5019; x_wconf 91' lang='lat' dir='ltr'>hoc</span> <span class='ocrx_word' id='word_1_270' title='bbox 1364 4941 1609 5049; x_wconf 78' lang='lat' dir='ltr'>indempnem</span> <span class='ocrx_word' id='word_1_271' title='bbox 1636 4939 1792 5030; x_wconf 80' lang='lat' dir='ltr'>servari3</span> <span class='ocrx_word' id='word_1_272' title='bbox 1818 4965 1928 5046; x_wconf 89' lang='lat' dir='ltr'>super</span> 
     </span>
     <span class='ocr_line' id='line_1_32' title="bbox 503 5055 1926 5182; baseline 0.003 -40"><span class='ocrx_word' id='word_1_273' title='bbox 503 5065 679 5172; x_wconf 87' lang='lat' dir='ltr'>dampnis</span> <span class='ocrx_word' id='word_1_274' title='bbox 703 5068 883 5174; x_wconf 89' lang='lat' dir='ltr'>predictis</span> <span class='ocrx_word' id='word_1_275' title='bbox 906 5068 1047 5178; x_wconf 87' lang='lat' dir='ltr'>inquiri</span> <span class='ocrx_word' id='word_1_276' title='bbox 1071 5070 1231 5151; x_wconf 85' lang='lat' dir='ltr'>lecimus</span> <span class='ocrx_word' id='word_1_277' title='bbox 1252 5073 1447 5150; x_wconf 85' lang='lat' dir='ltr'>veritatem</span> <span class='ocrx_word' id='word_1_278' title='bbox 1472 5104 1481 5148; x_wconf 76' lang='grc' dir='ltr'><strong>ε</strong></span> <span class='ocrx_word' id='word_1_279' title='bbox 1506 5073 1593 5154; x_wconf 87' lang='lat' dir='ltr'>Visa</span> <span class='ocrx_word' id='word_1_280' title='bbox 1616 5055 1730 5182; x_wconf 78' lang='lat' dir='ltr'>igitur</span> <span class='ocrx_word' id='word_1_281' title='bbox 1756 5070 1926 5180; x_wconf 83' lang='lat' dir='ltr'>inquesta</span> 
     </span>
    </p>
   </div>
   <div class='ocr_carea' id='block_1_5' title="bbox 0 0 2230 6209">
    <p class='ocr_par' dir='ltr' id='par_1_9' title="bbox 0 0 2230 6209">
     <span class='ocr_line' id='line_1_33' title="bbox 0 0 2230 6209; baseline 0 4"><span class='ocrx_word' id='word_1_282' title='bbox 0 0 2230 6209; x_wconf 95' lang='lat' dir='ltr'> </span> 
     </span>
    </p>
   </div>
  </div>
 </body>
</html>
