4450 6209
782 708 1052 820 nnootrns
1079 729 1144 800 nr
1170 709 1375 802 rnocns.
1725 725 1794 795 177

368 864 488 971 patrie
501 863 605 941 iliius
617 863 699 943 fore
718 867 981 975 dampnosam,
999 897 1068 978 per
1081 869 1185 948 curie
1199 886 1325 948 nostre
1338 867 1546 976 judicium,
1565 866 1709 944 dictum
1724 864 1797 942 fuit
1835 871 1964 928 Parnm
1978 875 2022 938 IV.

369 1013 407 1072 et
420 997 712 1101 pronunciatum
724 998 932 1104 predictam
946 1019 1162 1110 requestam
1178 1029 1256 1078 non
1272 997 1423 1078 esse'cis
1438 998 1732 1077 concedendam.
1898 966 1960 1008 lm

423 1126 582 1204 Veneris
599 1145 686 1232 post
696 1129 937 1206 Trinitatem.

425 1389 599 1474 XXXVII.
626 1393 747 1480 Cum,
765 1392 813 1470 de
833 1394 1012 1473 mandato
1028 1412 1172 1484 nostro,
1191 1396 1300 1502 Hugo
1316 1393 1363 1473 de
1383 1393 1654 1482 Catonianae,
1675 1418 1798 1496 quon-

371 1523 458 1600 dam
472 1522 634 1601 ballivus
646 1525 815 1612 Vitriaci,
830 1524 936 1602 curie
955 1541 1083 1604 nostre
1097 1526 1243 1603 miserit
1260 1525 1464 1632 quamdam
1480 1527 1692 1632 inquestarn
1708 1551 1795 1599 cum

370 1656 453 1762 ejus
464 1681 661 1761 processu,
679 1685 793 1763 qnam
811 1657 907 1762 ipse,
924 1674 1097 1763 tempore
1117 1684 1195 1763 quo
1215 1655 1287 1733 fuit
1305 1656 1465 1734 ballivus
1485 1656 1574 1734 dicti
1596 1655 1687 1743 Ioci,
1709 1652 1797 1730 fecit

369 1813 483 1890 super
500 1785 733 1891 prestatione
753 1812 884 1879 avene;
906 1813 973 1864 seu
998 1787 1114 1865 modo
1138 1788 1381 1893 prestationis
1405 1788 1594 1894 ejusdem,
1615 1784 1662 1862 ad
1683 1813 1796 1892 quam

370 1917 497 2004 nobis,
513 1917 661 1995 racione
676 1918 876 1996 comitatus
888 1918 1110 2023 Campania,
1127 1935 1306 1996 tenentur
1323 1919 1500 1996 homines
1515 1936 1677 2024 quatuor
1690 1916 1797 1993 villa-

369 2075 454 2124 rum
475 2047 738 2156 sequencium,
759 2048 903 2127 scilicet
919 2048 1009 2126 ville
1028 2049 1077 2125 de
1097 2047 1442 2142 Summa-Tourba,
1462 2049 1551 2127 ville
1573 2049 1621 2127 de
1642 2049 1802 2128 Sancto*

239 2287 243 2294 Ι
368 2179 768 2270 Iohanne-a·Tourbe,
786 2176 874 2257 ville
890 2180 938 2257 de
954 2180 1063 2257 Laud
1082 2195 1122 2257 et
1140 2181 1227 2258 ville
1248 2181 1296 2257 de
1309 2181 1601 2290 ·Verge-Molin:
1624 2179 1795 2258 Tandem

369 2309 443 2386 visa
455 2309 554 2388 dicta
566 2310 1003 2419 inquestaetdiiigentsr
1015 2313 1235 2399 examinata,
1249 2341 1318 2417 per
1330 2312 1433 2390 curie
1448 2328 1576 2390 nostre
1587 2311 1794 2417 judicium,

371 2439 514 2517 dictum
540 2439 616 2518 fuit
638 2439 828 2546 predictos
854 2441 1029 2518 homines
1054 2441 1166 2518 nobis
1189 2441 1379 2518 teneriad
1397 2441 1671 2546 prestacionsm
1697 2442 1796 2519 dicte

370 2598 503 2657 avene,
519 2572 728 2650 seeundum
746 2599 961 2649 mensuram
975 2569 1240 2650 tantummodo
1256 2570 1304 2648 ad
1321 2601 1436 2678 quam
1453 2571 1707 2650 communiter
1721 2573 1796 2650 ibi-

372 2701 460 2780 dem
475 2730 590 2779 arena
604 2702 643 2779 in
659 2701 743 2780 foro
760 2721 1010 2791 mensuratur,
1028 2732 1102 2810 que
1118 2701 1294 2782 videlicet
1309 2701 1479 2781 suta-fut
1492 2703 1693 2810 vulgariter
1705 2733 1799 2780 nun-

371 2850 538 2939 cupatur.
665 2874 670 2882 -

427 2966 585 3044 Veneris
602 2980 690 3073 post
707 2966 942 3045 Trinitatem.

427 3231 619 3312 XXXVIII.
649 3230 735 3308 Visa
759 3231 932 3337 inquesta
956 3259 1025 3337 per
1046 3230 1228 3308 ballivum
1254 3234 1517 3311 Turonensem
1543 3233 1646 3311 curie
1674 3252 1800 3311 nostre

371 3363 509 3440 tradita
527 3379 566 3438 et
585 3361 678 3439 facta
697 3361 746 3439 ad
765 3362 985 3438 instanciam
1011 3362 1157 3440 abbatis
1182 3380 1221 3439 et
1240 3381 1447 3441 conventus
1466 3364 1800 3472 Majoris-Monas-

372 3493 457 3597 terii
472 3493 723 3586 Turonensis,
743 3510 929 3572 eteorum
942 3493 1081 3599 prioris
1099 3493 1217 3571 sancti
1233 3493 1402 3572 Maelovii
1419 3495 1467 3572 de
1482 3495 1655 3573 Dinanno
1671 3512 1800 3572 contra

372 3626 578 3704 Henricum
605 3623 823 3734 d'Avaugor,
847 3623 1110 3715 domicellum,
1140 3626 1289 3734 racione
1316 3626 1523 3703 amocionis
1547 3626 1799 3734 quarumdam

373 3785 529 3834 murum
548 3785 623 3862 que
644 3773 748 3835 orant
766 3783 882 3862 super
901 3757 1129 3861 quibusdam
1147 3755 1327 3834 domibus
1346 3756 1426 3836 sitis
1445 3756 1546 3864 apud
1563 3757 1798 3845 Dinannum,

372 3915 442 3996 per
458 3886 665 3994 quemdam
684 3883 987 3964 commissarium
1005 3913 1073 3964 seu
1092 3885 1318 3965 servientem
1342 3897 1516 3966 nostrum
1538 3886 1648 3976 facte,
1673 3905 1712 3965 et
1733 3889 1803 3965 ho-

374 4018 521 4095 minum
547 4015 789 4121 manenoium
817 4015 858 4092 in
885 4016 995 4093 dictis
1021 4015 1224 4095 domibus:
1248 4017 1350 4116 Quia
1377 4044 1455 4096 non
1482 4016 1671 4096 invenitur
1694 4017 1802 4126 quod

375 4149 498 4228 dictus
525 4148 711 4225 Henricus
735 4146 776 4224 in
804 4176 847 4224 ea
872 4146 988 4225 fuerit
1013 4163 1179 4238 vocatus,
1209 4148 1308 4226 dicta
1332 4148 1522 4256 inquesta,
1550 4166 1734 4256 quantum
1751 4151 1803 4226 ad

374 4282 517 4390 ipsum,
542 4279 616 4357 init
635 4277 803 4357 totaliter
826 4278 1010 4368 anullataa
1035 4279 1265 4387 procedetur
1289 4297 1415 4358 tamen
1442 4280 1569 4358 adhuc
1592 4281 1631 4355 in
1658 4279 1803 4385 predic·

374 4414 441 4501 tis,
470 4409 679 4490 secundum
704 4409 865 4488 sormam
890 4411 1142 4517 quarumdam
1167 4409 1327 4487 aliarum
1353 4411 1545 4489 literarum
1558 4413 1799 4498 'naamanin

375 4571 469 4650 quas
487 4539 626 4621 ballivo
645 4539 860 4619 Turonensi
879 4539 1066 4618 mittimus
1084 4540 1135 4619 ob
1153 4540 1333 4648 predicta.

432 4674 589 4755 Veneris
607 4691 694 4780 post
709 4671 949 4751 Trinitatem.

432 4918 591 4998 XXXIX
623 4918 723 4998 Cum
748 4935 836 4999 orta
859 4917 991 4999 fnisset
1018 4918 1205 4998 discordia
1234 4918 1272 4996 in
1301 4917 1404 4998 curia
1422 4916 1586 5005 seculari
1615 4915 1741 4996 dilecti
1766 4936 1806 4995 et

378 5049 504 5130 fidelis
530 5048 649 5126 nostri
679 5049 847 5157 episoopi
875 5050 1177 5144 Aurelianensis,
1205 5050 1305 5130 inter
1332 5050 1455 5158 ipsum
1483 5021 1728 5160 episcopum,
1761 5077 1805 5126 ex

465 5225 517 5268 css
539 5223 626 5268 omas.
649 5227 695 5271 nr.
1636 5203 1675 5264 οδ
