4450 6209
517 723 591 794 650
1096 721 1188 792 LES
1214 719 1355 794 OLIM.

290 867 474 1002 anvqplqstu
514 863 690 958 Quintini
712 865 750 940 in
770 862 1011 942 Viromandis
1031 863 1226 970 conquesti
1251 861 1423 950 bierunt,
1448 861 1623 941 videlicet
1646 863 1751 969 quod
1778 863 1934 972 Baldoy·

408 990 414 1002 '
515 1025 605 1072 num
619 995 668 1074 de
682 994 885 1084 Grivenns,
899 1021 1030 1074 eorum
1041 993 1222 1073 clericum
1234 1012 1273 1072 et
1282 995 1520 1085 servientem,
1534 1012 1579 1072 ut
1593 994 1786 1084 dicebant,
1799 996 1933 1073 loban-

514 1153 579 1204 nss
597 1126 645 1204 de
659 1127 941 1214 suessionibus,
954 1126 1166 1232 prepositus
1174 1126 1339 1232 Rogonis
1354 1127 1403 1206 de
1417 1127 1619 1233 Haugesto,
1631 1125 1780 1216 militis,
1797 1127 1931 1235 injuste

515 1273 663 1364 ceperat
678 1273 716 1334 et
730 1255 857 1363 plures
871 1257 1026 1363 injurias
1044 1256 1169 1334 eidem
1187 1255 1364 1334 intulerat
1380 1255 1420 1332 in
1433 1256 1704 1363 prejudicium,
1725 1273 1769 1334 ut
1783 1257 1927 1346 dicitur,

514 1389 644 1465 decani
657 1404 697 1465 et
711 1387 862 1494 capituli
877 1387 1152 1494 predictorum,
1164 1387 1401 1494 stpsndente
1414 1417 1523 1465 causa
1534 1387 1688 1466 incuria
1699 1387 1930 1467 nostminter

514 1517 695 1596 decanum
714 1535 752 1596 et
764 1518 970 1626 capitulum
985 1547 1026 1596 ac
1042 1519 1203 1596 militem
1218 1516 1467 1624 supradictos,
1486 1519 1657 1625 inquesta
1669 1545 1741 1624 per
1753 1517 1928 1597 ballivum

512 1649 846 1728 viromandensem
863 1666 902 1728 et
916 1649 997 1757 ejus
1016 1649 1255 1756 adjunctum,
1269 1649 1405 1726 virmte
1422 1648 1632 1726 litterarum
1648 1649 1792 1726 domini
1805 1652 1926 1756 Regis,

511 1777 623 1866 facta,
640 1780 718 1858 visa
734 1797 773 1856 et
788 1780 987 1887 diligenter
999 1779 1227 1858 examinata:
1248 1780 1321 1858 Per
1331 1779 1437 1858 curie
1448 1796 1576 1859 nosue
1586 1778 1775 1888 judicium
1791 1779 1926 1858 dictum

513 1909 584 1987 suit
598 1909 703 2016 quod
720 1911 759 1987 in
772 1911 943 2017 inquesta
957 1911 1123 2018 predicte
1140 1910 1258 1988 nichil
1274 1911 1467 1988 inventum
1481 1927 1539 1988 est
1549 1909 1783 1988 sufficienter
1799 1912 1927 2018 proba

511 2057 592 2116 tum
607 2040 880 2148 propterquod
894 2040 1017 2147 aliqua
1034 2042 1195 2119 emenda
1208 2069 1277 2150 per
1291 2041 1433 2119 dictum
1448 2041 1684 2149 prepositum
1698 2039 1783 2118 fieri
1796 2041 1927 2119 debeat

511 2171 655 2248 decane
681 2189 720 2249 et
739 2171 902 2278 capitulo
925 2173 1129 2278 predictis;
1153 2173 1222 2250 sed
1246 2173 1277 2249 si
1300 2171 1422 2250 dictus
1445 2171 1678 2280 baldoynus,
1703 2173 1771 2281 qui
1796 2171 1926 2250 dicitur

510 2299 625 2380 fuisse
640 2303 853 2394 vileniatus,
875 2331 989 2411 super
1005 2305 1077 2381 boc
1092 2304 1272 2410 conqueri
1291 2303 1473 2393 voluerit,
1489 2303 1657 2410 precepit
1672 2303 1775 2381 ouria
1794 2303 1923 2382 ballivo

508 2434 678 2538 predicto
692 2435 796 2542 quod
809 2435 951 2524 eidem,
967 2433 1104 2512 vocatis
1118 2435 1303 2541 partibus,
1315 2433 1424 2512 facist
1432 2434 1583 2540 justicie
1600 2432 1921 2541 complementum.

565 2565 713 2644 Sabbati
734 2582 820 2672 post
837 2563 1232 2653 Sanctum-Mathiam,
1250 2562 1473 2669 apostolum.

562 2829 654 2905 XIX.
676 2829 774 2907 Cum
789 2827 967 2907 dominus
981 2827 1028 2904 dc
1041 2826 1332 2912 Fertbencourt,
1345 2853 1471 2904 eoram
1484 2827 1675 2934 preposito
1687 2829 1736 2908 de
1747 2831 1921 2938 Foilleyo,

506 2957 736 3062 peticionem
751 2987 857 3036 suam
874 2958 1033 3047 fecisset,
1050 2973 1180 3034 contra
1191 2957 1403 3035 lobannem
1414 2958 1462 3036 de
1472 2959 1641 3038 Kaveron
1655 2961 1704 3038 de
1714 2961 1924 3068 quingentis

506 3085 613 3165 libris
629 3089 900 3167 Parisiensibus
919 3090 957 3165 in
976 3087 1090 3165 rebus
1104 3087 1341 3165 hereditariis
1356 3088 1612 3194 implicandis,
1637 3107 1676 3167 et
1697 3089 1747 3168 de
1767 3091 1873 3168 mille
1888 3106 1924 3167 et

507 3219 679 3298 ducentis
693 3221 818 3310 libris,
840 3220 990 3300 racione
1007 3217 1201 3296 fructuum
1220 3235 1259 3296 et
1277 3218 1445 3296 exituum
1467 3219 1654 3298 dinatum
1666 3247 1798 3298 rerum
1818 3221 1922 3299 bere·

506 3351 742 3441 ditariarum‚
765 3367 802 3430 et
820 3351 960 3429 auditis
977 3350 1067 3429 hinc
1084 3350 1176 3427 inde
1194 3351 1396 3458 propositis
1413 3366 1452 3427 et
1465 3351 1553 3430 visis
1567 3351 1751 3430 dictarum
1764 3353 1922 3460 partium

504 3481 766 3562 racionibusin
778 3483 923 3590 scriptis
937 3481 1102 3574 traditis,
1119 3479 1244 3560 dictus
1255 3482 1483 3590 prepositus,
1498 3510 1686 3590 persuum
1695 3483 1920 3591 judicatum,

505 3613 721 3693 absolvisset
734 3615 878 3693 dictum
891 3613 1101 3691 Johannem
1123 3611 1326 3718 apredicta
1342 3613 1547 3720 peticione,
1565 3614 1667 3693 idem
1687 3615 1864 3694 dominus
1877 3614 1921 3690 ab

504 3743 723 3851 hujusmodi
737 3721 925 3854 judicato,
949 3761 1139 3849 tamquam
1159 3770 1180 3818 a
1201 3741 1295 3822 falso
1314 3760 1353 3821 et
1369 3773 1501 3850 pravo,
1514 3747 1564 3823 ad
1579 3743 1761 3824 ballivum
1776 3747 1921 3824 Ambia-

503 3901 658 3951 ncnsem
680 3874 898 3980 appellavit3
920 3874 985 3979 qui
1004 3870 1183 3964 ballivus,
1203 3873 1244 3948 in
1264 3871 1363 3952 dicta
1382 3875 1650 3982 appellacionis
1668 3904 1778 3953 causa
1796 3903 1920 3983 proce·

504 4003 618 4093 dens,
641 4004 777 4081 auditis
792 4004 901 4081 dictis
916 4001 1085 4109 partibus
1101 4017 1139 4080 et
1152 4001 1240 4081 visis
1253 4005 1389 4084 iterato
1411 4007 1626 4087 racionibus
1641 4007 1836 4113 predictis,
1856 4035 1921 4112 per

502 4162 614 4212 suum
636 4135 850 4242 judicatum
875 4131 1106 4212 confirmavit
1133 4131 1223 4210 dicti
1246 4136 1427 4242 prepositi
1450 4137 1659 4244 judicatum
1684 4137 1917 4245 predictum

501 4295 522 4341 a
549 4267 657 4375 cujus
679 4266 806 4346 ballivi
830 4267 1016 4375 judicato,
1043 4281 1236 4372 tamquam
1261 4265 1355 4348 falso
1381 4287 1421 4347 et
1439 4296 1572 4376 pravo,
1599 4270 1724 4348 dictim
1747 4270 1920 4350 dominus

500 4397 633 4475 iterato
649 4398 697 4473 ad
712 4415 877 4477 nostram
892 4398 1032 4476 curiam
1047 4393 1266 4501 appellavit:
1282 4398 1429 4477 Auditis
1445 4401 1560 4509 igitur
1576 4399 1687 4478 dictis
1700 4400 1870 4506 partibus
1884 4402 1920 4476 in

500 4555 607 4605 causa
623 4528 890 4636 appellacionis
907 4529 1076 4636 predicte
1097 4540 1136 4604 st
1147 4527 1233 4606 visis
1250 4530 1487 4637 processibus
1505 4532 1719 4620 antedictis,
1738 4559 1806 4638 per
1822 4533 1919 4609 curie

499 4674 626 4735 nostre
641 4661 845 4765 judicium,
867 4662 1010 4740 dictum
1025 4663 1096 4742 fuit
1114 4661 1306 4772 predictos
1323 4661 1556 4769 prepositum
1571 4679 1610 4739 et
1627 4661 1808 4740 ballivum
1826 4663 1918 4742 bens

492 4789 702 4895 judicasse,
735 4809 773 4869 et
800 4792 942 4872 dictum
969 4796 1167 4874 dominum
1191 4792 1290 4871 male
1317 4794 1522 4902 appellasse
1550 4811 1590 4876 ct
1612 4794 1717 4903 quod
1743 4795 1823 4901 ipse
1852 4796 1919 4872 boc

498 4920 725 4997 emendabit.

552 5051 651 5130 lovis
667 5071 756 5159 post
775 5055 906 5133 Latere
927 5057 1146 5138 Jerusalem.
