4450 6209
506 719 578 796 1711
1083 715 1174 788 LES
1205 714 1348 788 OLIM.

272 877 460 941 tennerit.
503 866 628 943 lenter
656 877 696 938 et
720 859 892 940 indebite
917 857 1101 936 ducentos
1126 873 1165 935 et
1188 855 1341 963 triginta
1367 883 1512 963 munos
1531 855 1721 935 dictorum
1747 875 1940 938 mereato-

335 971 399 1016 1³⁰⁶.

502 1023 589 1075 rum
610 993 751 1100 cepisse
771 991 926 1069 nomine
946 1007 1093 1077 nostro,
1116 1005 1156 1066 et
1172 987 1387 1066 vendidisse
1406 1017 1475 1096 pro
1496 987 1620 1066 multo
1645 988 1784 1068 minori
1805 991 1939 1098 precio

503 1155 618 1235 quam
638 1123 822 1213 valerent,
844 1136 1029 1198 arrestum
1049 1121 1168 1198 eciam
1195 1138 1369 1198 nostrum
1398 1147 1512 1226 super
1537 1119 1765 1227 quibusdam
1790 1151 1941 1229 panno-

505 1288 591 1335 rum
609 1256 865 1364 predictorum
887 1254 934 1330 de
955 1252 1133 1330 mandato
1153 1269 1282 1330 nostro
1302 1251 1440 1330 sactum
1462 1252 1801 1359 contemptibiliter
1818 1254 1939 1332 insre-

503 1391 617 1498 gisse,
640 1388 879 1492 dampnaque
898 1385 971 1462 alia
991 1384 1156 1491 plurima
1180 1383 1220 1458 in
1245 1383 1327 1461 aliis
1351 1384 1465 1461 rebus
1484 1383 1562 1462 suis
1582 1385 1736 1492 injuste,
1758 1385 1831 1464 sub
1852 1415 1939 1492 pre-

502 1540 607 1600 textu
627 1519 740 1598 officii
761 1516 832 1597 sibi
853 1517 1062 1607 commissi,
1084 1516 1195 1594 dictis
1211 1515 1484 1594 mercatoribus
1497 1513 1671 1594 intulisse
1685 1547 1695 1604 ς
1711 1547 1828 1624 quare
1845 1518 1936 1595 dieti

503 1669 725 1760 procurator
748 1668 787 1728 et
805 1667 1030 1728 mercatores
1048 1649 1230 1755 petebant
1253 1675 1367 1754 super
1391 1648 1464 1725 biis
1484 1647 1643 1754 inquiri,
1671 1648 1847 1756 ipsosque
1868 1651 1936 1727 Pe-

502 1801 606 1861 trum
629 1803 668 1862 et
691 1783 900 1861 Robertum
925 1781 997 1858 sibi
1023 1779 1309 1886 condempnari,
1332 1779 1372 1857 in
1391 1807 1439 1858 eo
1458 1782 1564 1887 quod
1585 1779 1675 1857 dicti
1697 1782 1813 1886 panni
1837 1782 1936 1860 vaie-

503 1917 596 1993 hant
621 1916 721 1993 ultra
747 1943 933 1992 summam
962 1911 1068 1989 mille
1096 1913 1398 2020 octingentarum
1425 1928 1464 1990 et
1487 1909 1732 2018 qnadraginta
1752 1909 1932 1990 librarum

504 2047 805 2137 Turonensium,
825 2073 917 2152 quas
935 2044 1024 2121 inde
1044 2042 1254 2120 habuerant
1269 2041 1359 2118 dicti
1381 2057 1625 2129 mercatores,
1648 2041 1824 2119 eteniam
1844 2071 1932 2121 oon-

507 2178 703 2285 dempnari
724 2178 764 2254 in
784 2175 889 2254 mille
909 2193 948 2254 et
972 2173 1188 2283 quingentis
1212 2171 1319 2248 libris
1346 2172 1634 2250 Turonensibus
1666 2201 1735 2281 pro
1761 2173 1933 2281 dampnis

506 2310 715 2417 deperditis
740 2325 779 2386 et
801 2309 982 2386 interesse
1003 2305 1204 2415 predictis;
1226 2333 1269 2380 ex
1289 2303 1445 2380 adverso
1465 2332 1568 2396 vero,
1595 2333 1665 2410 pro
1690 2304 1800 2383 dictis
1824 2307 1931 2385 Petro

506 2458 543 2518 et
567 2443 754 2528 Roberto,
775 2439 973 2517 dicebatur
992 2438 1113 2516 dictos
1133 2463 1279 2543 pannos
1305 2452 1431 2542 captos
1455 2434 1570 2514 fuisse
1596 2453 1635 2512 et
1658 2437 1834 2515 venditos
1854 2439 1930 2515 sine

505 2572 638 2650 [raude
664 2589 703 2650 et
724 2600 794 2679 pro
814 2571 977 2648 utilitate
997 2587 1137 2657 nostra,
1161 2584 1274 2674 prout
1300 2566 1439 2644 melius
1456 2583 1548 2644 tunc
1574 2583 1782 2674 potuerrmt
1805 2571 1931 2658 vendi,

506 2707 553 2783 de
586 2705 766 2782 mandato
796 2721 834 2780 et
865 2730 1017 2780 assensu
1047 2700 1211 2777 cantoris
1240 2699 1288 2775 de
1319 2697 1482 2776 Milliaco
1512 2727 1554 2775 ac
1584 2697 1730 2776 domini
1760 2701 1932 2779 Richardi

505 2838 649 2925 Touse,
674 2853 767 2911 tunc
789 2834 932 2912 ibidem
957 2830 1376 2938 superintendendum,
1401 2846 1446 2906 ut
1473 2829 1590 2906 eciam
1622 2830 1785 2937 dampna
1811 2849 1934 2910 nostra

506 2995 575 3072 per
601 2968 676 3043 boc
703 2967 933 3042 evitarentur
955 2963 1118 3071 majora3
1144 2977 1300 3068 propter
1324 2989 1416 3068 quas
1441 2978 1479 3038 et
1502 2960 1592 3040 alias
1614 2961 1744 3067 plures
1766 2964 1934 3042 raciones

507 3096 791 3204 proponebatur
808 3123 1028 3202 processum
1047 3112 1178 3170 contra
1199 3119 1264 3170 eos
1283 3121 1395 3198 super
1414 3091 1488 3170 hiis
1508 3091 1590 3170 {ieri
1610 3121 1688 3170 non
1715 3093 1871 3183 debere,
1901 3113 1935 3170 et

508 3229 538 3305 si
559 3229 679 3306 factus
703 3246 817 3319 esset,
844 3227 968 3334 ipsum
993 3226 1135 3305 debere
1155 3223 1337 3314 anulini,
1360 3253 1524 3330 cumque
1550 3252 1663 3330 super
1687 3225 1760 3304 hiis
1783 3226 1934 3304 manda-

507 3362 672 3438 verimus
696 3362 892 3438 veritatem
921 3359 1078 3465 inquiri,
1108 3375 1147 3435 et
1172 3386 1242 3464 per
1267 3358 1480 3464 inquestam
1507 3357 1639 3434 factam
1668 3359 1864 3438 inventum
1891 3361 1935 3437 sit

508 3495 609 3600 ipsos
627 3496 783 3571 Petrum
804 3510 842 3570 et
861 3492 1071 3569 Robertum
1093 3491 1212 3568 dictos
1229 3517 1375 3595 pannos
1395 3488 1466 3566 sibi
1487 3489 1657 3568 indebite
1673 3493 1881 3581 attraxisse,
1899 3509 1934 3568 et

509 3625 631 3703 multo
650 3625 791 3701 minori
809 3623 938 3729 precio
957 3652 1072 3729 quam
1087 3621 1256 3699 valerent
1270 3620 1444 3699 venditos
1458 3621 1588 3710 fuisse,
1608 3622 1805 3700 inventum
1820 3625 1932 3700 eciam

509 3756 561 3831 sit
577 3771 763 3832 arrestum
782 3771 956 3830 nostrum
977 3753 1134 3830 fractum
1155 3752 1195 3829 in
1217 3752 1435 3859 hujusmodi
1452 3752 1582 3842 baisse,
1606 3771 1644 3829 et
1663 3751 1784 3831 dictos
1805 3781 1935 3832 mema-

507 3904 610 3963 tores
636 3881 921 3990 dampnificatos
946 3885 1084 3992 injuste
1110 3911 1178 3989 per
1205 3884 1359 3961 eosdem
1385 3885 1538 3960 Petmm
1565 3902 1602 3961 et
1625 3884 1850 3978 imbertum,
1872 3915 1934 3964 seu

508 4045 577 4122 per
597 4045 730 4094 eorum
752 4016 960 4107 ministros,
988 4017 1042 4093 sic
1067 4015 1264 4094 manifeste
1291 4016 1331 4091 in
1358 4016 1561 4092 commisso
1588 4016 1660 4094 sibi
1687 4016 1814 4095 officio
1834 4046 1935 4096 exce·

511 4148 665 4225 dendo:
686 4147 785 4227 Visis
804 4175 916 4253 super
935 4147 1008 4224 hiis
1034 4165 1071 4225 et
1090 4147 1230 4224 auditis
1249 4147 1322 4224 biis
1342 4175 1416 4252 que
1437 4145 1577 4224 curiam
1598 4163 1767 4226 nostram
1789 4178 1934 4228 movere

508 4297 683 4386 poterant
702 4297 740 4358 et
765 4280 977 4370 debebant,
1004 4310 1072 4386 per
1097 4279 1268 4386 ejusdem
1288 4279 1391 4355 curie
1417 4296 1545 4356 nostre
1564 4280 1770 4388 judicium,
1794 4282 1934 4360 dictum

510 4411 581 4489 fuit
601 4412 707 4519 quod
729 4411 820 4488 dicti
839 4414 972 4489 Petrus
991 4428 1030 4488 et
1047 4411 1235 4489 Robertus
1254 4408 1417 4487 reddent
1441 4428 1479 4488 et
1503 4410 1647 4488 solvent
1668 4412 1937 4491 mercatoribus

511 4541 708 4620 antedictis
728 4543 833 4620 mille
854 4559 1071 4619 sexcentum
1098 4559 1137 4618 et
1159 4541 1313 4650 triginta
1332 4557 1410 4618 tres
1427 4539 1541 4619 libras
1560 4543 1819 4633 Turonenses‚
1842 4543 1938 4622 ultra

512 4674 552 4750 id
578 4674 683 4779 quod
705 4674 784 4780 jam
810 4690 1035 4778 receperunt
1062 4671 1153 4748 dicti
1180 4689 1407 4749 mercatores
1432 4699 1501 4776 pro
1528 4671 1652 4750 valore
1680 4673 1937 4780 predictorum

510 4831 744 4911 pannorum,
765 4802 926 4880 reddent
945 4804 1063 4881 eciam
1085 4802 1156 4896 eis,
1177 4829 1246 4909 pro
1268 4801 1440 4909 dampnis
1460 4803 1531 4882 sibi
1552 4803 1665 4881 illatis
1685 4804 1724 4880 in
1742 4805 1936 4912 predictis,

512 4933 617 5011 mille
633 4934 746 5011 libras
761 4936 1017 5025 Turonenses‚
1040 4934 1243 5042 nobisque,
1267 4964 1336 5043 pro
1356 4935 1517 5012 emenda
1536 4952 1678 5024 nostra,
1698 4938 1846 5016 solvent
1862 4939 1935 5016 duo

514 5065 632 5143 millia
648 5065 831 5143 librarum
847 5068 1127 5146 Turonensium
1139 5067 1265 5157 ,salvo
1277 5069 1364 5175 jure
1378 5067 1566 5146 dictorum
1585 5087 1835 5149 mercatorum
1852 5097 1937 5149 con-
