4450 6209
743 716 1013 824 svoutrns
1038 737 1103 809 nr
1129 717 1335 809 proces.
1675 742 1748 815 sas

329 879 436 989 quod
454 875 788 983 impedimentum,
807 875 955 953 racione
971 878 1261 983 premissorum,
1278 876 1404 955 eidem
1418 879 1595 959 AnseImo
1612 880 1660 957 ad
1674 882 1750 959 ins-
1788 852 1917 951 Passuri
1931 898 1973 963 lv.
2092 874 2095 879 Δ

329 1010 490 1088 tanciam
512 1007 601 1085 dicti
624 1006 789 1112 magistri
803 1007 940 1085 Yvonis
957 1008 1171 1113 appositum
1191 1009 1231 1083 in
1252 1008 1360 1085 dictis
1378 1008 1489 1087 bonis
1510 1028 1547 1087 et
1567 1011 1751 1089 fructibus
1821 994 1823 999 ⁵
1850 990 1912 1031 '³⁰⁸'

331 1140 573 1231 corumdem,
591 1137 825 1215 amovebitur
843 1136 984 1244 absque
1005 1138 1242 1228 difficultate,
1265 1137 1314 1215 ita
1336 1139 1441 1244 quod
1455 1140 1535 1245 ipse
1555 1141 1663 1219 dictis
1681 1143 1751 1220 bo·

329 1273 390 1349 nis
409 1286 447 1348 et
465 1297 600 1347 eorum
613 1268 797 1345 fructibus
811 1268 928 1372 possit
941 1269 1123 1376 gaudere,
1141 1287 1180 1347 et
1192 1296 1234 1347 ea
1250 1297 1323 1375 que
1346 1269 1468 1347 dictus
1481 1270 1557 1347 Yvo
1575 1270 1750 1351 debonis
1918 1373 1920 1377 .

329 1400 507 1510 predictis
525 1416 710 1477 eteorum
728 1397 912 1476 fructibus
928 1399 1079 1491 hahuit,
1103 1399 1253 1477 racione
1269 1398 1450 1503 predicta,
1469 1401 1629 1478 reddere
1646 1419 1751 1479 tenc·
1867 1390 1869 1394 ⁵

331 1552 394 1612 tur
412 1529 592 1608 Anselmo
612 1529 794 1635 predicto.

387 1658 566 1740 Mercurii
585 1659 765 1765 predicta.

387 1789 562 1869 Bocellus
581 1790 795 1896 reportavit.

386 2052 514 2131 XVIII.
545 2053 642 2131 Cum
654 2051 886 2135 habitatores
901 2052 987 2131 ville
1008 2054 1056 2131 de
1071 2055 1256 2161 Mayriaco
1275 2050 1475 2161 qnamdam
1494 2080 1629 2159 penam
1650 2054 1751 2131 mide

331 2182 532 2271 librarum,
548 2200 741 2289 tamquam
756 2183 997 2260 commissam
1017 2210 1062 2261 ex
1075 2184 1185 2261 certis
1201 2183 1335 2275 causis,
1351 2183 1528 2260 videlicet
1546 2182 1657 2260 nobis
1677 2212 1751 2261 me·

332 2313 526 2402 dietatem,
542 2330 581 2389 et
591 2311 682 2418 ipsis
693 2312 804 2389 aliam
818 2312 1080 2403 medietatem,
1093 2312 1301 2419 adjudicari
1313 2330 1351 2390 et
1360 2312 1468 2389 reddi
1480 2330 1651 2418 peterent
1663 2341 1753 2391 con-

331 2460 391 2521 tra
402 2443 630 2522 habitatores
642 2442 730 2519 ville
750 2441 1090 2531 Sancti-Germani,
1112 2441 1212 2518 dicta
1228 2459 1335 2548 parte
1353 2442 1502 2518 adversa
1525 2443 1752 2518 contrarium

331 2589 567 2679 proponente
578 2604 587 2647 ε
598 2572 783 2663 Tandem,
798 2572 973 2678 inquesta
983 2572 1031 2649 de
1040 2571 1216 2647 mandato
1229 2587 1358 2647 nostro
1370 2598 1485 2676 super
1495 2572 1568 2649 hoc
1580 2570 1671 2648 facta
1686 2600 1755 2678 per

330 2704 512 2781 ballivum
523 2703 861 2782 Viromandensem
875 2720 913 2779 et
931 2702 980 2779 ad
994 2719 1160 2779 nostram
1174 2700 1316 2777 curiam
1336 2717 1540 2807 reportata,
1555 2702 1629 2779 visa
1651 2719 1688 2779 et
1702 2701 1754 2776 di-

333 2834 492 2941 ligenter
505 2832 727 2921 examinata,
738 2860 807 2938 per
817 2833 920 2909 curie
934 2847 1061 2911 nostre
1072 2831 1277 2937 judicium,
1293 2830 1520 2917 habitatores
1531 2831 1691 2938 predicti
1706 2830 1753 2907 de

335 2962 676 3043 Sancto-Germano
696 2992 717 3038 a
737 2962 836 3042 dicta
854 2990 957 3069 pene·
971 2962 1158 3068 peticione
1178 2959 1340 3040 absoluti
1360 2961 1527 3039 fuerunt.

389 3091 567 3171 Mercurii
586 3091 765 3210 predicta.

391 3226 492 3332 Roya
510 3224 719 3329 reportavit.

392 3489 485 3565 XIX.
522 3487 645 3593 Super
668 3486 807 3593 quibus
838 3485 1011 3591 dampnis
1036 3512 1111 3590 que
1137 3481 1316 3589 petebant
1347 3482 1573 3559 habitatores
1597 3481 1682 3559 ville
1709 3482 1755 3559 de

336 3619 521 3726 Mayriaco
542 3634 669 3695 contra
691 3616 920 3695 habitatores
938 3614 1026 3692 ville
1053 3611 1395 3701 Sancti-Germani,
1419 3629 1457 3690 et
1476 3640 1587 3717 super
1607 3612 1755 3690 racione

336 3749 531 3827 reddenda
554 3749 602 3827 de
622 3746 849 3855 quibusdam
867 3747 1113 3854 pecuniarum
1134 3743 1292 3821 summis
1310 3771 1332 3819 a
1351 3742 1461 3820 dictis
1481 3742 1666 3850 partibus,
1688 3743 1755 3819 vir-

337 3897 418 3957 tute
445 3879 609 3956 mandati
635 3878 773 3971 nostri,
799 3895 843 3955 ut
864 3877 1012 3969 dicitur,
1035 3875 1164 3953 levatis
1186 3873 1299 3953 :Visa
1319 3873 1489 3979 inquesta
1510 3872 1557 3949 de
1579 3871 1755 3949 mandato

339 4026 466 4087 nostro
484 4007 596 4097 sacta,
611 4008 699 4114 quia
713 4007 879 4113 quedam
892 4008 1042 4084 inventa
1057 4005 1199 4083 suntin
1216 4032 1259 4081 ea
1273 4001 1421 4109 plenius
1433 4001 1674 4108 inquirenda,
1690 4030 1757 4107 per

340 4140 442 4217 curie
460 4156 587 4219 nostre
604 4139 810 4245 judicium,
826 4139 970 4215 dictum
984 4136 1058 4213 fuit
1072 4136 1193 4243 quod,
1205 4134 1343 4212 vocatis
1358 4134 1568 4223 evocandis,
1584 4133 1681 4211 di'cta
1697 4133 1756 4207 in·

340 4288 471 4379 questa
490 4270 745 4377 complebitur
764 4286 803 4348 et
822 4268 1038 4345 remittetur
1051 4267 1099 4343 ad
1120 4265 1261 4342 curiam
1274 4262 1491 4369 judicanda.

397 4403 573 4481 Mercurii
592 4401 770 4508 predicta.

376 4614 379 4620 ,
398 4535 499 4640 Roya
516 4532 727 4639 reportavit.

397 4795 473 4870 XX.
504 4794 601 4871 Cum
611 4793 773 4872 Guiotus
785 4791 831 4868 de
841 4789 1049 4869 Lemovicis
1064 4806 1102 4867 et
1118 4816 1224 4867 soror
1234 4786 1315 4896 ejus
1325 4788 1545 4893 Margareta,
1558 4811 1652 4861 uxor
1667 4784 1755 4861 Ber-

341 4923 465 5001 trandi
487 4915 535 5001 de
552 4924 728 5015 Balastre,
748 4950 874 5000 coram
894 4920 1093 5028 Radquho
1114 4922 1161 4998 de
1181 4922 1295 5009 Vaus,
1316 4936 1407 4997 tunc
1425 4916 1597 4994 auditore
1615 4912 1756 4994 Castel-

341 5054 407 5133 Ieti
419 5053 651 5144 Parisiensis,
666 5053 966 5159 proposuissent,
980 5069 1109 5131 contra
1120 5054 1273 5129 Petrum
1289 5048 1335 5127 de
1347 5047 1507 5128 Senonis
1521 5064 1559 5125 et
1574 5046 1653 5153 ejus
1665 5070 1759 5122 uro-
