4450 6209
722 720 987 826 nuousrcs
1011 740 1078 811 ar
1103 721 1307 811 Procas
1657 738 1730 813 aot
1880 736 1885 744 ·

305 881 439 987 piseet,
457 878 555 985 ipsae
574 894 703 956 tumen
720 879 762 957 in
782 908 958 985 processu
977 880 1150 986 predicto
1171 877 1375 959 confessata
1390 878 1462 957 fuit
1482 906 1539 970 se,
1559 896 1733 986 tempore
1772 890 1902 943 rarum
1914 886 1958 951 lt,

307 1010 439 1089 mortis
455 1008 545 1086 dicti
559 1009 745 1118 Philippi,
766 1011 869 1118 apud
880 1040 921 1089 se
937 1010 1097 1100 habere,
1116 1038 1203 1089 cum
1219 1010 1267 1087 de
1283 1011 1443 1090 summis
1461 1012 1644 1119 predictis
1653 1012 1732 1118 ipsa
1833 978 1898 1025 Μ’

306 1141 345 1220 in
365 1140 571 1218 inventario
589 1140 762 1247 predicto
781 1141 925 1219 nullam
944 1141 1076 1221 lecerit
1099 1142 1355 1231 mensionem,
1382 1158 1460 1219 tam
1481 1161 1666 1249 quantum
1686 1143 1733 1219 ad

306 1287 452 1377 partem
465 1300 573 1351 suem
586 1299 669 1351 earn
686 1273 728 1351 in
740 1272 919 1379 predictis
933 1272 1093 1350 summis
1108 1273 1403 1381 contingentem,
1421 1302 1534 1380 quam
1549 1291 1733 1380 quantum

306 1401 354 1479 ad
374 1403 620 1482 commodum
645 1384 896 1491 ususfructus,
922 1401 1049 1509 quoad
1070 1407 1217 1509 partem
1237 1402 1427 1481 dictorum
1450 1403 1637 1483 heredum
1663 1404 1734 1481 sibi
1813 1474 1817 1479 .

306 1560 375 1639 per
387 1532 532 1613 dictum
545 1531 767 1613 defunctum
779 1533 917 1625 relicti,
930 1534 1277 1639 penitusamisisse‚
1293 1550 1332 1611 et
1346 1534 1486 1612 debere
1497 1535 1641 1642 integre
1656 1563 1736 1640 pre

308 1664 418 1741 dictis
428 1664 547 1771 Helye
560 1664 714 1770 suisque
727 1664 979 1744 coheredibus
991 1664 1183 1770 applicari3
1198 1666 1237 1740 in
1250 1665 1334 1743 aliis
1343 1694 1434 1744 vero
1447 1667 1739 1775 qrradringcntas

309 1794 386 1872 duo
402 1811 441 1873 et
452 1796 662 1902 nonaginta·
671 1795 777 1873 libris
789 1795 1008 1902 quindecim
1021 1794 1151 1873 solidis
1165 1824 1243 1875 uno
1260 1796 1414 1876 denario
1428 1796 1733 1892 Turonensibus‚

307 1952 399 2030 quus
412 1941 583 2030 tempore
595 1922 685 2001 lacti
698 1924 790 2001 dicti
802 1926 1015 2015 inventarii,
1029 1943 1184 2034 promer
1197 1927 1379 2005 debatum
1394 1928 1579 2034 parcium,
1595 1946 1638 2005 ut
1650 1958 1739 2035 pre-

309 2054 481 2144 mittitur,
502 2054 543 2131 in
563 2083 680 2133 manu
696 2072 824 2135 nostre
841 2056 995 2135 tenebat
1018 2056 1230 2163 prepositus
1251 2058 1488 2148 Parisiensis,
1511 2074 1549 2136 et
1568 2059 1607 2135 in
1626 2059 1735 2139 bouis

309 2185 392 2264 aliis
404 2184 584 2266 omnibus
596 2214 675 2265 non
694 2186 838 2275 celatis,
855 2185 928 2265 luit
944 2187 1044 2267 dicte
1059 2188 1283 2296 ldmgarete,
1304 2216 1374 2295 pro
1388 2207 1493 2295 parte
1509 2190 1628 2296 ipsam
1644 2218 1736 2268 oon-

307 2316 496 2424 tingente,
514 2316 695 2423 peridem
712 2318 815 2396 curie
833 2335 960 2397 nostre
974 2318 1180 2425 judicium,
1197 2319 1400 2409 medietas,
1419 2339 1457 2399 ot
1470 2321 1540 2397 alia
1553 2322 1737 2401 medietas

311 2446 419 2527 dictis
446 2447 653 2528 heredibus
678 2448 910 2557 adjudiceta3
940 2448 981 2525 in
1005 2467 1111 2555 parte
1135 2476 1223 2528 vero
1247 2450 1413 2556 predicta
1439 2451 1558 2528 dictos
1580 2452 1736 2559 Helyam

310 2578 593 2687 coheredosque
610 2608 702 2660 suos
718 2580 759 2657 in
781 2581 893 2660 dictis
907 2580 1020 2659 bonis
1039 2610 1117 2661 non
1139 2581 1311 2660 recolatis
1326 2582 1585 2691 contingente,
1604 2610 1738 2659 usum-

309 2708 472 2789 fructum
491 2738 537 2789 ex
550 2710 761 2791 donacione
776 2711 961 2817 predicta,
979 2713 1054 2791 vita
1070 2714 1228 2802 comite,
1245 2713 1423 2791 retinebit
1438 2714 1571 2813 eadem
1595 2715 1736 2821 Marga-

308 2850 403 2933 retu,
420 2859 458 2919 et
475 2842 657 2947 prestabit
674 2842 890 2921 caucionem
907 2843 1095 2952 ydoneam
1117 2843 1165 2921 de
1182 2844 1291 2921 dietis
1308 2846 1557 2951 poeoniorum
1576 2846 1736 2923 summis

309 2986 452 3076 purtem
475 2972 663 3051 dictorum
685 2974 874 3053 heredum
894 2974 1219 3082 contingentibus,
1241 2992 1285 3052 ut
1307 2974 1520 3082 predictum
1543 2992 1620 3062 est,
1647 2975 1734 3052 red·

311 3099 446 3179 dendis
468 3103 634 3195 eisdem3
660 3122 699 3183 et
723 3104 772 3184 de
793 3106 958 3199 utendo,
985 3106 1167 3199 fruendo,
1194 3105 1350 3185 arbitrio
1372 3106 1466 3185 boni
1488 3106 1575 3195 viri,
1602 3107 1739 3183 ceteris-

309 3232 420 3312 bonis
441 3234 641 3326 omnibus,
666 3236 777 3314 dictis
801 3236 1054 3316 coheredibus
1075 3266 1147 3345 pro
1169 3255 1273 3346 parte
1299 3264 1431 3316 eorum
1456 3237 1678 3346 adjudicatis
1699 3254 1736 3314 et

310 3362 454 3444 eisdem
468 3365 726 3457 restituendis,
743 3395 785 3444 ac
797 3367 847 3444 de
859 3368 985 3446 valore
998 3368 1190 3449 bonoru-
1203 3369 1462 3475 predictorrun
1473 3396 1550 3475 que
1561 3396 1633 3447 usu
1648 3394 1735 3445 con-

310 3512 523 3584 sumuntur,
542 3496 749 3576 heredibus
768 3498 914 3577 eisdem
931 3498 1141 3577 reddendo.
1256 3561 1273 3571 ..

364 3628 463 3706 Jovis
480 3646 568 3734 post
586 3630 722 3708 Letare
738 3629 959 3709 Jerusalem.

365 3757 411 3839 G.
434 3759 481 3839 de
498 3761 595 3840 Usco
615 3760 858 3869 [reportarit].

367 4022 508 4099 LXXII.
540 4022 637 4099 Cum
662 4021 761 4099 inter
780 4020 974 4101 Othonem
994 4022 1045 4100 de
1066 4020 1287 4114 Sedilhaoo,
1308 4022 1568 4116 domicellum,
1590 4051 1635 4101 er
1659 4055 1734 4103 una

310 4149 683 4257 parte,etconsules,
696 4152 978 4231 universitatem
992 4169 1031 4231 et
1043 4154 1218 4232 homines
1225 4153 1314 4231 ville
1328 4153 1512 4233 Salvitatis
1525 4154 1573 4231 de
1593 4154 1732 4245 Gaura,

313 4311 356 4361 cx
370 4282 506 4375 alteru
524 4282 564 4359 in
578 4280 812 4361 Gelberdum
825 4282 873 4361 de
885 4283 1070 4361 Paelhaoo
1083 4301 1123 4361 et
1141 4284 1406 4392 Raymondum
1419 4286 1468 4361 de
1481 4286 1641 4375 dotano,
1655 4304 1735 4363 tan-

312 4443 425 4521 quam
452 4416 492 4491 in
514 4414 690 4503 arbitros,
716 4414 970 4506 arbiuetores,
996 4442 1063 4492 scu
1090 4414 1305 4493 amicabiles
1329 4416 1599 4522 compositores
1623 4442 1737 4522 snper

312 4543 451 4637 boetis,
465 4544 592 4635 obhis,
605 4544 758 4655 agrariis
776 4561 815 4622 et
832 4544 915 4623 aliis
930 4545 1107 4637 dereriis,
1122 4572 1216 4653 quas
1238 4563 1276 4623 et
1294 4574 1369 4653 que
1388 4546 1492 4623 idern
1512 4546 1738 4625 domicellus

313 4675 466 4779 petebat
478 4676 525 4753 ab
542 4675 611 4765 eis,
626 4676 778 4755 racione
788 4676 1068 4783 possessionum
1085 4706 1179 4785 quas
1192 4676 1240 4755 ab
1259 4678 1341 4784 ipso
1355 4695 1485 4755 tenere
1505 4676 1682 4755 dicuntur
1695 4678 1734 4753 in

315 4805 484 4885 districtu
497 4807 546 4885 de
561 4806 737 4892 salvitate
750 4825 791 4888 et
798 4808 1043 4915 pertinenciis
1051 4810 1238 4919 ejusdem,
1251 4808 1564 4917 compromissum
1582 4807 1734 4901 fuisset,

314 4952 427 5041 prout
439 4936 509 5017 bec
526 4938 678 5045 plenius
695 4939 736 5016 in
756 4940 924 5047 quodam
942 4940 1196 5021 instrumento
1214 4964 1326 5048 super
1341 4940 1415 5018 biis
1433 4939 1603 5019 conlecto
1618 4941 1737 5017 conti-

315 5082 466 5160 nentur,
484 5067 650 5177 dictique
665 5070 812 5158 arbitri,
834 5070 976 5147 dictum
995 5101 1108 5149 suum
1129 5100 1194 5150 seu
1215 5072 1411 5151 arbitrium
1427 5098 1539 5178 super
1558 5071 1632 5149 hoc
1649 5096 1736 5175 pro-
