4450 6209
511 731 560 806 56
960 764 1000 805 ·.
1091 728 1185 805 Lus
1209 726 1385 803 ι011111..
1441 781 1458 818 ‚t
1522 795 1526 803 .

283 896 414 951 eurum
426 892 470 956 tv,
509 903 598 955 rum
616 875 774 986 Bejonc,
801 872 946 953 lemine
968 870 1164 979 quondam
1189 872 1238 951 dc
1263 896 1440 977 corpme,
1458 868 1660 965 del-nete,
1678 902 1750 981 pso
1767 902 1818 972 ρο
1829 884 1935 987 quod

346 986 409 1033 Μ’
510 1008 601 1087 dicti
626 1008 793 1119 religiosi
822 1005 1037 1085 asserebant
1065 1006 1301 1112 Luquetam,
1326 1019 1487 1084 matrem
1518 1003 1617 1085 dlcts
1638 1007 1801 1116 Bejnne,
1827 1010 1936 1093 fuisse

508 1140 689 1220 seminam
710 1169 844 1220 corum
866 1140 1092 1247 decerpere
1114 1155 1152 1217 et
1175 1138 1223 1215 de
1244 1137 1370 1225 orins,
1398 1153 1440 1215 et
1454 1164 1523 1242 per
1543 1142 1782 1247 coaequans
1803 1144 1934 1225 dicum

507 1275 688 1383 Bcjonam
714 1301 849 1353 eorum
878 1271 1055 1349 feminam
1086 1270 1270 1361 extitisse3
1295 1267 1511 1347 asscrebant
1539 1270 1659 1349 sclam
1681 1300 1726 1370 sp
1754 1272 1870 1355 fuisse
1897 1277 1933 1355 in

507 1406 744 1511 possessione
768 1405 829 1483 vel
854 1403 960 1511 quasi
985 1402 1157 1481 telliandi
1184 1418 1223 1479 et
1252 1400 1486 1508 explectandi
1519 1400 1637 1481 dictas
1661 1401 1838 1495 laminas,
1859 1424 1933 1485 tan-

507 1566 621 1645 quam
641 1537 801 1619 feminas
820 1562 907 1613 suas
926 1535 975 1616 de
995 1561 1155 1641 corporo
1175 1552 1212 1613 et
1234 1531 1430 1616 deseruili
1450 1532 1691 1627 condicione,
1713 1536 1868 1643 quando
1885 1570 1933 1617 ca-

506 1696 571 1747 sus
595 1695 636 1747 se
657 1668 855 1758 offerebam
882 1664 1021 1746 ballivo
1041 1664 1133 1745 dicti
1155 1666 1304 1747 domini
1329 1662 1497 1770 Philippi
1523 1664 1563 1743 in
1584 1670 1816 1776 contrarium
1842 1696 1934 1750 esse-

506 1816 632 1891 rente,
651 1818 689 1879 et
708 1800 856 1879 dicente
873 1797 1021 1875 dictum
1039 1796 1242 1876 dominum
1255 1796 1477 1901 Philippum
1496 1822 1577 1877 esse
1595 1814 1633 1875 et
1649 1798 1767 1877 luisse
1782 1799 1826 1877 in
1838 1800 1932 1881 bona

507 1930 643 2014 saisina
660 1930 829 2013 habendi
854 1947 1160 2010 manusmortuas
1180 1928 1226 2007 de
1248 1927 1411 2034 illisqui
1436 1926 1594 2007 suenni
1611 1928 1659 2005 de
1678 1958 1817 2039 genere
1840 1932 1930 2012 dicte

506 2065 646 2172 Bejoue
667 2083 705 2143 et
729 2065 778 2143 de
796 2062 938 2171 quibus
956 2061 1068 2140 exivit
1093 2060 1193 2141 dicta
1211 2059 1376 2168 Bejons:
1397 2057 1585 2151 Tandem,
1607 2059 1798 2167 inqueste,
1825 2091 1931 2172 snper

506 2196 581 2273 hoc
603 2195 698 2275 laeta
726 2196 774 2273 de
798 2192 977 2274 mandato
1001 2190 1129 2272 ballivi
1156 2190 1273 2274 nestri
1301 2189 1546 2279 senonensia.
1572 2190 1652 2270 visa
1673 2208 1711 2269 et
1728 2192 1931 2302 diligenter

508 2327 728 2417 examinata,
750 2328 840 2434 quia·
859 2325 1054 2403 inventum
1077 2339 1144 2405 est:
1158 2340 1196 2399 et
1218 2320 1420 2428 probatum
1440 2321 1567 2403 dictos
1594 2322 1793 2430 religiosos
1820 2324 1930 2405 frume

505 2459 546 2536 in
565 2458 800 2565 possessione
824 2454 996 2534 talliandi
1019 2471 1062 2531 et
1080 2453 1314 2560 explectandi
1335 2453 1455 2535 dietas
1479 2452 1654 2547 seminas,
1675 2471 1857 2563 tanquam
1879 2458 1898 2535 1
1914 2504 1931 2519 -

506 2589 627 2667 minas
653 2590 702 2668 de
726 2616 885 2695 corpore
906 2604 945 2665 et
969 2587 1018 2670 ‹le
1039 2586 1162 2666 servili
1183 2585 1423 2675 condicione,
1443 2586 1734 2691 pronunciatum
1759 2586 1848 2677 fiet,
1869 2620 1931 2697 per

508 2696 612 2798 curie
633 2739 761 2799 nostre
782 2718 991 2828 judicium,
1013 2717 1124 2795 dictis
1149 2716 1334 2824 religiosis
1360 2718 1636 2826 possessionem
1662 2746 1732 2797 seu
1757 2721 1929 2799 saisinam

505 2850 699 2929 bonorum
730 2850 830 2931 dicte
858 2848 999 2957 Bejone
1022 2848 1073 2929 ad
1107 2850 1764 2955 manummortuampertinencium
1790 2852 1930 2931 ,debere

508 2981 725 3076 deliberari,
744 2982 842 3061 selva
859 2980 1060 3089 questione
1079 2978 1319 3086 proprietatis
1333 3003 1451 3087 ¹super
1470 2982 1657 3086 hucperti
1683 2982 1847 3061 adverse.
1917 3041 1921 3057 .

562 3112 728 3197 Sabbato
748 3133 831 3195 ante
851 3110 1315 3223 SanctumGregoriutu,¹

560 3386 669 3465 XXII.
698 3386 797 3466 Cum
817 3388 917 3465 inter
934 3386 1057 3463 Adam
1076 3385 1369 3481 Chaos-lpievre,
1390 3384 1570 3477 militem,
1592 3414 1636 3463 ex
1656 3402 1875 3493 parteuna,
1897 3405 1931 3463 et

504 3518 678 3597 homines
701 3518 875 3597 villarum
905 3518 953 3594 de
979 3519 1125 3609 Pertes,
1148 3517 1196 3594 de
1217 3517 1407 3624 Orgenoy‚
1434 3518 1482 3594 de
1509 3516 1648 3608 Voves,
1672 3518 1720 3595 de
1745 3516 1869 3597 Vilers
1884 3536 1932 3595 et

504 3648 693 3742 deuteri,
715 3650 756 3726 in
779 3650 929 3757 Byeris,
954 3676 1113 3725 necnon·
1132 3646 1308 3723 homines
1325 3648 1414 3724 ville
1433 3664 1474 3724 et
1492 3644 1688 3753 parmclaie
1713 3648 1761 3726 de
1785 3647 1928 3759 Chally,

504 3795 676 3883 exparte
703 3777 844 3867 altera,
863 3794 945 3853 orta
971 3794 1070 3853 esset
1087 3777 1255 3853 ‘materia
1273 3778 1617 3885 questionissupor
1640 3806 1687 3857 co
1706 3780 1817 3886 qnod·
1832 3778 1931 3858 idem

504 3906 615 3984 miles
623 3906 860 4016 proponebat
870 3909 1464 4017 quodnemus'suusn'proppinm
1476 3909 1634 3998 crat,de
1648 3911 1932 4019 cujusnemoris

501 4039 726 4148 pasturagiis
747 4040 896 4147 questio
919 4056 1002 4117 erat·
1024 4056 1063 4117 ct
1081 4039 1246 4117 ostensio
1271 4039 1367 4118 lacta
1390 4038 1513 4119 suerat
1535 4038 1773 4139 interdictas
1791 4060 1928 4149 partes,

502 4185 541 4247 et
553 4170 660 4278 quod
677 4170 775 4249 dicta
789 4171 907 4249 eciam
921 4171 1133 4282 pasturagia
1144 4187 1330 4251 ertntsua
1338 4170 1510 4279 propria,
1528 4173 1737 4279 adipsum,
1753 4190 1930 4281 tanquam

503 4300 704 4379 dominum
722 4304 978 4411 proprietatis,
995 4304 1247 4411 pertinencia,
1266 4322 1310 4385 eti
1323 4302 1589 4411 quodgdcreis,¹
1608 4322 1691 4381 tam
1708 4306 1756 4383 de
1768 4330 1930 4401 ⁴peratore

503 4461 616 4540 quam
637 4434 686 4513 de
704 4435 942 4546 pasturagiis,
964 4436 1046 4543 ipsc
1066 4452 1145 4513 erat
1165 4436 1205 4511 in
1223 4434 1305 4512 fide
1330 4451 1368 4512 et
1390 4434 1569 4545 homagio
1599 4436 1751 4513 domini:
1765 4437 1841 4529 sui,
1864 4462 1929 4513 nec
2044 4532 2050 4545 1

501 4564 741 4669 pertinebant
767 4568 867 4647 dicta
888 4568 1099 4678 pasturagia
1120 4565 1168 4643 ad
1188 4566 1309 4645 dictos
1329 4566 1504 4645 homines
1529 4566 1715 4650 dicum
1737 4568 1926 4659 villanam,

502 4692 591 4771 licet
607 4696 678 4803 ipsi
698 4698 874 4778 homines
893 4718 1018 4779 essent
1033 4700 1074 4778 in
1089 4700 1223 4777 saisina
1240 4698 1403 4776 ducendi
1421 4698 1560 4777 bestias
1579 4728 1664 4778 suas
1679 4700 1720 4776 in
1735 4699 1833 4777 dicta
1850 4726 1928 4806 pas-

371 4870 383 4879 ·
501 4826 662 4931 turagia,
685 4830 789 4933 quod
804 4832 858 4909 eis
875 4859 951 4908 non
967 4829 1126 4921 licebat,
1142 4829 1325 4937 precipue
1344 4858 1448 4919 cum,
1468 4834 1585 4938 stipor
1601 4831 1677 4909 hiis
1689 4830 1924 4939 pasturagiis,

502 4952 649 5037 nullam
667 4955 830 5038 facerent
848 4960 1105 5044 redibenciam
1120 4961 1292 5068 predicto
1311 4958 1439 5052 militi,
1451 4966 1496 5038 [et
1512 4963 1749 5040 conuictudo
1764 4976 1846 5040 emt
1862 4989 1927 5039 no·

501 5089 597 5165 toria
631 5089 736 5197 quod
769 5091 808 5169 in
836 5120 994 5171 nemore
1024 5111 1062 5170 et
1092 5091 1314 5199 pasturagiis
1339 5090 1495 5169 alienis·
1515 5092 1645 5173 nullus
1677 5094 1825 5173 bestias·
1845 5118 1927 5171 suas
