4450 6209
771 671 1040 780 saoneres
1065 691 1130 762 nr
1157 675 1362 767 rancus.
1702 693 1777 774 aaa

354 832 544 910 bicionem
578 829 668 908 dicti
696 829 842 910 abbatis
871 849 909 909 ct
929 831 1072 938 absque
1100 833 1296 943 privilegio
1325 851 1480 928 nostro,
1503 835 1623 916 immo
1650 853 1779 917 contra
1818 844 2004 903 rrrnmrv.

354 962 660 1070 prohibicionem
678 963 833 1071 majoris
850 961 968 1041 nostri
981 962 1121 1071 judicis
1141 965 1414 1059 anthemusia,
1439 967 1614 1049 conones
1638 965 1778 1081 eligere
1879 937 1943 988 lm

351 1108 659 1198 presumpserant
680 1092 719 1168 in
744 1091 844 1170 dicta
867 1090 973 1181 villa,
1002 1121 1119 1198 querc
1142 1095 1392 1174 mandabatur
1410 1095 1616 1178 senescallo
1637 1096 1777 1180 Ruina-

349 1225 477 1312 nensi‚
500 1251 568 1300 seu
586 1223 669 1330 ejus
688 1221 816 1300 locum
834 1223 999 1316 tenenti,
1018 1224 1141 1331 quod,
1163 1225 1195 1302 si
1218 1239 1405 1309 mosterol
1425 1227 1480 1306 eis
1501 1228 1548 1308 dc
1568 1228 1774 1334 premissis,

349 1354 452 1461 ipsos
468 1353 607 1432 electos
622 1353 663 1430 in
677 1354 890 1432 consulesa
909 1354 1021 1433 dictis
1036 1355 1257 1436 hominibus
1273 1357 1329 1436 uti
1346 1357 1545 1440 consulatu
1558 1359 1776 1467 hujusmodi

350 1486 510 1564 minime
526 1485 809 1591 permitterent,
825 1503 864 1563 et
877 1485 1056 1593 deinceps
1069 1515 1186 1593 super
1202 1489 1395 1568 creacione
1410 1490 1608 1570 consulum
1621 1490 1661 1572 in
1678 1490 1777 1570 dicu

349 1615 436 1693 villa
462 1633 688 1724 perpetuum
712 1617 951 1724 imponerent
969 1618 1113 1698 eisdem
1133 1619 1356 1700 hominibus
1375 1619 1590 1714 silencimn,
1618 1622 1689 1704 nisi
1714 1649 1775 1706 or-

348 1749 549 1826 lenderent
566 1775 607 1829 ee
625 1747 834 1855 superbiis
852 1778 873 1826 a
891 1749 1002 1828 nobis
1020 1777 1103 1828 esse
1121 1749 1391 1860 privilegiatos;
1409 1779 1495 1858 pars
1510 1768 1636 1834 autem
1656 1753 1775 1833 dicro-

348 1906 435 1958 rum
450 1879 649 1958 hominum
664 1878 852 1958 asserebat
865 1879 1005 1958 dictam
1018 1879 1183 1958 litteram
1195 1908 1272 1958 non
1284 1881 1425 1960 debore
1439 1881 1654 1962 execucioni
1665 1911 1774 1974 ¹rnna·

350 2011 448 2100 dari,
470 2012 588 2088 immo
605 2011 739 2118 pocius
758 2011 899 2108 debere
919 2009 1095 2098 auullari,
1116 2029 1273 2120 propter
1290 2010 1419 2119 plnres
1440 2013 1608 2095 raciones
1621 2013 1668 2096 eb
1684 2013 1774 2121 ipsis

348 2141 822 2251 hominibus.p1upositas;
847 2143 1021 2232 undem,
1049 2170 1163 2250 super
1187 2144 1368 2250 predictis
1397 2144 1574 2252 inquisita
1597 2145 1769 2234 veritato,

348 2275 472 2352 dictus
485 2271 734 2364 Bertrandus,
745 2274 973 2382 judicando,
988 2273 1248 2382 pronunciavit
1263 2273 1383 2354 dictos
1398 2274 1573 2358 hominus
1592 2275 1709 2358 nichil
1724 2278 1772 2359 ed

346 2404 499 2510 plenum
516 2405 694 2513 probasse
709 2405 982 2513 propterquod
997 2404 1170 2482 erecrrcio
1189 2403 1373 2486 dictarum
1387 2404 1599 2487 litterarum
1615 2406 1772 2487 deberet

345 2536 538 2643 impediri,
561 2553 600 2615 et
617 2537 758 2615 idcirco
775 2536 953 2644 predictis
967 2537 1187 2615 hominibus
1199 2535 1397 2644 prohibuit
1408 2536 1463 2618 uti
1477 2535 1671 2618 consulatu
1686 2564 1772 2642 pre·
1934 2593 1940 2605 -

345 2657 465 2757 dicto,
479 2685 705 2776 perpetuum
718 2697 833 2775 super
842 2697 890 2747 eo
905 2668 1104 2746 sileneicm
1119 2667 1353 2774 imponendo
1374 2667 1539 2758 eisdem
1558 2696 1579 2742 a
1594 2695 1669 2773 qua
1684 2693 1770 2749 scn-

344 2799 481 2888 tenna,
502 2817 681 2908 unquam
699 2800 748 2878 ab
766 2800 913 2907 iniqua,
938 2829 1023 2908 pars
1046 2800 1237 2879 dictorum
1256 2797 1455 2880 hominurn
1477 2798 1525 2880 ed
1548 2826 1616 2880 nos
1640 2797 1770 2905 appel·

345 2927 452 3008 lavit:
472 2931 570 3011 Visis
588 2930 715 3038 igitur,
737 2931 778 3009 in
798 2960 906 3010 causa
925 2930 1025 3009 dicte
1045 2929 1328 3038 appellacionis‚
1352 2928 1587 3036 processibru
1601 2927 1769 3034 mnam

343 3090 459 3169 super
470 3062 665 3170 premissis
679 3061 802 3153 faccia,
820 3079 859 3140 et
871 3062 1011 3140 auditis
1030 3062 1194 3169 hiisque
1215 3061 1315 3142 dicte
1334 3077 1459 3168 partes
1478 3087 1691 3168 proponere
1710 3089 1770 3141 vo·

343 3192 515 3285 luerunt,
531 3221 600 3300 per
615 3194 721 3272 curie
737 3211 864 3284 nostre
879 3193 1088 3302 judicium,
1107 3192 1252 3272 dictum
1276 3190 1349 3270 fuit
1365 3191 1577 3297 predictum
1595 3191 1769 3272 Beruen-

345 3325 437 3402 dum
452 3325 551 3403 bene
568 3340 609 3402 et
622 3327 725 3435 juste
738 3324 1023 3430 pronunciasse,
1041 3340 1079 3401 et
1098 3322 1218 3400 dicen
1238 3321 1411 3402 hom'nscs
1429 3321 1528 3404 muln
1543 3320 1765 3428 appellasse.

343 3473 381 3532 et
399 3456 506 3564 quod
523 3456 595 3563 ipsi
614 3456 689 3535 hoc
708 3455 977 3535 emendabunt.

398 3588 503 3664 Lune
523 3586 702 3693 predicta.

399 3719 556 3797 Sanctus
574 3715 740 3798 Oberlus
759 3719 971 3824 reportavit.

397 3980 522 4060 XLVI.
553 3979 650 4058 Cum
677 3979 791 4056 nobie
818 3978 1068 4086 significatum
1093 3976 1226 4058 luisset
1249 3976 1356 4082 quod
1380 3977 1511 4056 Petrus
1534 3975 1686 4062 Brison.
1717 3973 1766 4056 ele

341 4112 505 4199 Nantho‚
521 4109 757 4190 Guillcrmus
773 4110 823 4187 de
836 4110 1041 4216 Nogucrio,
1062 4110 1174 4214 Hugo
1195 4107 1242 4188 dc
1263 4107 1483 4217 [innuerim
1501 4122 1540 4184 el
1551 4105 1766 4188 Bernarous

340 4243 450 4331 Geir,
469 4271 540 4349 per
558 4241 734 4321 homines
748 4240 837 4319 ville
859 4240 905 4318 de
925 4240 1074 4318 Nantho
1094 4238 1242 4318 suenni
1258 4237 1366 4320 eleni
1389 4238 1436 4322 ds
1456 4264 1552 4320 novo
1571 4239 1611 4320 in
1630 4263 1765 4320 coesu-

340 4374 397 4454 les
416 4377 516 4453 dicte
535 4372 620 4451 ville
640 4373 689 4450 de
707 4372 875 4460 Natho,
895 4388 934 4450 ct
950 4400 992 4450 se
1007 4398 1078 4477 pro
1098 4368 1318 4452 consirlibin
1336 4369 1515 4476 gerebant
1533 4366 1673 4475 ahrqin
1688 4369 1764 4473 pri-

339 4507 475 4616 vilegio
491 4524 638 4599 nocuo,
654 4505 694 4582 in
707 4505 912 4612 dampnum
925 4521 968 4582 or
981 4502 1235 4611 prejudicium
1253 4500 1397 4584 abbatis
1409 4518 1447 4580 et
1459 4516 1661 4596 wauceles
1674 4499 1764 4584 eici

339 4639 414 4719 loci
435 4638 531 4716 etin
549 4651 809 4744 contemplum
830 4651 1004 4714 nostrum
1026 4652 1067 4714 et
1089 4633 1309 4716 scandalum
1332 4632 1466 4740 patrie,
1489 4630 1579 4714 lieet
1597 4631 1764 4738 ajudica

340 4785 470 4848 nostro
486 4769 628 4877 majore
649 4769 689 4844 in
715 4767 930 4846 scmmllia
950 4765 1182 4846 Ruthenunci
1209 4763 1413 4846 inhibitum
1438 4760 1569 4846 flesset
1594 4761 1765 4868 personis

318 4898 524 5010 'predictis'
547 4929 591 4978 ex
615 4917 720 5008 parte
746 4917 890 4991 nostra,
916 4899 989 4978 sub
1013 4926 1110 5007 pene
1134 4896 1240 4977 mille
1263 4895 1448 4978 librarum
1467 4893 1763 4984 Toronaicum,

340 5034 451 5113 nobis
473 5032 712 5141 applicanda,
732 5060 781 5110 ne
797 5030 998 5110 nonedam
1021 5029 1192 5138 predicto
1217 5045 1412 5108 urerentur
1434 5055 1503 5106 nec
1527 5055 1568 5107 ee
1592 5036 1765 5131 gererent

1587 5180 1634 5239 33.
