4450 6209
746 746 1014 856 snoutrss
1040 768 1106 839 nr
1132 749 1338 841 rnocts.
1680 770 1753 843 ass

319 914 391 991 luit
412 913 460 991 ad
478 908 719 989 reddendum
742 911 851 988 dictis
872 912 1025 988 duobus
1043 912 1204 1001 valletis,
1225 910 1400 987 videlicet
1418 912 1520 989 dicto
1541 914 1754 991 lobanneto
1793 918 1923 972 Parma
1936 920 1980 981 IV·

319 1046 538 1152 quindecim
553 1042 728 1121 denarios
742 1042 988 1134 Parisienses,
1006 1044 1164 1121 etdicto
1176 1042 1346 1121 ‘Mahieto
1364 1062 1449 1121 octo
1465 1046 1640 1125 denarios
1654 1048 1755 1123 Pari·
1855 1010 1919 1053 Μ’

319 1178 477 1264 denses,
496 1202 566 1281 pro
584 1174 687 1251 victu
700 1202 833 1251 eorum
852 1173 1022 1279 qualibet
1044 1175 1124 1264 die,
1147 1174 1330 1281 quamdiu
1352 1176 1422 1281 ipsi
1443 1177 1557 1254 vitam
1578 1178 1754 1255 duxerint

319 1310 357 1383 in
380 1308 573 1398 humanis,
596 1324 634 1383 et
652 1306 965 1383 adreddendum
988 1304 1314 1411 dictoRadulpho
1332 1308 1458 1384 omnia
1481 1308 1581 1386 bona
1600 1338 1665 1386 sua
1686 1338 1755 1415 per

320 1440 486 1518 eundem
506 1440 718 1517 Iohannem
741 1455 942 1543 asportata,
964 1440 1004 1514 in
1026 1438 1126 1516 dicta
1150 1439 1325 1545 inquesta
1345 1432 1542 1529 contenta,
1566 1457 1604 1516 et
1623 1468 1755 1519 omnes

320 1574 448 1648 misius
462 1600 555 1678 quas
567 1572 648 1677 ipse
660 1570 749 1648 fecit
764 1572 805 1647 in
817 1570 1023 1649 mediciset
1035 1570 1133 1662 aliis,
1149 1598 1219 1677 pro
1233 1572 1430 1648 curacione
1445 1572 1632 1649 dictorum
1644 1573 1757 1650 valle-

324 1724 449 1781 torum
469 1732 628 1780 suorum
654 1720 692 1779 et
715 1704 989 1809 prosequcione
1013 1704 1160 1810 negocii
1180 1699 1403 1807 supradicti,
1426 1721 1480 1793 et,
1501 1731 1572 1810 pro
1596 1705 1755 1781 emenda

322 1836 407 1910 facti
420 1835 656 1942 hujusmodi,
672 1835 849 1911 dominus
859 1836 936 1911 Rex
946 1834 1104 1924 fructus,
1119 1835 1240 1912 exitus
1255 1852 1293 1911 et
1305 1852 1508 1941 proventus
1520 1836 1642 1913 tocius
1656 1853 1755 1913 terre
1826 1908 1834 1915 .

319 1965 412 2041 dicti
432 1966 613 2041 Iohannis
633 1994 677 2041 ex
697 1965 846 2071 integro
869 1965 1050 2070 percipiet
1070 1984 1108 2042 et
1128 1964 1266 2043 levabit
1286 1994 1493 2069 perunum
1515 1994 1668 2043 annum.

379 2068 410 2170 I.
436 2098 484 2172 de
503 2096 624 2175 Voissi
646 2096 858 2203 reportavit.

377 2228 478 2305 lovis
493 2245 578 2333 post
597 2242 762 2307 sanctam
779 2228 947 2305 Luciam.

380 2494 503 2573 CVIII.
533 2486 632 2571 Cum
645 2493 811 2571 decanus
823 2510 861 2569 et
872 2491 1080 2598 capitulum
1093 2478 1430 2585 SanctissQuintini,
1444 2493 1482 2568 in
1496 2494 1753 2583 Viromandis,
1883 2558 1888 2573 .

324 2627 362 2701 in
384 2654 451 2702 sua
475 2625 641 2732 prisione
661 2642 812 2731 captum
831 2641 1007 2700 tenerent
1026 2623 1221 2701 Matheum
1242 2621 1393 2731 AigneL
1416 2652 1549 2701 eorum
1574 2627 1756 2732 majorem
1863 2618 1869 2627 ’

295 2784 300 2790 ·
325 2759 372 2834 de
391 2757 615 2847 Baonviller‚
635 2785 705 2862 pro
726 2785 771 2832 eo
791 2756 897 2863 quod
916 2755 1115 2831 dicebatur
1132 2754 1238 2861 quod
1254 2754 1357 2831 idem
1371 2756 1502 2863 major,
1521 2758 1559 2832 in
1573 2756 1689 2833 domo
1711 2758 1758 2833 de

322 2888 546 2979 Baonviller,
574 2888 762 2966 dictorum
789 2887 921 2964 decani
948 2904 986 2963 et
1011 2886 1182 2993 capituli,
1209 2904 1460 2993 receptaverat
1481 2889 1666 2995 quosdam
1691 2889 1758 2997 qui

326 3021 564 3099 domicellam
582 3020 630 3097 de
646 3020 933 3099 Cordemanche
948 3020 1116 3125 rapuisse
1137 3018 1371 3112 dicebantur,
1387 3018 1545 3099 ballivus
1563 3021 1759 3099 Viroman-

325 3153 467 3240 dcnsis,
487 3169 642 3258 propter
660 3150 800 3227 sactum
821 3150 1060 3256 hujusmodi,
1087 3150 1135 3226 ad
1160 3178 1316 3227 manum
1335 3150 1481 3227 domini
1501 3152 1611 3259 Regis
1632 3155 1760 3258 posuit

325 3285 463 3361 dictam
482 3285 656 3370 domum,
670 3282 938 3389 justiciamque
958 3280 1149 3357 dictorrnn
1173 3281 1304 3359 decani
1325 3298 1363 3358 et
1384 3282 1537 3389 capituli
1558 3301 1596 3360 et
1617 3286 1757 3362 dictum

328 3418 525 3523 rnajorem,
552 3444 668 3522 quem
692 3415 740 3490 de
762 3413 929 3521 prisione
949 3414 1173 3489 eorumdem
1195 3414 1367 3503 extraxit;
1390 3417 1564 3521 quocirca
1582 3416 1670 3492 dicti
1692 3418 1758 3494 de-

327 3578 442 3641 canus
463 3565 501 3624 et
526 3547 734 3654 capitulum
759 3546 955 3652 pecierunt
981 3574 1021 3621 se
1046 3544 1095 3621 de
1125 3544 1227 3623 dicto
1250 3546 1392 3654 majore
1418 3574 1487 3624 suo
1516 3548 1693 3637 resaisiri,
1722 3564 1759 3625 et

327 3709 483 3756 manum
504 3677 650 3757 domini
676 3678 788 3785 Regis
811 3678 858 3753 de
878 3660 1060 3784 predictis
1077 3676 1196 3753 domo
1218 3694 1256 3753 et
1275 3677 1424 3784 justicia
1446 3679 1631 3769 amoveri,
1657 3679 1759 3756 dicto

327 3812 465 3891 ballivo
480 3812 607 3917 plures
623 3812 792 3889 raciones
804 3811 844 3885 in
858 3810 1089 3887 contrarium
1104 3828 1340 3916 proponente
1358 3840 1367 3885 ε
1384 3810 1533 3887 Auditis
1549 3812 1664 3920 igitur
1677 3837 1760 3919 par·

326 3946 431 4023 tibus
449 3943 662 4035 antedictis,
685 3943 761 4020 visu
782 3943 899 4019 eciam
920 3942 1085 4049 quadam
1107 3942 1279 4048 inquesta
1298 3970 1414 4049 super
1433 3943 1506 4019 hoc
1524 3968 1594 4049 per
1615 3943 1759 4021 dictum

329 4077 510 4154 ballivum
532 4073 641 4163 iacta,
663 4103 732 4180 per
749 4090 933 4151 arrestum
954 4091 1082 4151 nostre
1097 4073 1200 4149 curie
1217 4072 1362 4149 dictum
1379 4072 1451 4150 fuit
1466 4074 1571 4180 quod
1591 4075 1681 4152 dicti
1697 4076 1762 4153 de-

332 4238 445 4285 canus
465 4225 503 4285 et
522 4205 729 4310 capitulum
746 4204 794 4281 de
813 4204 913 4281 dicto
929 4206 1071 4311 majore
1087 4230 1157 4279 suo
1170 4203 1421 4292 resocientur,
1437 4222 1475 4280 st
1489 4205 1595 4310 quod
1611 4234 1761 4283 amove-

330 4342 434 4419 bitur
454 4340 551 4417 dicta
571 4366 705 4415 manus
727 4337 874 4413 domini
893 4337 1005 4444 Regis
1025 4336 1193 4441 apposita
1212 4334 1252 4409 in
1272 4335 1450 4440 predictis
1470 4336 1585 4413 domo
1607 4355 1644 4413 et
1658 4338 1763 4443 justi-

332 4473 387 4548 cia
401 4470 647 4559 eorumdem3
663 4468 786 4575 stipsi
803 4468 970 4544 decanus
981 4483 1019 4543 et
1032 4464 1239 4571 capitulum
1251 4464 1386 4541 iaciant
1397 4484 1512 4572 super
1522 4468 1594 4543 hoc
1603 4467 1762 4544 ulterius

332 4604 437 4709 quod
451 4602 657 4681 debebunt.

390 4738 493 4811 Lune
509 4752 596 4811 ante
610 4732 840 4811 Brandones.

392 5000 485 5078 CIX.
516 5001 615 5079 Cum
636 5001 677 5076 in
703 5027 828 5090 causa,
858 5026 984 5075 coram
1009 4994 1201 5102 preposito
1223 4993 1420 5073 Parisiensi
1441 4994 1648 5101 pendente,
1666 4993 1765 5069 inter

336 5133 496 5209 heredes
511 5131 677 5208 defuncti
692 5129 873 5208 Iohannis
889 5130 936 5206 de
950 5128 1178 5221 silvanecto,
1195 5156 1238 5205 ex
1253 5154 1328 5203 una
1342 5142 1465 5233 parte,
1484 5144 1521 5203 et
1536 5125 1763 5234 Dyonisium

1629 5289 1679 5353 63.
