4450 6209
757 660 1017 769 avonsrns
1042 679 1107 751 nr
1133 657 1339 754 rnocns.
1681 683 1755 755 sos

339 824 567 902 contrarium
577 823 723 901 dicente
732 821 1479 929 quod,inpredictocontraetu,precium
1495 819 1753 911 intervenerat,
1793 831 1979 899 rmnsrrtv,

338 956 446 1033 etsie
466 953 512 1032 de
533 955 801 1033 consuetudine
819 955 937 1061 patrie
959 950 1095 1030 licebat
1113 951 1149 1030 ei
1171 952 1333 1030 retinere
1355 951 1512 1028 domum
1530 951 1753 1057 predictam,
1855 923 1918 967 Μ’

338 1086 515 1164 solvendo
526 1085 695 1192 precium
708 1086 933 1164 venditionis
944 1083 1123 1194 ejusdem,
1139 1110 1252 1189 quam
1266 1081 1440 1171 domum,
1453 1081 1591 1159 virtute
1601 1111 1758 1160 consue-

337 1216 481 1294 tudinis
498 1215 681 1322 predicte,
700 1215 905 1294 retinebat:
927 1218 1102 1321 Inquesta
1121 1213 1238 1324 igitur
1253 1239 1370 1318 super
1386 1208 1476 1302 boc,
1498 1212 1635 1291 vocatis
1649 1215 1760 1319 parti-

335 1346 423 1437 bus,
446 1345 693 1423 demandato
718 1347 819 1423 curie
847 1364 989 1437 nostre,
1011 1343 1121 1434 laeta,
1146 1344 1222 1422 visa
1251 1361 1289 1421 et
1312 1343 1513 1449 diligenter
1536 1344 1756 1429 examinata,

338 1478 426 1582 quia
447 1476 569 1554 dictus
587 1477 799 1555 Bernardus
818 1505 895 1556 non
919 1475 1090 1584 probauit
1108 1475 1149 1552 in
1167 1491 1361 1553 contractu
1379 1473 1549 1579 predicte
1568 1492 1759 1579 permuta-

336 1605 452 1684 tionis
472 1603 712 1685 intervenisse
731 1609 921 1714 precium,
945 1624 982 1685 et
1002 1607 1124 1684 dictus
1143 1609 1276 1684 Petrus
1303 1604 1474 1711 probavit
1498 1603 1642 1682 dictum
1668 1633 1758 1684 eon·

335 1753 498 1813 tractum
518 1767 657 1843 purum
674 1739 786 1816 brisso
802 1739 1042 1829 escambium,
1063 1767 1133 1845 per
1146 1737 1251 1815 curie
1267 1753 1395 1814 nostre
1408 1734 1611 1843 judicium,
1635 1736 1758 1814 dictus

338 1867 547 1945 bernardus
583 1869 879 1974 condempnatus
910 1868 982 1945 fuit
1008 1867 1054 1944 ad
1084 1865 1342 1973 recipiendum
1360 1865 1512 1943 ⁴dictum
1536 1868 1690 1943 Petrum
1717 1867 1757 1942 in

337 1993 413 2074 lide
430 2013 468 2073 et
483 1997 658 2104 homagio
679 2025 748 2074 sno
765 1998 812 2075 de
834 1998 949 2076 domo
967 1995 1134 2102 predicta
1149 2013 1188 2074 et
1200 1997 1283 2103 ejus
1301 1994 1558 2101 pertinenciis,
1573 2011 1611 2071 et
1629 1994 1678 2072 ad
1693 1994 1759 2075 de-

338 2123 573 2204 liberandum
599 2126 722 2204 eidem
749 2127 884 2204 dictam
904 2127 1061 2205 domum
1081 2155 1169 2203 cum
1188 2125 1429 2231 pertinenciis
1448 2126 1525 2204 suis
1552 2142 1590 2203 et
1614 2126 1663 2203 ad
1680 2154 1759 2204 res-

336 2253 551 2332 tituendum
573 2257 697 2333 eidem
720 2259 829 2334 Petro
852 2255 1010 2345 fructus,
1035 2257 1154 2334 exitus
1172 2273 1213 2333 et
1228 2271 1431 2361 proventus
1452 2254 1592 2333 levatos
1613 2272 1652 2331 et
1670 2283 1756 2360 per-

338 2399 466 2488 ceptos
477 2384 524 2461 de
540 2385 637 2462 dicta
654 2384 768 2464 domo
784 2401 822 2462 et
833 2385 1073 2493 pertinenciis
1089 2383 1260 2493 ejusdem
1276 2400 1481 2490 atempore
1496 2384 1758 2491 denegacionis
1829 2415 1836 2433 ·
1885 2409 1888 2414 ·

337 2513 515 2617 predicte.

397 2643 559 2722 Sabbato
578 2661 663 2750 post
676 2647 960 2724 Penthecosten.

393 2763 499 2851 Creci
519 2775 729 2881 reportavit.

393 3037 500 3115 XCV.
532 3038 628 3115 Cum
650 3040 769 3147 major
793 3056 831 3115 et
844 3039 958 3145 jurati
980 3039 1288 3127 silvanectenses,
1309 3065 1386 3116 una
1407 3067 1495 3116 cum
1514 3058 1757 3145 procuratore

338 3183 482 3256 nostro,
500 3167 668 3244 dicerent
688 3195 726 3244 se
747 3166 793 3243 ab
813 3168 968 3273 antiquo
986 3165 1100 3246 luisse
1116 3185 1155 3245 et
1169 3169 1303 3246 essein
1313 3169 1451 3246 saisina
1468 3169 1698 3276 percipiendi
1719 3189 1758 3276 et

339 3294 502 3372 habendi
521 3297 728 3403 minagium
743 3325 763 3372 a
778 3297 1081 3405 quibuscumque
1098 3299 1270 3403 personis
1278 3299 1539 3378 ecclesiasticis
1559 3317 1599 3377 et
1615 3302 1758 3378 secula·

339 3424 444 3502 ribus
456 3453 612 3533 granum
624 3425 872 3503 vendentibus
881 3425 1017 3503 invilla
1026 3427 1432 3534 predictaetbanleuca
1442 3428 1625 3534 ejusdem,
1636 3431 1757 3536 quod-

338 3584 412 3661 que
433 3556 472 3632 in
495 3555 589 3634 dicta
609 3555 697 3632 villa
711 3585 869 3665 granum
887 3557 1082 3635 venditum
1097 3586 1175 3635 nou
1188 3575 1311 3666 potest
1324 3587 1394 3636 nec
1415 3559 1529 3637 debet
1546 3563 1756 3639 mensurari

338 3686 409 3764 nisi
429 3687 475 3762 ad
497 3713 709 3764 mensuram
732 3687 933 3765 dinteville
954 3689 1147 3782 duntaxat,
1170 3706 1223 3778 et,
1244 3690 1276 3767 si
1294 3689 1345 3766 ad
1364 3717 1580 3768 mensuram
1597 3690 1756 3768 alienam
1846 3737 1850 3744 ·

339 3833 601 3905 mensuretur,
612 3817 754 3894 dictum
778 3847 934 3925 granum
954 3837 993 3895 ct
1010 3846 1184 3897 mensura
1203 3819 1422 3926 hujusmodi
1441 3836 1633 3926 tamquam
1650 3821 1757 3900 soris-

340 3945 433 4020 sacta
448 3944 556 4021 nobis
571 3961 609 4021 et
622 3943 718 4022 dicte
736 3946 838 4038 ville,
852 3949 892 4024 in
905 3966 1088 4054 quantum
1103 3949 1152 4025 ad
1166 3965 1338 4028 nostrum
1353 3950 1563 4056 quemlibet
1576 3953 1756 4057 pertinet,-

341 4073 480 4151 debent
499 4075 695 4180 applicari,
718 4076 819 4152 unde
840 4105 926 4154 cum
945 4079 1132 4156 Robertus
1162 4081 1209 4156 de
1228 4080 1442 4159 Villa-Nova
1463 4100 1501 4159 et
1529 4082 1757 4188 Reginaldus

341 4204 512 4296 Penleve,
534 4204 713 4310 capellani
730 4207 884 4283 ecclesie
903 4208 1257 4286 Sancti-Frambaldi
1271 4209 1581 4298 silvanectensis,
1598 4240 1757 4318 granum

342 4337 379 4411 in
391 4335 617 4442 quibusdam
633 4337 742 4414 certis
755 4336 930 4415 domibus
940 4338 1037 4415 dicte
1048 4337 1133 4415 ville
1145 4338 1393 4430 vendiderint,
1407 4368 1476 4418 nec
1486 4339 1601 4418 buerit
1608 4349 1756 4418 mensu-

340 4481 464 4542 ratum
481 4466 528 4543 ad
544 4491 757 4544 mensuram
777 4469 876 4546 dicte
889 4467 992 4555 ville,
1014 4467 1081 4544 sed
1098 4468 1147 4545 ad
1163 4495 1378 4546 mensuram
1396 4467 1575 4558 alienam,
1601 4468 1757 4548 licencia

342 4595 549 4701 minagiarii
570 4595 666 4673 dicte
682 4596 769 4674 ville
785 4625 861 4675 non
875 4598 990 4705 petita
1009 4627 1078 4674 nec
1094 4597 1265 4688 obtenta,
1287 4599 1466 4705 petebant
1482 4615 1702 4704 procurator
1721 4620 1759 4680 et

342 4723 460 4829 major
478 4726 637 4830 predicti
657 4727 801 4804 dictum
821 4755 978 4834 granum
997 4745 1035 4805 et
1048 4754 1262 4806 mensuram
1276 4729 1482 4835 predictam
1497 4728 1608 4806 nobis
1620 4747 1658 4807 et
1669 4730 1758 4837 ipsis

341 4869 532 4958 tamquam
546 4855 785 4949 forisfactam,
798 4874 911 4965 prout
923 4859 971 4936 ad
985 4859 1195 4965 quemlibet
1205 4877 1379 4938 nostrum
1390 4860 1570 4966 pertinet,
1581 4861 1757 4968 applicari

343 4999 380 5058 et
395 4982 610 5075 deliberari,
630 4987 804 5094 ipsosque
824 4988 864 5063 in
879 4988 1014 5066 saisina
1031 4989 1264 5098 percipiendi
1278 5007 1318 5067 et
1330 4988 1476 5069 levandi
1496 4992 1701 5098 minagium
1716 4994 1755 5069 in

1558 5144 1606 5226 76.
