4450 6209
511 725 586 796 226
1098 719 1188 793 Lus
1219 717 1357 792 OLlM.

278 873 410 928 ranan
428 868 474 933 ll,
512 883 610 955 rant,
629 881 802 973 petentes
820 861 1026 970 predictam
1047 861 1275 940 sentenciam
1297 857 1440 937 nullam
1461 857 1720 965 pronunciari,
1736 857 1816 950 vel,
1834 860 1866 938 si
1886 888 1940 940 es

349 963 413 1008 tstt.

513 1014 572 1074 set
582 997 724 1104 aliqua,
742 997 918 1104 injustam
932 993 1100 1082 decerni,
1117 1008 1358 1101 procuratore
1373 1007 1503 1070 nostro
1518 990 1689 1096 predicto
1706 991 1938 1069 contrarium

513 1125 683 1206 dicente:
699 1127 788 1206 Viso
803 1125 903 1203 dicte
923 1151 1032 1202 cause
1043 1123 1152 1203 totali
1168 1151 1361 1231 processu,
1378 1121 1669 1229 pronunciatum
1686 1120 1772 1212 luit,
1789 1149 1858 1229 per
1872 1149 1939 1201 cu-

509 1258 566 1334 rie
586 1276 713 1335 nostre
728 1256 936 1365 judicium,
957 1256 1101 1334 dictum
1121 1253 1367 1334 senescallum
1385 1253 1484 1332 male
1498 1251 1781 1361 pronunciasse,
1799 1270 1837 1330 et
1858 1254 1938 1332 dic·

509 1407 568 1466 tos
587 1389 766 1496 conjuges
782 1387 881 1466 bene
905 1386 1123 1493 appellasse.

564 1520 606 1596 ln
625 1517 722 1598 festo
742 1519 844 1597 beati
861 1517 1025 1596 Andree.

564 1649 725 1730 Cuillier
743 1651 955 1758 reportavit.

565 1915 608 1993 V.
641 1915 682 1990 ln
699 1942 825 2005 causa,
843 1942 969 1992 coram
983 1916 1185 1992 camerario
1198 1915 1496 1995 Sancti-Victoris
1508 1914 1743 2005 Parisiensis,
1761 1931 1865 1993 mota
1879 1915 1933 1992 in·

509 2061 568 2120 ter
580 2043 832 2122 Guillelmum
852 2045 901 2124 de
916 2046 1178 2140 Monsterolio‚
1195 2045 1283 2124 alias
1296 2026 1440 2124 dictum
1455 2045 1642 2135 Csorsini,
1660 2071 1705 2124 ex
1717 2061 1822 2152 parte
1837 2075 1931 2133 una,

511 2190 549 2248 et
567 2175 721 2252 Mariam
742 2177 927 2265 Franche,
949 2175 1148 2266 Aalesiam,
1170 2175 1337 2254 relictam
1357 2175 1526 2254 defuncti
1546 2176 1695 2254 Thome
1715 2175 1806 2254 dicti
1826 2177 1933 2256 Cra>

509 2304 656 2394 tuisim,
680 2322 718 2382 et
737 2306 881 2385 liberes
900 2307 1088 2386 dictorum
1108 2308 1257 2384 Thome
1275 2323 1312 2384 et
1326 2307 1492 2396 Aalesie,
1511 2336 1553 2386 ac
1572 2309 1691 2386 eciam
1705 2324 1852 2386 tutores
1866 2337 1932 2386 seu

507 2453 698 2515 curatores
716 2437 906 2516 dictorum
920 2438 1149 2526 liberorum,
1168 2467 1212 2515 ex
1229 2437 1362 2528 altera,
1377 2468 1491 2546 super
1506 2467 1552 2516 eo
1563 2439 1672 2546 quod
1692 2439 1814 2518 dictus
1832 2437 1933 2519 Guil-

506 2566 662 2659 lelmus,
677 2568 806 2646 dicens
821 2569 964 2646 dictum
976 2570 1167 2647 Thomam
1180 2570 1500 2678 consanguineum
1510 2599 1623 2648 suum
1634 2568 1763 2660 luisse,
1779 2569 1931 2676 etquod

508 2700 633 2778 dictus
652 2702 835 2792 Thomas,
862 2703 956 2780 dum
979 2703 1134 2790 viveret,
1153 2729 1243 2778 eum
1265 2699 1418 2780 tenebat
1438 2729 1508 2808 pro
1535 2729 1604 2779 suo
1631 2703 1929 2810 consanguineo,

508 2830 660 2936 petebat
687 2859 813 2909 coram
841 2833 944 2910 dicto
973 2833 1178 2910 camerario
1205 2861 1262 2920 se,
1288 2850 1467 2940 tauquam
1493 2833 1814 2938 consanguineum
1844 2833 1928 2910 dicti

508 2963 675 3054 Thome,
693 2961 859 3052 admitti,
875 2964 1066 3042 mediante
1082 2980 1121 3040 et
1136 2962 1259 3042 oblata
1276 2963 1406 3055 bursa,
1422 2983 1537 3071 prout
1554 2963 1669 3042 debet
1686 2962 1788 3053 fieri,
1806 2967 1855 3042 ad
1874 2991 1929 3042 re-

507 3091 734 3168 traccionem
764 3093 961 3201 cujusdam
986 3094 1123 3172 domus
1153 3112 1190 3171 et
1219 3096 1469 3203 quarumdam
1495 3095 1750 3173 hereditatum
1778 3096 1827 3172 ad
1857 3095 1929 3174 dio·

507 3214 585 3299 tam
605 3221 763 3305 domum
782 3226 1078 3334 pertinencium,
1096 3253 1171 3334 que
1196 3226 1343 3304 fuerant
1364 3227 1453 3305 dicti
1474 3227 1624 3304 Thome
1648 3245 1686 3304 et
1712 3245 1818 3305 erant
1836 3245 1929 3306 tem·

507 3379 599 3459 pore
615 3381 693 3461 quo
715 3355 891 3446 decessit,
910 3375 949 3436 et
963 3387 1032 3464 per
1050 3375 1213 3436 mertem
1234 3359 1316 3467 ejus
1337 3357 1562 3436 devenerant
1581 3357 1630 3435 ad
1650 3358 1771 3436 dictos
1791 3355 1928 3437 liberos

508 3483 598 3561 dicti
618 3485 786 3576 Thome,
808 3517 902 3595 quas
922 3488 1079 3566 domum
1103 3505 1141 3566 et
1162 3489 1390 3568 hereditates
1410 3489 1499 3566 dicti
1526 3488 1636 3566 liberi
1656 3505 1696 3566 et
1715 3515 1850 3568 eorum
1868 3507 1927 3568 tu·

506 3631 608 3692 tores
631 3643 699 3694 seu
719 3634 910 3696 curatores
925 3618 1172 3697 vendiderant
1189 3619 1288 3697 dicte
1307 3620 1423 3699 Marie
1443 3621 1629 3712 Franch03
1647 3621 1688 3697 in
1707 3650 1783 3728 qua
1804 3650 1925 3712 causa,

505 3744 676 3852 partibus
698 3747 938 3852 presentibus
958 3767 996 3828 et
1009 3748 1058 3826 ad
1076 3749 1268 3857 judicium
1290 3749 1521 3859 adpunctatis
1541 3779 1666 3829 coram
1688 3750 1789 3831 dicto
1811 3779 1929 3832 came-

506 3875 629 3964 rario,
655 3876 777 3956 dictus
799 3881 1026 3958 camerarius
1050 3880 1171 3959 dictos
1194 3909 1280 3960 reos
1303 3882 1472 3988 predicto
1493 3881 1701 3962 Guillelmo
1726 3909 1794 3988 per
1817 3909 1928 3961 mrum

503 4005 693 4113 judicium
713 4010 1002 4117 condempnavit
1020 4011 1059 4090 in
1072 4011 1252 4119 predictis
1271 4041 1339 4120 per
1358 4013 1501 4091 dictum
1513 4011 1766 4093 Guillelmum
1784 4014 1928 4120 petitis,

488 4165 530 4250 ‚a
548 4164 626 4242 quo
641 4137 825 4244 judicato,
847 4159 1041 4250 tamquam
1061 4141 1155 4222 salso
1179 4159 1217 4220 et
1234 4171 1368 4251 pravo,
1390 4143 1479 4222 dicti
1499 4145 1634 4236 Maria,
1655 4143 1798 4222 Aalesia
1822 4161 1871 4222 et.
1884 4144 1929 4221 li·

507 4266 589 4343 beri
610 4297 652 4344 ac
672 4297 805 4347 eorum
828 4289 987 4363 tutores,
1009 4274 1057 4351 ad
1078 4292 1251 4353 nostrum
1272 4275 1506 4382 prepositum
1532 4275 1781 4354 Parisiensem
1807 4275 1929 4383 appel·

506 4397 693 4489 laverunt;
715 4403 781 4508 qui
801 4404 1033 4511 prepositus,
1054 4406 1211 4483 indicta
1231 4433 1339 4483 causa
1358 4407 1583 4514 procedens,
1603 4405 1742 4484 auditis
1760 4406 1928 4514 parcium

506 4529 721 4608 nacionibus
733 4549 772 4609 et
782 4535 861 4612 viso
879 4535 981 4614 dicto
996 4563 1177 4643 processu
1193 4554 1231 4614 et
1245 4537 1415 4645 judicato
1429 4538 1602 4645 predicto
1618 4536 1706 4614 dicti
1717 4537 1925 4626 camerarii,

504 4685 694 4760 persuum
706 4663 896 4770 judicium
910 4669 1171 4773 pronunciavit
1186 4669 1332 4746 dictum
1351 4669 1595 4745 camerarium
1610 4667 1705 4745 male
1721 4668 1925 4776 judicasse,

507 4802 545 4864 et
562 4791 750 4894 predictos
769 4795 998 4903 appellantes
1016 4799 1114 4876 bene
1128 4799 1355 4907 appellasse;
1376 4827 1486 4908 aquo
1497 4799 1666 4908 judicato
1684 4800 1773 4878 dicti
1793 4827 1927 4908 prepo-
2046 4789 2059 4810 ’

507 4917 583 5006 siti,
604 4937 780 5029 tanquam
797 4955 818 5002 a
837 4927 930 5008 falso
949 4948 988 5008 et
1006 4959 1136 5039 pravo,
1155 4931 1278 5010 dictus
1298 4930 1528 5012 Guillelmus
1546 4932 1595 5007 ad
1615 4959 1686 5008 nos
1704 4929 1924 5038 appellavit:

504 5048 602 5128 Visis
628 5053 744 5160 igitur
763 5062 999 5164 processibus
1028 5063 1207 5142 omnibus
1230 5081 1268 5141 et
1283 5063 1460 5172 judicatis
1481 5063 1684 5169 predictis,
1713 5062 1925 5170 auditisque
