4450 6209
746 721 1013 829 nnouerrs
1039 736 1105 809 nr
1133 716 1339 813 reeens.
1684 735 1754 811 atr

328 903 491 992 quatum
502 882 667 989 arpentis
680 897 799 971 terre,
812 881 894 959 sitis
908 877 1072 959 eereiies
1085 896 1123 956 et
1141 906 1190 957 en
1204 877 1407 968 l’ardillier,
1419 878 1495 957 sire
1511 880 1634 970 vinctu
1647 879 1756 969 item,
1797 886 1927 943 Pfflum
1940 890 1982 953 tv,

330 1016 377 1093 de
392 1015 553 1093 dimidio
567 1032 724 1121 arpento
740 1031 859 1103 terre,
876 1013 948 1090 sito
963 1010 1003 1087 in
1016 1008 1111 1086 valle
1127 1009 1390 1117 Guignabout3
1407 1010 1515 1103 item,
1534 1010 1582 1092 de
1600 1010 1762 1093 dimidio
1858 982 1920 1023 Μ’

328 1164 485 1253 arpento
505 1163 622 1234 terre,
646 1145 718 1223 sito
739 1144 779 1222 in
799 1144 933 1223 eadem
952 1141 1069 1233 velle3
1091 1142 1199 1234 item,
1218 1142 1265 1219 de
1284 1140 1407 1222 tribus
1426 1143 1625 1249 quarteriis
1641 1160 1756 1236 terre,
1790 1136 1793 1144 ¹

329 1278 516 1386 contiguis
536 1279 594 1355 vie
620 1278 668 1355 de
687 1276 968 1368 vider-lesam
989 1274 1100 1363 item,
1130 1272 1177 1351 de
1200 1300 1277 1353 uno
1297 1274 1487 1381 quarterio
1507 1292 1628 1365 terre,
1645 1276 1717 1355 sito
1739 1306 1760 1352 a

328 1409 505 1500 Semelli3
525 1410 635 1499 item,
657 1410 705 1485 de
728 1426 881 1487 eentum
903 1424 941 1485 et
962 1434 1098 1484 novem
1120 1404 1262 1483 dizenis
1285 1405 1487 1513 getharum
1506 1407 1630 1500 bladi,
1646 1438 1760 1517 super

328 1541 440 1621 dietis·
452 1540 566 1619 terris
586 1558 678 1619 tune
701 1539 1023 1628 exisnntihus,.ct
1043 1535 1129 1643 aliis
1144 1534 1537 1619 fructibus-dictarum
1552 1555 1756 1629 terrarum,

327 1702 443 1782 quare
462 1672 614 1780 petebat
641 1672 767 1751 dictus
787 1672 970 1752 Henrious
995 1698 1052 1763 se,
1081 1668 1240 1749 nomine
1265 1697 1342 1777 quo
1369 1698 1497 1777 supra,
1524 1671 1571 1749 ed
1592 1666 1760 1777 predicte

325 1805 488 1897 restitui,
505 1822 547 1883 et
558 1833 602 1883 ea
621 1804 693 1887 sibi
712 1803 837 1895 reddi,
852 1830 1029 1883 unacum
1046 1799 1232 1884 fructibus
1251 1798 1318 1907 qui
1338 1802 1504 1908 percepti
1520 1800 1677 1881 suerunt
1691 1831 1759 1883 seu

325 1936 467 2043 percipi
485 1952 699 2042 potuerunt
714 1936 863 2015 exinde.
889 1936 973 2015 Lite
990 1959 1083 2014 vero
1099 1932 1268 2039 predicta
1283 1934 1491 2039 pendente,
1515 1933 1637 2015 dictus
1657 1936 1759 2015 Hen-

326 2067 426 2145 ricns
441 2066 559 2146 rebus
575 2067 750 2145 hmnenis
768 2065 841 2148 tuit
861 2082 1072 2174 exemptus,
1092 2065 1237 2147 relictio
1256 2081 1419 2172 quotuor
1442 2064 1588 2160 liberis,
1610 2068 1760 2150 heredi-

326 2198 400 2279 bus
418 2199 515 2288 suis,
536 2226 704 2307 quorum
723 2196 930 2288 liebertus,
950 2226 1052 2277 unus
1071 2198 1119 2279 de
1136 2196 1245 2277 dietis
1265 2195 1369 2287 filiis,
1391 2226 1461 2307 pro
1480 2226 1519 2277 se
1540 2217 1579 2277 et
1598 2197 1684 2279 aliis
1696 2229 1760 2279 eoa

327 2328 533 2407 heredibus
554 2329 651 2421 anis,
671 2330 775 2412 dicto
796 2358 906 2411 muse
926 2328 1091 2435 suscepit
1108 2328 1441 2436 prosequcionem,
1464 2328 1506 2406 in
1530 2358 1576 2411 eo
1596 2346 1695 2409 stetu
1719 2333 1757 2409 in

328 2489 405 2567 quo
419 2478 514 2550 erat,
532 2476 702 2568 tempore
719 2490 796 2569 quo
812 2462 936 2541 dietus
955 2460 1142 2541 Henrieuo
1162 2459 1339 2553 decessit3
1362 2459 1460 2537 dicte
1476 2488 1564 2537 vero
1586 2460 1756 2554 domne,

325 2620 396 2698 pre
416 2622 456 2671 se
476 2610 516 2671 et
533 2592 662 2671 liberie
682 2593 777 2685 seis,
793 2594 834 2673 in
846 2593 1078 2671 centrarium
1097 2620 1248 2671 cautem
1268 2591 1490 2699 hujusmodi
1512 2590 1755 2683 defendente,

327 2740 365 2801 et
383 2722 535 2802 dicente
547 2725 757 2830 predictam
776 2704 1061 2803 restitucionem
1075 2723 1158 2803 fieri
1179 2751 1257 2803 non
1278 2724 1434 2816 debere,
1452 2742 1507 2814 et,
1528 2724 1577 2801 ad
1597 2726 1703 2804 ourie
1722 2744 1762 2803 et
1842 2752 1845 2759 ·

325 2855 556 2965 cognicionis
567 2855 659 2934 dicti
666 2858 846 2965 prepositi
859 2856 1171 2945 decimacionem,
1184 2855 1313 2963 pieres
1323 2856 1494 2935 raciones
1502 2874 1755 2963 propeucrrt03

326 3016 439 3094 nuper
459 2988 601 3096 quibus
619 2988 853 3079 nacionibus,
873 2989 972 3066 dicta
992 2988 1167 3077 domina,
1189 2988 1438 3095 nomineque
1459 3017 1587 3095 supra,
1606 2988 1759 3095 petebat

328 3136 414 3198 ante
442 3121 571 3198 omnia
595 3119 669 3198 sibi
696 3120 780 3200 fieri
798 3120 952 3229 justicie
975 3119 1323 3227 complementum
1350 3120 1523 3210 tandem,
1544 3119 1756 3226 judicatum

325 3250 398 3329 fuit
424 3281 493 3359 per
518 3252 733 3358 predictum
762 3251 997 3359 prepositum
1024 3249 1147 3358 quod,
1179 3250 1519 3343 nonobstantibus
1543 3252 1759 3333 racionibue

328 3383 426 3461 dicte
445 3383 619 3473 domine,
639 3383 729 3461 dicti
745 3384 908 3461 heredes
925 3382 1023 3459 bene
1038 3381 1288 3488 probaverant
1306 3382 1564 3460 intencionem
1580 3410 1702 3475 suem,
1721 3405 1760 3463 et

328 3542 391 3593 eos
411 3514 551 3593 debere
575 3514 723 3593 restitui
745 3514 793 3593 de
815 3513 995 3621 predictis
1014 3511 1183 3620 arpentis
1202 3528 1301 3589 terre
1323 3530 1362 3591 et
1384 3512 1430 3590 de
1450 3512 1599 3591 duobus
1620 3516 1757 3593 modiis

324 3645 446 3738 bladi,
465 3675 632 3736 necnon,
654 3676 723 3755 pro
743 3646 929 3725 fructibus
947 3645 1037 3723 inde
1058 3645 1262 3751 perceptis,
1279 3645 1458 3722 ducentas
1471 3644 1587 3723 libras
1605 3664 1759 3725 monete

326 3778 526 3868 currentis,
542 3779 643 3857 dicta
655 3777 886 3885 spoliariene
901 3777 1079 3865 durante,
1095 3775 1233 3853 debere
1250 3775 1363 3854 reddi
1380 3775 1540 3867 eisdem,
1555 3806 1668 3885 super
1685 3779 1758 3856 hiis

327 3909 463 3988 dictam
476 3911 687 4001 dominam,
700 3912 943 4017 nomineque
953 3937 1081 4016 supra,
1094 3907 1430 4016 condempnend03
1445 3936 1465 3985 e
1480 3938 1557 4016 quo
1569 3909 1755 4018 judicato,

325 4058 507 4148 tanquam
526 4041 619 4119 falso
640 4058 679 4119 et
704 4071 834 4149 pravo,
854 4056 1076 4148 procurator
1096 4040 1197 4118 dicte
1217 4039 1390 4127 domine,
1414 4040 1575 4119 nomine·
1594 4070 1672 4148 quo
1696 4072 1759 4120 sn·-

327 4203 408 4279 pra,
434 4172 484 4251 ad
502 4172 648 4250 curiam
669 4190 837 4251 nostram
855 4171 1054 4279 appellarit
1070 4202 1079 4247 ε
1096 4170 1247 4250 Auditis
1265 4172 1380 4279 igitur
1400 4170 1510 4249 dictis
1529 4172 1698 4279 partibus
1720 4175 1757 4250 in

327 4333 437 4385 causa
460 4304 729 4413 appellacionis
753 4304 940 4412 predicte,
964 4302 1120 4409 visoque
1145 4301 1347 4410 diligenter
1371 4330 1551 4408 processu·
1568 4303 1764 4409 predicto„

327 4464 395 4543 per
418 4438 522 4517 curie
546 4454 674 4515 nostre
694 4434 885 4546 judicium
909 4434 1055 4511 dictum
1080 4432 1154 4511 fcit
1171 4434 1383 4539 predictum
1404 4431 1639 4539 prepositum
1660 4434 1758 4511 male

326 4570 608 4676 pronunciasse,
636 4598 739 4662 cum,
766 4585 855 4646 ante
879 4566 1024 4659 omnia,
1052 4564 1246 4644 debuisset
1273 4592 1387 4671 super
1409 4562 1632 4641 reddicione
1656 4564 1757 4643 curie

322 4701 529 4808 judicasse,
550 4720 589 4781 et
609 4701 824 4811 judicatum
845 4698 1067 4808 hujusmodi
1089 4714 1216 4777 nostre
1242 4697 1344 4775 curia
1370 4695 1566 4787 antdinvit;
1593 4695 1680 4803 quia
1704 4714 1759 4773 te-

329 4860 419 4909 men
434 4832 632 4913 intentum.
649 4852 720 4925 est,
741 4862 810 4942 per
829 4834 974 4913 dictum
994 4858 1229 4939 processum,
1257 4829 1398 4907 dictam
1415 4827 1624 4919 dominam,
1646 4856 1761 4935 super

329 4963 528 5072 principali
550 4994 660 5043 rausa
681 4965 865 5072 predicta,
890 4992 1018 5042 eoram
1044 4962 1149 5040 dicto
1172 4962 1381 5069 preposito,
1407 4957 1661 5068 respondisse,
1685 4976 1759 5038 tes-
1878 5034 1886 5045 ,

329 5112 463 5203 tesque
480 5097 527 5175 ab
548 5114 707 5204 utreque
721 5115 826 5204 parte
847 5097 888 5173 in
907 5095 1040 5174 eadem
1059 5114 1169 5175 centa
1184 5094 1392 5203 productos
1403 5092 1535 5184 fuisse,
1553 5120 1660 5171 neusa
1676 5118 1760 5196 pre-
