4450 6209
499 704 574 785 280
1079 708 1169 781 LES
1199 704 1339 781 OLIM.

273 866 403 918 Parum
416 864 459 927 tv,
502 851 576 929 hoc
595 849 707 939 sacta,
727 867 765 927 et
779 852 857 927 viso
870 850 1039 956 judicato
1059 847 1248 955 predicto,
1269 876 1338 955 per
1358 848 1459 925 curie
1479 865 1606 926 nostre
1622 848 1827 956 judicium,
1847 850 1923 928 dic-

334 956 397 997 1508,

500 1000 582 1059 tum
598 982 670 1058 luit
687 1010 757 1060 nos
776 982 815 1057 in
832 981 965 1059 saisina
982 980 1238 1088 predictorum
1260 1008 1452 1057 remanere
1475 979 1635 1069 debere,
1655 997 1693 1059 et
1711 998 1922 1087 requestam

503 1114 690 1191 dictorum
708 1113 972 1220 religiosorum
992 1140 1069 1191 non
1086 1140 1168 1227 esse
1188 1110 1415 1199 faciendam,
1432 1110 1529 1189 salva
1547 1113 1587 1187 in
1612 1111 1833 1221 hujusmodi
1852 1114 1924 1191 dic·

501 1243 551 1321 tis
569 1242 754 1351 religiosis
771 1244 968 1349 questione
989 1242 1238 1350 proprietatis.

558 1375 686 1453 Martis
705 1374 883 1480 predicta.

559 1506 661 1611 Roya
673 1504 888 1610 reportavit.

556 1768 600 1843 X.
632 1766 731 1844 Cum
741 1766 857 1844 abbas
869 1783 908 1843 et
920 1780 1123 1843 conventus
1135 1765 1449 1874 Sancti-Dyenisii
1462 1764 1632 1843 dicerent
1645 1766 1922 1874 sibi,perjudi·

502 1900 603 1975 cium
629 1899 731 1975 curie
751 1915 898 1987 nostre,
920 1896 1171 2005 adjudicatam
1196 1896 1308 1975 fuisse
1329 1896 1503 1975 saisinam
1521 1897 1738 2006 justitiandi
1758 1899 1922 2006 hospites

502 2056 590 2107 suos
607 2058 650 2106 ac
664 2030 832 2135 hospites
848 2028 1071 2107 monialium
1085 2028 1623 2117 Sancte-BathildisdeKala,
1638 2029 1779 2107 invilla
1795 2048 1834 2107 et
1851 2047 1923 2111 ter-

501 2161 635 2239 riterio
654 2160 703 2239 de
719 2161 890 2268 Onyaeo,
907 2178 945 2237 et
958 2160 1081 2269 quod,
1098 2177 1254 2267 propter
1274 2158 1454 2239 debatum
1472 2190 1586 2267 super
1604 2160 1678 2238 hoc
1697 2178 1825 2267 postes
1846 2190 1923 2240 mo-

501 2307 583 2367 tum
602 2291 827 2399 interipsos,
842 2308 1171 2399 exunaparte,1et
1187 2288 1367 2369 ballivum
1382 2291 1713 2383 silvanectensem,
1730 2320 1773 2368 ex
1791 2292 1919 2382 altera,

501 2422 668 2528 predicta
681 2424 817 2501 saisina
836 2423 955 2529 posita
970 2423 1092 2500 luerat
1106 2439 1146 2500 et
1159 2422 1283 2501 adhuc
1297 2423 1498 2501 tenebatur
1510 2424 1556 2501 ad
1572 2450 1726 2501 menum
1739 2442 1919 2514 nostram,

500 2570 693 2661 tamqnam
705 2554 1077 2662 superioris,ballivo
1092 2570 1222 2632 nostro
1232 2582 1302 2659 pro
1315 2554 1427 2633 nobis
1444 2554 1484 2631 in
1497 2554 1726 2633 contrarium
1738 2546 1922 2634 asserente

501 2711 572 2767 nes
586 2687 675 2794 jure
697 2704 829 2765 nostro
860 2703 898 2763 et
922 2704 1116 2791 tamquam
1145 2703 1290 2791 partem
1319 2714 1399 2763 esse
1427 2686 1466 2762 in
1488 2685 1621 2763 saisina
1644 2685 1922 2793 predictorum:

502 2815 692 2903 Tandem,
710 2816 786 2890 visa
806 2816 978 2922 inquesta
997 2844 1112 2920 super
1130 2815 1203 2893 hoc
1223 2816 1271 2893 de
1292 2816 1470 2894 mandato
1490 2834 1621 2895 nostro
1640 2816 1749 2906 facta,
1771 2818 1924 2924 visoque

501 2964 632 3022 tenore
642 2945 800 3053 judicati
816 2946 992 3052 predicti,
1010 2974 1079 3051 per
1093 2946 1196 3023 curie
1212 2964 1341 3025 nostre
1352 2948 1560 3055 judicium,
1578 2949 1720 3025 dictum
1736 2947 1807 3026 fuit
1821 2950 1924 3056 quod

502 3076 673 3181 inquesta
698 3076 884 3184 predicta,
906 3092 1060 3183 propter
1083 3077 1268 3184 quosdam
1291 3078 1457 3156 defectus
1480 3081 1517 3155 in
1540 3105 1581 3156 ea
1605 3098 1789 3187 repertos,
1814 3079 1924 3185 perfi-

503 3206 625 3283 cietur
637 3224 677 3283 et
690 3207 729 3282 in
744 3236 787 3283 ea
800 3206 1042 3285 renovabitur
1054 3208 1267 3285 commissio
1281 3209 1328 3287 ad
1345 3209 1500 3288 eosdem
1516 3209 1708 3287 auditores
1718 3211 1801 3317 qui,
1816 3240 1925 3319 quan·

503 3355 586 3414 tum
599 3338 648 3415 ad
668 3338 788 3415 dictos
805 3338 976 3416 desectus
994 3338 1145 3445 plenius
1165 3340 1430 3446 inquirendos,
1452 3341 1664 3448 inquestam
1679 3342 1924 3449 complebunt

501 3470 721 3575 predictam.

557 3602 687 3678 Martis
699 3602 880 3708 predicta.

501 3818 533 3839 ι,
560 3733 885 3839 Royareportavit.

559 3992 620 4067 Xl.
650 3992 748 4069 Cum
767 4010 868 4069 mota
888 3990 1020 4072 fuisset
1041 3994 1228 4074 discordia
1248 3996 1287 4073 in
1315 3998 1418 4074 curia
1440 4015 1566 4077 nostra
1586 4000 1682 4077 inter
1706 4002 1922 4108 episcopum
2054 4000 2058 4007 ¹

503 4121 779 4211 Belvaeensem,
801 4151 844 4199 ex
864 4151 938 4200 una
958 4144 1078 4230 parte,
1099 4143 1137 4204 et
1155 4128 1335 4235 majorem
1356 4143 1395 4205 et
1408 4156 1516 4235 pares
1534 4128 1794 4222 Betvacenses,
1812 4162 1856 4209 ex
1872 4133 1923 4209 al-

503 4269 601 4341 tera,
629 4279 744 4359 super
768 4282 816 4331 eo
841 4255 945 4361 qnod
974 4256 1096 4334 dictus
1116 4257 1312 4364 episcopus
1331 4258 1485 4364 petebat
1507 4260 1613 4366 quod
1632 4261 1733 4338 bona
1750 4262 1921 4340 Garnerii

503 4382 551 4459 de
570 4382 765 4471 Credulio,
784 4384 965 4490 prepositi
985 4388 1043 4464 sui
1062 4386 1311 4477 Belvacensis,
1329 4405 1432 4496 capta
1446 4417 1515 4495 per
1529 4391 1712 4497 majorem
1732 4392 1923 4470 Belvaecn·

502 4542 599 4600 sem,
626 4532 666 4591 et
684 4514 756 4592 sibi
775 4515 959 4593 recredita
979 4544 1048 4623 per
1069 4544 1226 4594 manum
1246 4535 1430 4609 nostram,
1458 4518 1560 4599 dicto
1583 4522 1766 4601 Garnen'o
1786 4523 1922 4601 redde·

429 4758 431 4762 ι
500 4660 631 4720 rentur
650 4661 689 4721 et
709 4643 1018 4740 deliberarentur,
1041 4664 1080 4723 et
1096 4648 1202 4754 qnod
1224 4649 1344 4756 major
1359 4650 1608 4742 Belvaeensis,
1628 4682 1746 4760 quem
1765 4652 1922 4731 ballivus

504 4772 592 4848 dieti
615 4774 778 4881 episcopi
799 4794 968 4883 ceperat,
984 4804 1052 4884 pro
1072 4806 1119 4857 eo
1136 4778 1262 4885 quod,
1279 4806 1405 4856 coram
1418 4808 1483 4871 eo,
1504 4810 1616 4887 super
1633 4783 1731 4859 dicta
1745 4784 1920 4891 capcione

501 4900 676 4978 noluerat
694 4906 940 5008 respondere,
960 4908 1101 5014 etqui,
1120 4908 1159 4984 in
1178 4908 1343 5015 prisione
1361 4910 1454 4989 dicti
1474 4912 1654 5019 episcopi,
1676 4930 1832 5019 propter
1849 4914 1921 4990 hoe

502 5045 632 5135 eaptus
651 5048 690 5109 et
707 5032 883 5113 detentus
893 5064 965 5142 per
980 5054 1114 5145 gentes
1128 5055 1284 5131 nostras,
1304 5041 1426 5119 fuerat
1442 5043 1665 5132 recreditus‚
1683 5070 1752 5149 per
1770 5042 1920 5132 easdem
