4450 6209
731 728 1001 835 nnoutras
1026 743 1092 816 nr
1118 724 1323 818 cnonas.
1666 747 1740 819 615

319 917 395 998 que
411 889 490 995 ipse
504 887 647 966 dicitse
659 885 892 977 sustinuisse,
909 901 1063 992 propter
1077 883 1266 962 delectum
1280 883 1369 960 dicti
1383 885 1618 963 lobannisvin
1638 886 1740 985 solu·
1778 898 1908 952 Panare
1920 892 1963 960 tv,

320 1020 427 1098 cione
454 1018 573 1096 debiti
601 1017 823 1124 supradicti,
846 1017 1028 1124 quociens
1050 1016 1098 1093 de
1126 1015 1200 1092 hoo
1227 1015 1409 1120 conqueri
1436 1014 1613 1104 voluerit,
1641 1019 1743 1094 curia
1839 991 1903 1033 Μ’

320 1168 464 1239 nostra,
487 1149 623 1228 vocatis
636 1150 807 1256 partibus
826 1165 864 1226 et
878 1147 1030 1238 auditis,
1047 1143 1239 1224 exhibebit
1252 1147 1395 1224 eisdem
1411 1147 1562 1255 justicie
1581 1150 1746 1256 comple-

321 1297 512 1370 mentum,
535 1280 632 1358 salva
655 1279 817 1358 emenda
847 1279 1002 1356 domino
1026 1277 1119 1384 Regi
1147 1294 1276 1356 contra
1302 1278 1484 1357 Jacobum
1509 1278 1741 1383 predictum,

320 1411 471 1490 racione
490 1409 575 1488 lacti
596 1410 773 1518 predicti,
797 1410 844 1486 ad
863 1409 980 1516 ipsius
1005 1407 1150 1486 domini
1170 1409 1281 1516 Regis
1300 1407 1497 1486 arbitrium
1516 1409 1686 1485 taxanda.

375 1541 475 1620 Jovis
492 1558 579 1647 post
593 1539 1013 1648 Sanctum-Georgium,
1034 1567 1132 1617 anno
1152 1539 1417 1617 trecentesimo
1436 1539 1650 1616 undecimo.

375 1673 506 1780 Voyssi
525 1673 738 1779 reportavit.

375 1935 481 2014 CVII.
513 1935 745 2040 Cum,¹super
758 1933 986 2040 quibusdam
998 1933 1242 2040 pecuniarum
1253 1933 1411 2010 summis
1422 1934 1684 2040 quaslacobus
1697 1936 1745 2012 de

318 2067 534 2145 Chartauta
551 2065 723 2142 Johanne
742 2049 925 2170 Prepositi
947 2064 994 2142 de
1015 2063 1385 2152 Castro-Nantbonis,
1406 2091 1451 2141 ex
1473 2064 1583 2141 certis
1603 2066 1742 2155 causis,

319 2197 497 2302 pecierat,
515 2194 616 2271 dicto
630 2195 802 2271 Johanne
822 2193 1057 2272 solucionem
1072 2194 1278 2300 plenariam
1295 2211 1508 2300 opponente
1526 2223 1641 2301 super
1653 2197 1742 2285 hoc,

319 2326 486 2432 partibus
500 2324 649 2413 auditis,
664 2323 823 2402 testibus
837 2324 1008 2429 receptis,
1023 2323 1186 2430 visisque
1199 2322 1506 2429 deposicionibus
1521 2326 1745 2402 corumdem
1834 2359 1838 2370 ·

320 2470 358 2533 et
377 2454 511 2532 litteris
528 2469 566 2530 et
579 2453 841 2531 instrumentis
855 2481 969 2559 super
982 2453 1056 2531 hoc
1075 2479 1096 2529 a
1115 2453 1226 2530 dictis
1243 2451 1416 2559 partibus
1434 2453 1645 2559 productis,
1666 2482 1745 2531 cer·

319 2605 401 2662 tum
417 2585 630 2694 judicatum
652 2609 722 2690 per
737 2583 880 2660 curiam
902 2600 1085 2673 nostram,
1103 2583 1143 2659 in
1164 2583 1398 2689 parlamento
1418 2585 1603 2690 presenti,
1626 2585 1743 2662 latum

319 2713 450 2792 fuisset
477 2743 545 2821 pro
570 2712 671 2790 dicto
697 2713 867 2791 Johanne
895 2729 1022 2791 contra
1045 2711 1227 2790 Jacobum
1255 2712 1490 2820 predictum,
1519 2731 1558 2790 et
1586 2715 1742 2803 deinde,

320 2846 420 2923 dicto
446 2845 586 2922 Jacobo
616 2843 771 2921 domino
797 2843 888 2950 Regi
918 2860 1105 2921 asserente
1138 2843 1279 2921 curiam
1305 2842 1512 2951 predictam
1544 2873 1684 2924 errasse
1704 2847 1745 2923 in

319 2994 495 3085 compoto
511 2976 696 3054 dictarum
719 2975 888 3082 parcium
908 3002 1021 3082 super
1040 2975 1113 3053 hoc
1132 2973 1340 3064 audiendo,
1363 2992 1401 3053 et
1419 2975 1573 3054 obtenta
1590 2974 1745 3054 licencia

319 3107 423 3216 quod
437 3107 570 3185 iterato
585 3107 756 3184 raciones
775 3107 856 3214 ejus
869 3135 984 3214 super
996 3107 1069 3184 hoc
1084 3107 1307 3184 audirentur
1321 3135 1331 3181 t
1344 3107 1491 3185 Vocatis
1505 3107 1621 3215 igitur
1636 3109 1745 3186 dictis

319 3237 508 3344 partibus,
530 3253 570 3314 et
588 3235 724 3314 auditis
743 3235 878 3313 iterato
898 3236 1165 3344 omnibusque
1181 3238 1280 3315 dicte
1294 3255 1420 3344 partes
1439 3239 1528 3314 hinc
1547 3238 1637 3316 inde
1653 3267 1743 3345 pro·

319 3395 460 3473 ponere
479 3366 697 3458 voluerunt,
720 3382 758 3443 et
777 3365 1054 3444 deliberacione
1074 3367 1203 3445 habita
1226 3395 1341 3475 super
1366 3368 1440 3446 hiis
1463 3368 1654 3474 diligenti,
1675 3398 1744 3475 per

320 3514 501 3574 arrestum
523 3512 650 3573 nostre
665 3497 785 3585 curie,
804 3483 948 3574 dictum
960 3495 1032 3574 luit
1051 3496 1175 3603 quod,
1191 3524 1270 3575 non
1288 3496 1524 3576 obstantibus
1544 3500 1744 3605 propositis

321 3657 363 3703 ex
385 3643 489 3734 parte
507 3627 597 3703 dicti
619 3625 765 3716 Jacobi,
788 3626 1001 3733 predictum
1018 3627 1247 3734 judicatum,
1269 3643 1398 3706 contra
1418 3629 1543 3735 ipsum
1562 3629 1743 3708 Jacobum

319 3785 387 3864 pro
407 3756 509 3834 dicto
533 3757 702 3836 Johanne
728 3756 865 3844 latum,
885 3772 1008 3834 ratum
1033 3756 1202 3836 manebit
1221 3774 1260 3834 et
1278 3756 1454 3848 firmum,
1477 3777 1515 3838 ct
1534 3785 1578 3836 ex
1598 3760 1743 3869 integro

320 3885 559 3964 mandabitur
573 3885 805 3977 execucioni,
818 3903 856 3963 et
868 3887 974 3993 quod
990 3887 1112 3967 dictus
1125 3887 1285 3966 lacobus
1296 3889 1371 3966 boc
1385 3889 1619 3982 emendabit3
1636 3891 1744 3998 cujus

321 4017 482 4094 emende
497 4017 726 4096 taxacionem
748 4015 795 4096 ad
813 4015 1044 4094 voluntatem
1064 4018 1211 4097 domini
1224 4019 1334 4126 Regis
1353 4023 1457 4099 curia
1475 4039 1603 4100 nostra
1622 4051 1744 4100 reser-

321 4148 425 4225 vovit.

377 4277 513 4354 Actum
533 4276 573 4352 in
592 4275 705 4386 regali
726 4273 878 4352 abbacia
897 4275 1005 4354 beate
1025 4261 1142 4354 Marie
1155 4279 1262 4384 juxta
1276 4279 1517 4372 Pontisarem,
1538 4281 1638 4358 Jovis
1656 4298 1742 4358 ante

320 4407 593 4485 Penthecosten
613 4436 711 4485 anno
731 4404 997 4484 trecentesimo
1008 4405 1225 4483 undecimo.

378 4667 500 4747 CVIII.
522 4667 637 4760 Cum,
668 4667 709 4744 in
738 4693 846 4744 causa
872 4667 1062 4774 pendente
1086 4693 1211 4745 coram
1239 4667 1462 4745 custodibus
1485 4668 1742 4747 nundinarum

321 4798 534 4903 Campanie,
552 4825 665 4904 super
678 4797 840 4904 quadam
854 4799 1013 4904 pecunie
1028 4799 1245 4904 quantitate,
1263 4798 1362 4875 inter
1380 4800 1612 4877 Bernardum
1630 4800 1743 4878 d‘An-

321 4927 513 5034 goissolle,
533 4957 576 5005 ex
590 4957 667 5006 una
681 4947 803 5035 parte,
821 4946 859 5008 et
878 4930 1088 5007 lohannem
1106 4929 1246 5019 Gristo‚
1268 4957 1313 5006 ex
1332 4929 1464 5018 altera,
1481 4929 1584 5008 idem
1600 4931 1741 5009 Johan-

321 5086 403 5147 nes,
430 5058 602 5165 predicto
625 5060 832 5150 Bernardo,
859 5061 898 5136 in
925 5061 1097 5170 nogentis
1123 5061 1276 5168 triginta
1298 5061 1422 5140 tribus
1450 5061 1557 5139 libris
1579 5079 1617 5138 et
1648 5089 1742 5167 qua-
