4450 6209
503 710 577 783 308
1083 704 1174 777 LES
1204 704 1344 778 OLlM.

274 863 404 917 eninm
416 860 460 921 lv,
502 849 740 957 processibus
757 847 971 936 antedictis,
988 861 1027 925 et
1041 848 1286 925 consideratis
1305 845 1575 954 omnibusque
1597 848 1739 925 curiam
1758 866 1921 929 nostram

336 952 399 995 m
502 1009 654 1059 movere
669 995 842 1088 poterant
853 994 891 1057 et
902 976 1106 1068 debebant,
1122 1006 1190 1085 per
1201 977 1305 1055 curie
1317 994 1442 1055 nostre
1454 977 1663 1085 judicium,
1679 977 1825 1058 dictum
1835 978 1918 1070 brit,

502 1113 542 1187 in
565 1128 749 1219 quantum
774 1110 893 1219 tangit
915 1110 1116 1199 Poncium,
1144 1106 1393 1189 Guillelmum
1419 1126 1457 1187 et
1478 1110 1690 1189 Jobannem
1715 1110 1918 1215 predictos,

502 1244 600 1322 benc
625 1242 934 1349 pronunciatum,
961 1258 1000 1319 ct
1022 1239 1122 1319 male
1150 1240 1376 1348 appellatum
1402 1240 1533 1332 brisso,
1561 1258 1598 1318 ct
1623 1241 1723 1347 ipsos
1749 1242 1920 1348 compelli

503 1374 642 1453 debere
662 1375 708 1451 ad
728 1372 953 1451 solvendum
970 1372 1157 1479 predictas
1172 1372 1332 1478 pecunie
1347 1400 1513 1451 summas
1532 1372 1571 1447 in
1590 1372 1730 1479 quibus
1748 1374 1819 1479 ipsi
1840 1402 1922 1451 con-

503 1506 694 1613 dempnati
716 1504 889 1591 luerunt,
910 1502 1228 1611 mandabiturque
1243 1502 1371 1610 probis
1385 1501 1471 1583 viris
1486 1520 1530 1581 ut
1543 1502 1632 1608 ipsi,
1646 1520 1778 1582 vocato
1792 1503 1921 1583 abbate

502 1654 540 1713 et
563 1636 696 1727 electu,
718 1654 758 1715 et
780 1636 861 1713 aliis
882 1635 1096 1726 evocandis,
1123 1634 1316 1740 inquirant
1340 1634 1541 1741 diligenter
1559 1634 1598 1711 in
1618 1651 1801 1741 quantum
1822 1664 1921 1744 repe-

502 1766 648 1845 rientur
672 1795 787 1875 super
804 1764 983 1873 predictis
1003 1764 1211 1871 culpabiles
1230 1764 1353 1842 dictus
1372 1762 1487 1842 abbas
1507 1780 1545 1842 et
1563 1765 1678 1843 ceteri
1698 1766 1778 1874 ejus
1797 1786 1921 1874 gentes

505 1914 542 1974 et
556 1897 749 1987 officiales,
763 1925 805 1973 ac
821 1899 868 1975 de
884 1896 1056 2003 dampnis
1067 1924 1137 2002 per
1152 1924 1283 1975 omnes
1294 1896 1482 2002 predictos
1501 1895 1602 1973 dicto
1618 1898 1729 1977 Petro
1745 1897 1919 2005 Stephani

503 2027 617 2105 illatis
632 2055 699 2136 per
714 2027 932 2107 incendium
945 2027 1223 2134 supradictum,
1239 2044 1277 2104 et
1291 2027 1520 2133 inquestam,
1533 2056 1646 2133 quam
1662 2056 1777 2135 super
1790 2029 1862 2108 hoc
1872 2029 1920 2108 le-

504 2158 636 2247 cerint,
652 2157 700 2234 ad
712 2158 854 2235 curiam
866 2175 1031 2235 nostram
1047 2157 1240 2235 remittant
1251 2156 1496 2264 judicandam
1511 2158 1559 2235 ad
1573 2156 1744 2235 futurum
1755 2160 1919 2264 proximo

502 2288 799 2397 parlamentum
815 2305 1074 2366 verumtamen
1090 2288 1181 2365 dicti
1202 2290 1334 2365 Petrus
1355 2287 1402 2365 de
1419 2288 1605 2365 Carionna
1619 2306 1657 2365 et
1672 2289 1857 2397 Syoardus
1875 2291 1919 2369 de

502 2419 693 2509 Pomario,
711 2418 800 2498 licet
813 2419 853 2495 in
867 2419 1046 2527 predictis
1062 2418 1269 2525 culpabiles
1283 2418 1424 2496 suerint
1442 2419 1602 2509 inventi,
1618 2420 1757 2499 redditi
1772 2422 1921 2503 fuerunt

503 2550 782 2659 archiepiscopo
801 2549 1053 2639 Narbonensi,
1074 2549 1164 2656 quia
1183 2548 1309 2626 clerici
1329 2576 1410 2626 esse
1430 2549 1671 2643 dicebantur;
1694 2568 1732 2629 et
1750 2553 1851 2631 curia
1871 2572 1921 2631 ta-

504 2681 582 2759 cuit
601 2680 649 2759 de
669 2683 723 2760 eis
742 2681 895 2787 quando
910 2679 1092 2787 judicavit
1111 2679 1250 2757 dictam
1269 2679 1494 2785 inquestam.
1514 2682 1622 2759 Facta
1638 2698 1694 2760 est
1709 2684 1919 2761 commissio

498 2811 695 2918 judicibus
713 2809 920 2916 majoribus
938 2810 1164 2887 Carcassone
1186 2828 1223 2889 et
1243 2809 1291 2887 de
1312 2809 1428 2887 Saltu.

559 2942 716 3019 Veneris
735 2956 821 3047 post
837 2940 1103 3017 Reminiscere.

559 3071 666 3151 Creci
685 3070 899 3180 reportavit.

558 3341 599 3415 L.
631 3340 733 3417 Mota
753 3338 1003 3417 controversia
1023 3340 1184 3417 incuria
1203 3356 1328 3419 nostra
1347 3341 1446 3417 inter
1467 3342 1677 3420 Jobannem
1698 3341 1854 3421 Waillet
1873 3342 1918 3419 de

503 3467 702 3558 Solcsmis‚
725 3495 771 3545 ex
790 3497 864 3545 una
884 3488 1007 3576 parte,
1030 3486 1069 3547 et
1085 3469 1268 3547 Jacobum
1291 3470 1339 3548 de
1359 3470 1520 3579 Laydin,
1542 3470 1734 3578 quondam
1753 3472 1919 3581 preposi-

502 3617 584 3677 tum
605 3599 955 3694 Sancti-Quintini‚
976 3629 1020 3677 ex
1038 3600 1171 3691 altera,
1194 3628 1372 3708 supereo
1392 3600 1498 3708 quod
1518 3602 1641 3681 dictus
1656 3604 1845 3683 Jobannes
1864 3632 1919 3681 as·

502 3729 651 3808 serebat
669 3758 709 3807 se
728 3730 843 3837 longo
867 3745 1038 3835 tempore
1061 3731 1257 3809 detentum
1277 3730 1390 3809 luisse
1411 3760 1479 3839 per
1502 3732 1644 3811 dictum
1665 3734 1862 3823 Jacobum,
1885 3752 1920 3811 et

503 3861 641 3937 carceri
658 3860 912 3966 mancipatum
926 3860 1052 3940 minus
1062 3862 1166 3971 juste
1184 3881 1223 3941 et
1235 3863 1315 3941 sine
1329 3890 1451 3955 causa,
1468 3863 1507 3940 in
1524 3864 1639 3942 domo
1653 3865 1806 3971 reperii,
1822 3864 1919 3971 apud

503 3990 955 4085 Sanctum-Quintinum,
981 3992 1021 4067 in
1049 3993 1317 4100 compedibus,
1340 4010 1377 4070 et
1396 4022 1463 4099 per
1485 3994 1559 4071 vim
1580 4010 1619 4071 et
1640 3995 1918 4101 oppressionem

503 4121 659 4199 carceris
687 4149 728 4197 se
759 4121 998 4226 compulsum
1030 4124 1079 4201 ad
1107 4122 1452 4231 recognoscendum
1483 4150 1525 4201 se
1552 4122 1691 4203 debere
1718 4125 1918 4231 quamdam
1992 4224 1999 4231 .

501 4279 673 4358 magnam
691 4252 850 4359 pecunie
871 4281 1057 4330 summam
1077 4253 1216 4332 Jacobo
1233 4271 1271 4331 et
1289 4255 1399 4333 Petro
1419 4252 1633 4345 Henetiam,
1648 4254 1842 4345 fratribus,
1865 4274 1915 4343 et,

503 4382 602 4459 dicto
621 4383 790 4460 Jobanne
805 4383 864 4459 'sic
885 4385 1063 4462 existente
1084 4385 1124 4460 in
1144 4383 1245 4463 dicto
1266 4412 1411 4463 carcere
1431 4385 1470 4463 in
1490 4383 1753 4491 compedibus,
1776 4386 1917 4464 dictum

499 4514 693 4619 quondam
712 4515 946 4620 prepositum
962 4515 1101 4593 levasse
1114 4515 1240 4593 minus
1252 4516 1352 4623 juste
1373 4533 1410 4593 et
1426 4516 1507 4595 sine
1520 4544 1628 4595 causa
1640 4517 1689 4595 de
1705 4515 1815 4594 bonis
1830 4518 1916 4627 dicti

499 4643 678 4722 lobannis
701 4672 822 4751 usque
845 4646 894 4723 ad
917 4674 1103 4723 summam
1124 4645 1415 4755 quingentarum
1437 4644 1619 4724 librarum
1638 4648 1914 4738 Parisiensium,

500 4770 598 4848 bone
618 4791 788 4866 monete,
807 4792 845 4853 et
860 4804 898 4853 se
914 4776 1034 4853 eciam
1048 4776 1168 4855 multa
1186 4777 1257 4855 alia
1274 4777 1453 4884 dampna,
1468 4780 1618 4856 racione
1638 4778 1726 4856 dicti
1743 4778 1914 4867 carceris,

498 4901 721 4981 incurrisse:
748 4906 937 4997 Tandem,
966 4908 1138 5014 inquesta
1163 4937 1276 5015 super
1298 4910 1374 4986 boc
1395 4908 1442 4987 de
1467 4907 1800 4988 mandatonostro
1826 4909 1916 4986 lacta

498 5033 571 5111 visa
591 5050 629 5109 et
648 5032 848 5142 diligenter
867 5040 1089 5131 examinata,
1114 5040 1203 5146 quia
1233 5041 1426 5119 inventum
1445 5056 1502 5119 est
1521 5040 1665 5119 dictum
1685 5040 1914 5147 prepositum
