<?xml version="1.0" encoding="UTF-8"?>
<!DOCTYPE html PUBLIC "-//W3C//DTD XHTML 1.0 Transitional//EN"
    "http://www.w3.org/TR/xhtml1/DTD/xhtml1-transitional.dtd">
<html xmlns="http://www.w3.org/1999/xhtml" xml:lang="en" lang="en">
 <head>
  <title>
</title>
<meta http-equiv="Content-Type" content="text/html;charset=utf-8" />
  <meta name='ocr-system' content='tesseract 3.04.00' />
  <meta name='ocr-capabilities' content='ocr_page ocr_carea ocr_par ocr_line ocrx_word'/>
</head>
<body>
  <div class='ocr_page' id='page_1' title='image "./lesolimouregist00parigoog_0747.png"; bbox 0 0 4450 6209; ppageno 0'>
   <div class='ocr_carea' id='block_1_1' title="bbox 518 701 1371 782">
    <p class='ocr_par' dir='ltr' id='par_1_1' title="bbox 518 701 1371 782">
     <span class='ocr_line' id='line_1_1' title="bbox 518 701 1371 782; baseline 0.007 -8"><span class='ocrx_word' id='word_1_1' title='bbox 518 701 591 776; x_wconf 80' lang='grc'><strong>652</strong></span> <span class='ocrx_word' id='word_1_2' title='bbox 1111 708 1199 782; x_wconf 75' lang='lat' dir='ltr'><strong>Lus</strong></span> <span class='ocrx_word' id='word_1_3' title='bbox 1229 707 1371 782; x_wconf 81' lang='lat' dir='ltr'><strong>OllM.</strong></span> 
     </span>
    </p>
   </div>
   <div class='ocr_carea' id='block_1_2' title="bbox 291 844 1998 2916">
    <p class='ocr_par' dir='ltr' id='par_1_2' title="bbox 291 844 1934 1218">
     <span class='ocr_line' id='line_1_2' title="bbox 291 844 1934 957; baseline 0.007 -36"><span class='ocrx_word' id='word_1_4' title='bbox 291 844 420 901; x_wconf 60' lang='lat' dir='ltr'><strong>‘’¹¹²¹‘ss</strong></span> <span class='ocrx_word' id='word_1_5' title='bbox 434 846 480 916; x_wconf 74' lang='lat' dir='ltr'><strong>W·</strong></span> <span class='ocrx_word' id='word_1_6' title='bbox 518 874 611 924; x_wconf 93' lang='lat' dir='ltr'><strong>num</strong></span> <span class='ocrx_word' id='word_1_7' title='bbox 630 848 757 956; x_wconf 84' lang='lat' dir='ltr'><strong>Regis,</strong></span> <span class='ocrx_word' id='word_1_8' title='bbox 780 848 828 926; x_wconf 94' lang='lat' dir='ltr'><strong>ad</strong></span> <span class='ocrx_word' id='word_1_9' title='bbox 847 845 1004 957; x_wconf 89' lang='lat' dir='ltr'><strong>plenum</strong></span> <span class='ocrx_word' id='word_1_10' title='bbox 1027 847 1096 928; x_wconf 92' lang='lat' dir='ltr'><strong>sibi</strong></span> <span class='ocrx_word' id='word_1_11' title='bbox 1117 848 1287 940; x_wconf 85' lang='lat' dir='ltr'><strong>liberari;</strong></span> <span class='ocrx_word' id='word_1_12' title='bbox 1309 851 1411 928; x_wconf 85' lang='lat' dir='ltr'><strong>dieto</strong></span> <span class='ocrx_word' id='word_1_13' title='bbox 1430 848 1631 927; x_wconf 84' lang='lat' dir='ltr'><strong>castellano</strong></span> <span class='ocrx_word' id='word_1_14' title='bbox 1650 850 1691 926; x_wconf 90' lang='lat' dir='ltr'><strong>in</strong></span> <span class='ocrx_word' id='word_1_15' title='bbox 1709 854 1934 932; x_wconf 87' lang='lat' dir='ltr'><strong>contrarium</strong></span> 
     </span>
     <span class='ocr_line' id='line_1_3' title="bbox 353 939 1933 1092; baseline 0.006 -40"><span class='ocrx_word' id='word_1_16' title='bbox 353 939 415 982; x_wconf 55' lang='grc' dir='ltr'><strong>Μ’</strong></span> <span class='ocrx_word' id='word_1_17' title='bbox 518 975 666 1056; x_wconf 85' lang='lat' dir='ltr'><strong>dicente</strong></span> <span class='ocrx_word' id='word_1_18' title='bbox 681 979 786 1086; x_wconf 88' lang='lat' dir='ltr'><strong>quod</strong></span> <span class='ocrx_word' id='word_1_19' title='bbox 805 980 885 1086; x_wconf 86' lang='lat' dir='ltr'><strong>ipse</strong></span> <span class='ocrx_word' id='word_1_20' title='bbox 905 996 984 1056; x_wconf 86' lang='lat' dir='ltr'><strong>erat</strong></span> <span class='ocrx_word' id='word_1_21' title='bbox 1003 980 1042 1056; x_wconf 91' lang='lat' dir='ltr'><strong>in</strong></span> <span class='ocrx_word' id='word_1_22' title='bbox 1058 980 1194 1057; x_wconf 76' lang='lat' dir='ltr'><strong>saisina</strong></span> <span class='ocrx_word' id='word_1_23' title='bbox 1209 980 1382 1089; x_wconf 78' lang='lat' dir='ltr'><strong>erigendi</strong></span> <span class='ocrx_word' id='word_1_24' title='bbox 1397 981 1598 1088; x_wconf 74' lang='lat' dir='ltr'>pedagium</span> <span class='ocrx_word' id='word_1_25' title='bbox 1618 997 1656 1058; x_wconf 91' lang='lat' dir='ltr'><strong>et</strong></span> <span class='ocrx_word' id='word_1_26' title='bbox 1671 984 1933 1092; x_wconf 83' lang='lat' dir='ltr'><strong>pontanagium</strong></span> 
     </span>
     <span class='ocr_line' id='line_1_4' title="bbox 517 1107 1931 1218; baseline 0.005 -35"><span class='ocrx_word' id='word_1_27' title='bbox 517 1107 565 1184; x_wconf 90' lang='lat' dir='ltr'><strong>de</strong></span> <span class='ocrx_word' id='word_1_28' title='bbox 585 1109 762 1188; x_wconf 90' lang='lat' dir='ltr'><strong>omnibus</strong></span> <span class='ocrx_word' id='word_1_29' title='bbox 776 1110 887 1188; x_wconf 91' lang='lat' dir='ltr'><strong>bonis</strong></span> <span class='ocrx_word' id='word_1_30' title='bbox 901 1139 977 1218; x_wconf 88' lang='lat' dir='ltr'><strong>que</strong></span> <span class='ocrx_word' id='word_1_31' title='bbox 995 1109 1234 1188; x_wconf 74' lang='lat' dir='ltr'><strong>ducebantur</strong></span> <span class='ocrx_word' id='word_1_32' title='bbox 1248 1139 1317 1218; x_wconf 91' lang='lat' dir='ltr'><strong>per</strong></span> <span class='ocrx_word' id='word_1_33' title='bbox 1332 1127 1471 1188; x_wconf 85' lang='lat' dir='ltr'><strong>terram</strong></span> <span class='ocrx_word' id='word_1_34' title='bbox 1486 1129 1526 1188; x_wconf 88' lang='lat' dir='ltr'><strong>et</strong></span> <span class='ocrx_word' id='word_1_35' title='bbox 1542 1139 1697 1217; x_wconf 86' lang='lat' dir='ltr'><strong>aquam,</strong></span> <span class='ocrx_word' id='word_1_36' title='bbox 1712 1141 1782 1216; x_wconf 88' lang='lat' dir='ltr'><strong>per</strong></span> <span class='ocrx_word' id='word_1_37' title='bbox 1795 1111 1931 1192; x_wconf 83' lang='lat' dir='ltr'><strong>distric-</strong></span> 
     </span>
    </p>

    <p class='ocr_par' dir='ltr' id='par_1_3' title="bbox 455 1239 1998 2916">
     <span class='ocr_line' id='line_1_5' title="bbox 515 1239 1998 1348; baseline 0.007 -36"><span class='ocrx_word' id='word_1_38' title='bbox 515 1252 577 1316; x_wconf 87' lang='lat' dir='ltr'><strong>tus</strong></span> <span class='ocrx_word' id='word_1_39' title='bbox 592 1239 781 1347; x_wconf 89' lang='lat' dir='ltr'><strong>ejusdem,</strong></span> <span class='ocrx_word' id='word_1_40' title='bbox 798 1257 836 1318; x_wconf 89' lang='lat' dir='ltr'><strong>et</strong></span> <span class='ocrx_word' id='word_1_41' title='bbox 849 1241 1019 1348; x_wconf 80' lang='lat' dir='ltr'><strong>gagiandi</strong></span> <span class='ocrx_word' id='word_1_42' title='bbox 1034 1269 1167 1318; x_wconf 87' lang='lat' dir='ltr'><strong>omnes</strong></span> <span class='ocrx_word' id='word_1_43' title='bbox 1178 1257 1418 1318; x_wconf 86' lang='lat' dir='ltr'><strong>transeuntes</strong></span> <span class='ocrx_word' id='word_1_44' title='bbox 1429 1269 1498 1346; x_wconf 85' lang='lat' dir='ltr'><strong>per</strong></span> <span class='ocrx_word' id='word_1_45' title='bbox 1513 1241 1636 1320; x_wconf 88' lang='lat' dir='ltr'><strong>dictos</strong></span> <span class='ocrx_word' id='word_1_46' title='bbox 1652 1241 1843 1322; x_wconf 68' lang='lat' dir='ltr'><strong>distrimm</strong></span> <span class='ocrx_word' id='word_1_47' title='bbox 1855 1245 1930 1322; x_wconf 86' lang='lat' dir='ltr'><strong>abs·</strong></span> <span class='ocrx_word' id='word_1_48' title='bbox 1991 1325 1998 1340; x_wconf 66' lang='lat'>‚</span> 
     </span>
     <span class='ocr_line' id='line_1_6' title="bbox 515 1370 1928 1478; baseline 0.005 -33"><span class='ocrx_word' id='word_1_49' title='bbox 515 1395 590 1474; x_wconf 91' lang='lat' dir='ltr'><strong>que</strong></span> <span class='ocrx_word' id='word_1_50' title='bbox 615 1373 847 1474; x_wconf 87' lang='lat' dir='ltr'><strong>prestacione</strong></span> <span class='ocrx_word' id='word_1_51' title='bbox 876 1371 1043 1478; x_wconf 84' lang='lat' dir='ltr'><strong>predicta</strong></span> <span class='ocrx_word' id='word_1_52' title='bbox 1074 1389 1112 1448; x_wconf 90' lang='lat' dir='ltr'><strong>et</strong></span> <span class='ocrx_word' id='word_1_53' title='bbox 1138 1371 1348 1476; x_wconf 76' lang='lat' dir='ltr'><strong>specialiter</strong></span> <span class='ocrx_word' id='word_1_54' title='bbox 1371 1371 1420 1449; x_wconf 88' lang='lat' dir='ltr'><strong>de</strong></span> <span class='ocrx_word' id='word_1_55' title='bbox 1449 1370 1561 1450; x_wconf 89' lang='lat' dir='ltr'><strong>bonis</strong></span> <span class='ocrx_word' id='word_1_56' title='bbox 1582 1373 1859 1478; x_wconf 87' lang='lat' dir='ltr'><strong>pertinentibus</strong></span> <span class='ocrx_word' id='word_1_57' title='bbox 1883 1377 1928 1452; x_wconf 93' lang='lat' dir='ltr'><strong>ad</strong></span> 
     </span>
     <span class='ocr_line' id='line_1_7' title="bbox 515 1498 1928 1606; baseline 0.006 -31"><span class='ocrx_word' id='word_1_58' title='bbox 515 1498 636 1579; x_wconf 86' lang='lat' dir='ltr'><strong>dictos</strong></span> <span class='ocrx_word' id='word_1_59' title='bbox 654 1502 827 1580; x_wconf 82' lang='lat' dir='ltr'><strong>abbatem</strong></span> <span class='ocrx_word' id='word_1_60' title='bbox 846 1521 884 1580; x_wconf 87' lang='lat' dir='ltr'><strong>et</strong></span> <span class='ocrx_word' id='word_1_61' title='bbox 904 1517 1147 1591; x_wconf 87' lang='lat' dir='ltr'><strong>conventum,</strong></span> <span class='ocrx_word' id='word_1_62' title='bbox 1171 1529 1286 1606; x_wconf 85' lang='lat' dir='ltr'><strong>quare</strong></span> <span class='ocrx_word' id='word_1_63' title='bbox 1305 1501 1458 1606; x_wconf 87' lang='lat' dir='ltr'><strong>petebat</strong></span> <span class='ocrx_word' id='word_1_64' title='bbox 1475 1502 1606 1606; x_wconf 84' lang='lat' dir='ltr'><strong>prisias</strong></span> <span class='ocrx_word' id='word_1_65' title='bbox 1629 1501 1741 1580; x_wconf 85' lang='lat' dir='ltr'><strong>iactas</strong></span> <span class='ocrx_word' id='word_1_66' title='bbox 1757 1504 1807 1582; x_wconf 89' lang='lat' dir='ltr'><strong>de</strong></span> <span class='ocrx_word' id='word_1_67' title='bbox 1825 1504 1928 1582; x_wconf 87' lang='lat' dir='ltr'><strong>bonis</strong></span> 
     </span>
     <span class='ocr_line' id='line_1_8' title="bbox 514 1629 1924 1740; baseline 0.006 -36"><span class='ocrx_word' id='word_1_68' title='bbox 514 1629 683 1736; x_wconf 89' lang='lat' dir='ltr'><strong>ipsorum</strong></span> <span class='ocrx_word' id='word_1_69' title='bbox 699 1632 985 1740; x_wconf 86' lang='lat' dir='ltr'><strong>religiosorum,</strong></span> <span class='ocrx_word' id='word_1_70' title='bbox 1007 1631 1201 1710; x_wconf 82' lang='lat' dir='ltr'><strong>occasione</strong></span> <span class='ocrx_word' id='word_1_71' title='bbox 1221 1631 1370 1736; x_wconf 81' lang='lat' dir='ltr'><strong>pedagii</strong></span> <span class='ocrx_word' id='word_1_72' title='bbox 1389 1659 1458 1708; x_wconf 84' lang='lat' dir='ltr'><strong>seu</strong></span> <span class='ocrx_word' id='word_1_73' title='bbox 1468 1634 1683 1739; x_wconf 80' lang='lat' dir='ltr'><strong>pontanagii</strong></span> <span class='ocrx_word' id='word_1_74' title='bbox 1700 1661 1780 1711; x_wconf 92' lang='lat' dir='ltr'><strong>non</strong></span> <span class='ocrx_word' id='word_1_75' title='bbox 1800 1635 1924 1724; x_wconf 88' lang='lat' dir='ltr'><strong>soluti,</strong></span> 
     </span>
     <span class='ocr_line' id='line_1_9' title="bbox 515 1760 1925 1869; baseline 0.004 -32"><span class='ocrx_word' id='word_1_76' title='bbox 515 1789 582 1866; x_wconf 88' lang='lat' dir='ltr'><strong>per</strong></span> <span class='ocrx_word' id='word_1_77' title='bbox 598 1761 740 1840; x_wconf 90' lang='lat' dir='ltr'><strong>dictum</strong></span> <span class='ocrx_word' id='word_1_78' title='bbox 758 1763 1017 1852; x_wconf 89' lang='lat' dir='ltr'><strong>castellanum,</strong></span> <span class='ocrx_word' id='word_1_79' title='bbox 1038 1763 1085 1838; x_wconf 91' lang='lat' dir='ltr'><strong>de</strong></span> <span class='ocrx_word' id='word_1_80' title='bbox 1105 1761 1246 1866; x_wconf 87' lang='lat' dir='ltr'><strong>quibus</strong></span> <span class='ocrx_word' id='word_1_81' title='bbox 1265 1760 1360 1836; x_wconf 84' lang='lat' dir='ltr'><strong>lacta</strong></span> <span class='ocrx_word' id='word_1_82' title='bbox 1374 1780 1432 1838; x_wconf 86' lang='lat' dir='ltr'><strong>est</strong></span> <span class='ocrx_word' id='word_1_83' title='bbox 1442 1763 1680 1839; x_wconf 86' lang='lat' dir='ltr'><strong>recredencia</strong></span> <span class='ocrx_word' id='word_1_84' title='bbox 1694 1792 1765 1869; x_wconf 90' lang='lat' dir='ltr'><strong>per</strong></span> <span class='ocrx_word' id='word_1_85' title='bbox 1779 1793 1925 1842; x_wconf 88' lang='lat' dir='ltr'><strong>manum</strong></span> 
     </span>
     <span class='ocr_line' id='line_1_10' title="bbox 513 1891 1928 2000; baseline 0.003 -32"><span class='ocrx_word' id='word_1_86' title='bbox 513 1891 658 1968; x_wconf 86' lang='lat' dir='ltr'><strong>domini</strong></span> <span class='ocrx_word' id='word_1_87' title='bbox 670 1895 794 2000; x_wconf 81' lang='lat' dir='ltr'><strong>Regia,</strong></span> <span class='ocrx_word' id='word_1_88' title='bbox 810 1910 964 2000; x_wconf 88' lang='lat' dir='ltr'><strong>propter</strong></span> <span class='ocrx_word' id='word_1_89' title='bbox 978 1892 1260 1998; x_wconf 80' lang='lat' dir='ltr'><strong>opposicionem</strong></span> <span class='ocrx_word' id='word_1_90' title='bbox 1275 1891 1443 1996; x_wconf 88' lang='lat' dir='ltr'><strong>ipsonnn</strong></span> <span class='ocrx_word' id='word_1_91' title='bbox 1457 1891 1733 2000; x_wconf 80' lang='lat' dir='ltr'><strong>religiosorum,</strong></span> <span class='ocrx_word' id='word_1_92' title='bbox 1746 1893 1817 1972; x_wconf 89' lang='lat' dir='ltr'><strong>sibi</strong></span> <span class='ocrx_word' id='word_1_93' title='bbox 1832 1897 1928 1972; x_wconf 88' lang='lat' dir='ltr'><strong>resti·</strong></span> 
     </span>
     <span class='ocr_line' id='line_1_11' title="bbox 512 2020 1926 2130; baseline 0.004 -34"><span class='ocrx_word' id='word_1_94' title='bbox 512 2022 569 2098; x_wconf 92' lang='lat' dir='ltr'><strong>tui</strong></span> <span class='ocrx_word' id='word_1_95' title='bbox 583 2023 630 2099; x_wconf 88' lang='lat' dir='ltr'><strong>ad</strong></span> <span class='ocrx_word' id='word_1_96' title='bbox 647 2023 720 2100; x_wconf 88' lang='lat' dir='ltr'><strong>hoc</strong></span> <span class='ocrx_word' id='word_1_97' title='bbox 733 2040 777 2101; x_wconf 90' lang='lat' dir='ltr'><strong>ut</strong></span> <span class='ocrx_word' id='word_1_98' title='bbox 792 2023 908 2130; x_wconf 86' lang='lat' dir='ltr'><strong>possit</strong></span> <span class='ocrx_word' id='word_1_99' title='bbox 922 2021 1086 2130; x_wconf 83' lang='lat' dir='ltr'><strong>gaudere</strong></span> <span class='ocrx_word' id='word_1_100' title='bbox 1103 2021 1237 2098; x_wconf 85' lang='lat' dir='ltr'><strong>saisina</strong></span> <span class='ocrx_word' id='word_1_101' title='bbox 1254 2050 1318 2098; x_wconf 85' lang='lat' dir='ltr'><strong>sua</strong></span> <span class='ocrx_word' id='word_1_102' title='bbox 1332 2020 1501 2126; x_wconf 87' lang='lat' dir='ltr'><strong>predicta</strong></span> <span class='ocrx_word' id='word_1_103' title='bbox 1517 2053 1528 2098; x_wconf 72' lang='grc' dir='ltr'>ι</span> <span class='ocrx_word' id='word_1_104' title='bbox 1542 2023 1718 2127; x_wconf 84' lang='lat' dir='ltr'><strong>laqueata</strong></span> <span class='ocrx_word' id='word_1_105' title='bbox 1731 2051 1845 2130; x_wconf 86' lang='lat' dir='ltr'><strong>super</strong></span> <span class='ocrx_word' id='word_1_106' title='bbox 1858 2025 1926 2102; x_wconf 91' lang='lat' dir='ltr'><strong>boc</strong></span> 
     </span>
     <span class='ocr_line' id='line_1_12' title="bbox 511 2151 1926 2264; baseline 0.004 -38"><span class='ocrx_word' id='word_1_107' title='bbox 511 2151 605 2230; x_wconf 83' lang='lat' dir='ltr'><strong>lacta</strong></span> <span class='ocrx_word' id='word_1_108' title='bbox 626 2172 665 2233; x_wconf 90' lang='lat' dir='ltr'><strong>et</strong></span> <span class='ocrx_word' id='word_1_109' title='bbox 683 2154 730 2231; x_wconf 89' lang='lat' dir='ltr'><strong>ad</strong></span> <span class='ocrx_word' id='word_1_110' title='bbox 743 2155 882 2232; x_wconf 89' lang='lat' dir='ltr'><strong>curiam</strong></span> <span class='ocrx_word' id='word_1_111' title='bbox 903 2171 1068 2232; x_wconf 89' lang='lat' dir='ltr'><strong>nostram</strong></span> <span class='ocrx_word' id='word_1_112' title='bbox 1082 2153 1130 2228; x_wconf 92' lang='lat' dir='ltr'><strong>ad</strong></span> <span class='ocrx_word' id='word_1_113' title='bbox 1141 2152 1392 2261; x_wconf 83' lang='lat' dir='ltr'><strong>judicandum</strong></span> <span class='ocrx_word' id='word_1_114' title='bbox 1402 2169 1607 2258; x_wconf 86' lang='lat' dir='ltr'><strong>reportata,</strong></span> <span class='ocrx_word' id='word_1_115' title='bbox 1624 2153 1699 2232; x_wconf 89' lang='lat' dir='ltr'><strong>visa</strong></span> <span class='ocrx_word' id='word_1_116' title='bbox 1714 2172 1754 2230; x_wconf 81' lang='lat' dir='ltr'><strong>et</strong></span> <span class='ocrx_word' id='word_1_117' title='bbox 1773 2155 1926 2264; x_wconf 78' lang='lat' dir='ltr'><strong>diligen</strong></span> 
     </span>
     <span class='ocr_line' id='line_1_13' title="bbox 510 2283 1926 2392; baseline 0.004 -34"><span class='ocrx_word' id='word_1_118' title='bbox 510 2299 569 2359; x_wconf 89' lang='lat' dir='ltr'><strong>ter</strong></span> <span class='ocrx_word' id='word_1_119' title='bbox 593 2285 816 2377; x_wconf 86' lang='lat' dir='ltr'><strong>examinata,</strong></span> <span class='ocrx_word' id='word_1_120' title='bbox 850 2286 938 2392; x_wconf 88' lang='lat' dir='ltr'><strong>qnia</strong></span> <span class='ocrx_word' id='word_1_121' title='bbox 965 2285 1156 2362; x_wconf 86' lang='lat' dir='ltr'><strong>inventum</strong></span> <span class='ocrx_word' id='word_1_122' title='bbox 1183 2301 1240 2360; x_wconf 87' lang='lat' dir='ltr'><strong>cst</strong></span> <span class='ocrx_word' id='word_1_123' title='bbox 1264 2284 1408 2360; x_wconf 88' lang='lat' dir='ltr'><strong>dictum</strong></span> <span class='ocrx_word' id='word_1_124' title='bbox 1436 2283 1679 2362; x_wconf 85' lang='lat' dir='ltr'><strong>castellanum</strong></span> <span class='ocrx_word' id='word_1_125' title='bbox 1703 2283 1926 2362; x_wconf 88' lang='lat' dir='ltr'><strong>sufficienter</strong></span> 
     </span>
     <span class='ocr_line' id='line_1_14' title="bbox 509 2413 1926 2522; baseline 0.001 -31"><span class='ocrx_word' id='word_1_126' title='bbox 509 2415 686 2522; x_wconf 77' lang='lat' dir='ltr'><strong>probasse</strong></span> <span class='ocrx_word' id='word_1_127' title='bbox 702 2416 874 2494; x_wconf 88' lang='lat' dir='ltr'><strong>saisinam</strong></span> <span class='ocrx_word' id='word_1_128' title='bbox 889 2443 995 2494; x_wconf 89' lang='lat' dir='ltr'><strong>suam</strong></span> <span class='ocrx_word' id='word_1_129' title='bbox 1014 2415 1238 2521; x_wconf 87' lang='lat' dir='ltr'><strong>predictam,</strong></span> <span class='ocrx_word' id='word_1_130' title='bbox 1255 2432 1294 2492; x_wconf 91' lang='lat' dir='ltr'><strong>et</strong></span> <span class='ocrx_word' id='word_1_131' title='bbox 1316 2413 1432 2491; x_wconf 88' lang='lat' dir='ltr'><strong>nichil</strong></span> <span class='ocrx_word' id='word_1_132' title='bbox 1451 2414 1499 2492; x_wconf 90' lang='lat' dir='ltr'><strong>dc</strong></span> <span class='ocrx_word' id='word_1_133' title='bbox 1519 2415 1653 2492; x_wconf 90' lang='lat' dir='ltr'><strong>saisina</strong></span> <span class='ocrx_word' id='word_1_134' title='bbox 1671 2415 1838 2520; x_wconf 87' lang='lat' dir='ltr'><strong>predicta</strong></span> <span class='ocrx_word' id='word_1_135' title='bbox 1854 2415 1926 2493; x_wconf 93' lang='lat' dir='ltr'><strong>dic·</strong></span> 
     </span>
     <span class='ocr_line' id='line_1_15' title="bbox 455 2525 1924 2655; baseline -0.001 -31"><span class='ocrx_word' id='word_1_136' title='bbox 455 2633 457 2644; x_wconf 40' lang='lat'><strong>,</strong></span> <span class='ocrx_word' id='word_1_137' title='bbox 509 2565 636 2625; x_wconf 88' lang='lat' dir='ltr'><strong>torum</strong></span> <span class='ocrx_word' id='word_1_138' title='bbox 657 2548 919 2655; x_wconf 87' lang='lat' dir='ltr'><strong>religiosorum</strong></span> <span class='ocrx_word' id='word_1_139' title='bbox 939 2544 1019 2624; x_wconf 83' lang='lat' dir='ltr'><strong>lore</strong></span> <span class='ocrx_word' id='word_1_140' title='bbox 1040 2545 1257 2652; x_wconf 89' lang='lat' dir='ltr'><strong>probatum,</strong></span> <span class='ocrx_word' id='word_1_141' title='bbox 1278 2575 1348 2651; x_wconf 88' lang='lat' dir='ltr'><strong>per</strong></span> <span class='ocrx_word' id='word_1_142' title='bbox 1364 2545 1467 2621; x_wconf 85' lang='lat' dir='ltr'><strong>curie</strong></span> <span class='ocrx_word' id='word_1_143' title='bbox 1488 2563 1615 2623; x_wconf 89' lang='lat' dir='ltr'><strong>nostre</strong></span> <span class='ocrx_word' id='word_1_144' title='bbox 1629 2525 1834 2653; x_wconf 72' lang='lat' dir='ltr'><strong>judicium,</strong></span> <span class='ocrx_word' id='word_1_145' title='bbox 1859 2546 1924 2624; x_wconf 85' lang='lat' dir='ltr'><strong>suit</strong></span> 
     </span>
     <span class='ocr_line' id='line_1_16' title="bbox 510 2671 1925 2786; baseline 0.001 -33"><span class='ocrx_word' id='word_1_146' title='bbox 510 2677 653 2756; x_wconf 90' lang='lat' dir='ltr'><strong>dictum</strong></span> <span class='ocrx_word' id='word_1_147' title='bbox 671 2679 775 2786; x_wconf 88' lang='lat' dir='ltr'><strong>quod</strong></span> <span class='ocrx_word' id='word_1_148' title='bbox 791 2677 891 2756; x_wconf 91' lang='lat' dir='ltr'><strong>bona</strong></span> <span class='ocrx_word' id='word_1_149' title='bbox 907 2694 1011 2785; x_wconf 86' lang='lat' dir='ltr'><strong>capta</strong></span> <span class='ocrx_word' id='word_1_150' title='bbox 1029 2705 1096 2783; x_wconf 92' lang='lat' dir='ltr'><strong>per</strong></span> <span class='ocrx_word' id='word_1_151' title='bbox 1112 2676 1255 2754; x_wconf 89' lang='lat' dir='ltr'><strong>dictum</strong></span> <span class='ocrx_word' id='word_1_152' title='bbox 1269 2671 1530 2766; x_wconf 83' lang='lat' dir='ltr'><strong>castellanum,</strong></span> <span class='ocrx_word' id='word_1_153' title='bbox 1547 2676 1749 2783; x_wconf 88' lang='lat' dir='ltr'><strong>dequibus</strong></span> <span class='ocrx_word' id='word_1_154' title='bbox 1763 2676 1859 2754; x_wconf 84' lang='lat' dir='ltr'><strong>iacta</strong></span> <span class='ocrx_word' id='word_1_155' title='bbox 1873 2694 1925 2755; x_wconf 89' lang='lat' dir='ltr'><strong>est</strong></span> 
     </span>
     <span class='ocr_line' id='line_1_17' title="bbox 509 2805 1923 2916; baseline 0.001 -34"><span class='ocrx_word' id='word_1_156' title='bbox 509 2810 765 2902; x_wconf 87' lang='lat' dir='ltr'><strong>recredencia,</strong></span> <span class='ocrx_word' id='word_1_157' title='bbox 784 2837 853 2916; x_wconf 87' lang='lat' dir='ltr'><strong>per</strong></span> <span class='ocrx_word' id='word_1_158' title='bbox 864 2837 1019 2885; x_wconf 89' lang='lat' dir='ltr'><strong>manum</strong></span> <span class='ocrx_word' id='word_1_159' title='bbox 1035 2825 1217 2894; x_wconf 89' lang='lat' dir='ltr'><strong>nostram,</strong></span> <span class='ocrx_word' id='word_1_160' title='bbox 1237 2806 1381 2885; x_wconf 88' lang='lat' dir='ltr'><strong>eisdem</strong></span> <span class='ocrx_word' id='word_1_161' title='bbox 1398 2805 1599 2914; x_wconf 80' lang='lat' dir='ltr'><strong>religiosis,</strong></span> <span class='ocrx_word' id='word_1_162' title='bbox 1614 2807 1715 2886; x_wconf 87' lang='lat' dir='ltr'><strong>dicto</strong></span> <span class='ocrx_word' id='word_1_163' title='bbox 1728 2807 1923 2886; x_wconf 87' lang='lat' dir='ltr'><strong>castellano</strong></span> 
     </span>
    </p>
   </div>
   <div class='ocr_carea' id='block_1_3' title="bbox 509 2938 1924 3048">
    <p class='ocr_par' dir='ltr' id='par_1_4' title="bbox 509 2938 1924 3048">
     <span class='ocr_line' id='line_1_18' title="bbox 509 2938 1924 3048; baseline -0.001 -32"><span class='ocrx_word' id='word_1_164' title='bbox 509 2941 763 3032; x_wconf 83' lang='lat' dir='ltr'><strong>restituentur,</strong></span> <span class='ocrx_word' id='word_1_165' title='bbox 786 2958 829 3018; x_wconf 95' lang='lat' dir='ltr'><strong>ut</strong></span> <span class='ocrx_word' id='word_1_166' title='bbox 848 2940 965 3046; x_wconf 87' lang='lat' dir='ltr'><strong>possit</strong></span> <span class='ocrx_word' id='word_1_167' title='bbox 982 2939 1146 3048; x_wconf 83' lang='lat' dir='ltr'><strong>gaudere</strong></span> <span class='ocrx_word' id='word_1_168' title='bbox 1166 2939 1300 3016; x_wconf 81' lang='lat' dir='ltr'><strong>saisina</strong></span> <span class='ocrx_word' id='word_1_169' title='bbox 1319 2967 1385 3015; x_wconf 90' lang='lat' dir='ltr'><strong>sua</strong></span> <span class='ocrx_word' id='word_1_170' title='bbox 1402 2938 1569 3044; x_wconf 89' lang='lat' dir='ltr'><strong>predicta</strong></span> <span class='ocrx_word' id='word_1_171' title='bbox 1588 2953 1716 3015; x_wconf 89' lang='lat' dir='ltr'><strong>contra</strong></span> <span class='ocrx_word' id='word_1_172' title='bbox 1737 2939 1856 3016; x_wconf 90' lang='lat' dir='ltr'><strong>dictos</strong></span> <span class='ocrx_word' id='word_1_173' title='bbox 1873 2965 1924 3015; x_wconf 70' lang='lat' dir='ltr'><strong>re</strong></span> 
     </span>
    </p>
   </div>
   <div class='ocr_carea' id='block_1_4' title="bbox 508 3067 1919 3177">
    <p class='ocr_par' dir='ltr' id='par_1_5' title="bbox 508 3067 1919 3177">
     <span class='ocr_line' id='line_1_19' title="bbox 508 3067 1919 3177; baseline 0 -33"><span class='ocrx_word' id='word_1_174' title='bbox 508 3067 682 3177; x_wconf 84' lang='lat' dir='ltr'><strong>ligiosos,</strong></span> <span class='ocrx_word' id='word_1_175' title='bbox 699 3070 898 3177; x_wconf 87' lang='lat' dir='ltr'><strong>questione</strong></span> <span class='ocrx_word' id='word_1_176' title='bbox 913 3069 1152 3176; x_wconf 86' lang='lat' dir='ltr'><strong>proprietatis</strong></span> <span class='ocrx_word' id='word_1_177' title='bbox 1164 3069 1306 3146; x_wconf 90' lang='lat' dir='ltr'><strong>eisdem</strong></span> <span class='ocrx_word' id='word_1_178' title='bbox 1321 3069 1507 3177; x_wconf 83' lang='lat' dir='ltr'><strong>religiosis</strong></span> <span class='ocrx_word' id='word_1_179' title='bbox 1519 3095 1632 3174; x_wconf 91' lang='lat' dir='ltr'><strong>super</strong></span> <span class='ocrx_word' id='word_1_180' title='bbox 1646 3067 1719 3146; x_wconf 92' lang='lat' dir='ltr'><strong>hoc</strong></span> <span class='ocrx_word' id='word_1_181' title='bbox 1731 3086 1919 3148; x_wconf 85' lang='lat' dir='ltr'><strong>reservata.</strong></span> 
     </span>
    </p>
   </div>
   <div class='ocr_carea' id='block_1_5' title="bbox 563 3199 1221 3438">
    <p class='ocr_par' dir='ltr' id='par_1_6' title="bbox 563 3199 1221 3438">
     <span class='ocr_line' id='line_1_20' title="bbox 565 3199 1221 3308; baseline -0.006 -30"><span class='ocrx_word' id='word_1_182' title='bbox 565 3199 693 3279; x_wconf 89' lang='lat' dir='ltr'><strong>Martis</strong></span> <span class='ocrx_word' id='word_1_183' title='bbox 707 3218 793 3308; x_wconf 91' lang='lat' dir='ltr'><strong>post</strong></span> <span class='ocrx_word' id='word_1_184' title='bbox 808 3199 1221 3306; x_wconf 87' lang='lat' dir='ltr'><strong>Sanctum-Georgium.</strong></span> 
     </span>
     <span class='ocr_line' id='line_1_21' title="bbox 563 3331 901 3438; baseline 0 -30"><span class='ocrx_word' id='word_1_185' title='bbox 563 3331 669 3410; x_wconf 88' lang='lat' dir='ltr'><strong>Creci</strong></span> <span class='ocrx_word' id='word_1_186' title='bbox 690 3331 901 3438; x_wconf 88' lang='lat' dir='ltr'><strong>reportavit.</strong></span> 
     </span>
    </p>
   </div>
   <div class='ocr_carea' id='block_1_6' title="bbox 500 3593 1919 5137">
    <p class='ocr_par' dir='ltr' id='par_1_7' title="bbox 500 3593 1919 5137">
     <span class='ocr_line' id='line_1_22' title="bbox 563 3593 1917 3684; baseline 0.004 -13"><span class='ocrx_word' id='word_1_187' title='bbox 563 3595 670 3673; x_wconf 83' lang='lat' dir='ltr'><strong>xxll.</strong></span> <span class='ocrx_word' id='word_1_188' title='bbox 703 3596 799 3674; x_wconf 89' lang='lat' dir='ltr'><strong>Cum</strong></span> <span class='ocrx_word' id='word_1_189' title='bbox 822 3597 920 3674; x_wconf 88' lang='lat' dir='ltr'><strong>inter</strong></span> <span class='ocrx_word' id='word_1_190' title='bbox 937 3594 1188 3675; x_wconf 85' lang='lat' dir='ltr'><strong>Guillelmum</strong></span> <span class='ocrx_word' id='word_1_191' title='bbox 1209 3593 1360 3681; x_wconf 85' lang='lat' dir='ltr'><strong>Piadoe,</strong></span> <span class='ocrx_word' id='word_1_192' title='bbox 1382 3621 1452 3670; x_wconf 89' lang='lat' dir='ltr'><strong>suo</strong></span> <span class='ocrx_word' id='word_1_193' title='bbox 1472 3611 1510 3670; x_wconf 91' lang='lat' dir='ltr'><strong>et</strong></span> <span class='ocrx_word' id='word_1_194' title='bbox 1530 3594 1666 3684; x_wconf 88' lang='lat' dir='ltr'><strong>Marie,</strong></span> <span class='ocrx_word' id='word_1_195' title='bbox 1693 3595 1819 3672; x_wconf 81' lang='lat' dir='ltr'><strong>uxoris</strong></span> <span class='ocrx_word' id='word_1_196' title='bbox 1836 3620 1917 3676; x_wconf 78' lang='lat' dir='ltr'><strong>sue.</strong></span> 
     </span>
     <span class='ocr_line' id='line_1_23' title="bbox 506 3723 1919 3833; baseline -0.002 -32"><span class='ocrx_word' id='word_1_197' title='bbox 506 3727 681 3813; x_wconf 89' lang='lat' dir='ltr'><strong>nomine,</strong></span> <span class='ocrx_word' id='word_1_198' title='bbox 706 3755 748 3803; x_wconf 82' lang='lat' dir='ltr'><strong>ex</strong></span> <span class='ocrx_word' id='word_1_199' title='bbox 770 3743 985 3833; x_wconf 80' lang='lat' dir='ltr'><strong>ansperto,</strong></span> <span class='ocrx_word' id='word_1_200' title='bbox 1016 3744 1054 3802; x_wconf 90' lang='lat' dir='ltr'><strong>et</strong></span> <span class='ocrx_word' id='word_1_201' title='bbox 1078 3726 1291 3803; x_wconf 74' lang='lat' dir='ltr'><strong>iohannem</strong></span> <span class='ocrx_word' id='word_1_202' title='bbox 1311 3723 1518 3815; x_wconf 88' lang='lat' dir='ltr'><strong>Lebreton,</strong></span> <span class='ocrx_word' id='word_1_203' title='bbox 1545 3724 1803 3832; x_wconf 86' lang='lat' dir='ltr'><strong>pelliparium,</strong></span> <span class='ocrx_word' id='word_1_204' title='bbox 1828 3725 1919 3800; x_wconf 85' lang='lat' dir='ltr'><strong>cives</strong></span> 
     </span>
     <span class='ocr_line' id='line_1_24' title="bbox 506 3853 1915 3962; baseline -0.001 -30"><span class='ocrx_word' id='word_1_205' title='bbox 506 3856 746 3945; x_wconf 85' lang='lat' dir='ltr'><strong>Parisienses,</strong></span> <span class='ocrx_word' id='word_1_206' title='bbox 777 3884 818 3932; x_wconf 84' lang='lat' dir='ltr'><strong>ex</strong></span> <span class='ocrx_word' id='word_1_207' title='bbox 838 3856 970 3944; x_wconf 88' lang='lat' dir='ltr'><strong>altera,</strong></span> <span class='ocrx_word' id='word_1_208' title='bbox 987 3883 1111 3932; x_wconf 89' lang='lat' dir='ltr'><strong>coram</strong></span> <span class='ocrx_word' id='word_1_209' title='bbox 1134 3855 1331 3932; x_wconf 88' lang='lat' dir='ltr'><strong>Parisiensi</strong></span> <span class='ocrx_word' id='word_1_210' title='bbox 1354 3854 1563 3962; x_wconf 87' lang='lat' dir='ltr'><strong>preposito,</strong></span> <span class='ocrx_word' id='word_1_211' title='bbox 1587 3856 1634 3932; x_wconf 92' lang='lat' dir='ltr'><strong>lis</strong></span> <span class='ocrx_word' id='word_1_212' title='bbox 1653 3871 1758 3934; x_wconf 87' lang='lat' dir='ltr'><strong>mota</strong></span> <span class='ocrx_word' id='word_1_213' title='bbox 1776 3853 1915 3942; x_wconf 84' lang='lat' dir='ltr'><strong>luisset,</strong></span> 
     </span>
     <span class='ocr_line' id='line_1_25' title="bbox 507 3984 1919 4093; baseline 0 -33"><span class='ocrx_word' id='word_1_214' title='bbox 507 3986 655 4062; x_wconf 86' lang='lat' dir='ltr'><strong>racione</strong></span> <span class='ocrx_word' id='word_1_215' title='bbox 676 3987 871 4093; x_wconf 88' lang='lat' dir='ltr'><strong>cujusdam</strong></span> <span class='ocrx_word' id='word_1_216' title='bbox 891 3987 992 4093; x_wconf 88' lang='lat' dir='ltr'><strong>pacis</strong></span> <span class='ocrx_word' id='word_1_217' title='bbox 1011 3987 1107 4068; x_wconf 88' lang='lat' dir='ltr'><strong>inter</strong></span> <span class='ocrx_word' id='word_1_218' title='bbox 1125 3984 1242 4063; x_wconf 90' lang='lat' dir='ltr'><strong>dictas</strong></span> <span class='ocrx_word' id='word_1_219' title='bbox 1256 4001 1380 4091; x_wconf 88' lang='lat' dir='ltr'><strong>partes</strong></span> <span class='ocrx_word' id='word_1_220' title='bbox 1394 3986 1619 4062; x_wconf 87' lang='lat' dir='ltr'><strong>concordate</strong></span> <span class='ocrx_word' id='word_1_221' title='bbox 1639 4001 1677 4062; x_wconf 90' lang='lat' dir='ltr'><strong>et</strong></span> <span class='ocrx_word' id='word_1_222' title='bbox 1697 3985 1861 4076; x_wconf 89' lang='lat' dir='ltr'><strong>firmate,</strong></span> <span class='ocrx_word' id='word_1_223' title='bbox 1880 3999 1919 4060; x_wconf 83' lang='lat' dir='ltr'><strong>at</strong></span> 
     </span>
     <span class='ocr_line' id='line_1_26' title="bbox 507 4114 1918 4236; baseline 0.001 -45"><span class='ocrx_word' id='word_1_224' title='bbox 507 4114 712 4206; x_wconf 88' lang='lat' dir='ltr'><strong>dicebatur,</strong></span> <span class='ocrx_word' id='word_1_225' title='bbox 729 4145 843 4223; x_wconf 87' lang='lat' dir='ltr'><strong>super</strong></span> <span class='ocrx_word' id='word_1_226' title='bbox 857 4115 994 4195; x_wconf 90' lang='lat' dir='ltr'><strong>debato</strong></span> <span class='ocrx_word' id='word_1_227' title='bbox 1016 4118 1114 4194; x_wconf 88' lang='lat' dir='ltr'><strong>iuter</strong></span> <span class='ocrx_word' id='word_1_228' title='bbox 1130 4116 1248 4194; x_wconf 90' lang='lat' dir='ltr'><strong>dictas</strong></span> <span class='ocrx_word' id='word_1_229' title='bbox 1259 4133 1382 4222; x_wconf 89' lang='lat' dir='ltr'><strong>partes</strong></span> <span class='ocrx_word' id='word_1_230' title='bbox 1394 4118 1604 4221; x_wconf 88' lang='lat' dir='ltr'><strong>pendente,</strong></span> <span class='ocrx_word' id='word_1_231' title='bbox 1616 4117 1766 4194; x_wconf 89' lang='lat' dir='ltr'><strong>racione</strong></span> <span class='ocrx_word' id='word_1_232' title='bbox 1778 4143 1918 4236; x_wconf 72' lang='lat' dir='ltr'><strong>succes·</strong></span> 
     </span>
     <span class='ocr_line' id='line_1_27' title="bbox 504 4247 1917 4354; baseline -0.002 -29"><span class='ocrx_word' id='word_1_233' title='bbox 504 4247 621 4326; x_wconf 91' lang='lat' dir='ltr'><strong>sionis</strong></span> <span class='ocrx_word' id='word_1_234' title='bbox 637 4247 811 4326; x_wconf 78' lang='lat' dir='ltr'><strong>defuncte</strong></span> <span class='ocrx_word' id='word_1_235' title='bbox 826 4249 1012 4336; x_wconf 87' lang='lat' dir='ltr'><strong>Johanne,</strong></span> <span class='ocrx_word' id='word_1_236' title='bbox 1034 4248 1229 4354; x_wconf 91' lang='lat' dir='ltr'><strong>quondam</strong></span> <span class='ocrx_word' id='word_1_237' title='bbox 1247 4247 1373 4324; x_wconf 80' lang='lat' dir='ltr'><strong>uxoris</strong></span> <span class='ocrx_word' id='word_1_238' title='bbox 1390 4247 1480 4325; x_wconf 92' lang='lat' dir='ltr'><strong>dicti</strong></span> <span class='ocrx_word' id='word_1_239' title='bbox 1492 4247 1690 4335; x_wconf 79' lang='lat' dir='ltr'><strong>lobannis,</strong></span> <span class='ocrx_word' id='word_1_240' title='bbox 1710 4247 1917 4354; x_wconf 86' lang='lat' dir='ltr'><strong>sororisque</strong></span> 
     </span>
     <span class='ocr_line' id='line_1_28' title="bbox 505 4376 1918 4486; baseline 0 -32"><span class='ocrx_word' id='word_1_241' title='bbox 505 4379 602 4455; x_wconf 89' lang='lat' dir='ltr'><strong>dicte</strong></span> <span class='ocrx_word' id='word_1_242' title='bbox 617 4379 749 4469; x_wconf 84' lang='lat' dir='ltr'><strong>Maria,</strong></span> <span class='ocrx_word' id='word_1_243' title='bbox 771 4395 809 4456; x_wconf 88' lang='lat' dir='ltr'><strong>et</strong></span> <span class='ocrx_word' id='word_1_244' title='bbox 826 4407 940 4486; x_wconf 91' lang='lat' dir='ltr'><strong>super</strong></span> <span class='ocrx_word' id='word_1_245' title='bbox 954 4396 1087 4456; x_wconf 91' lang='lat' dir='ltr'><strong>tenore</strong></span> <span class='ocrx_word' id='word_1_246' title='bbox 1108 4378 1207 4454; x_wconf 90' lang='lat' dir='ltr'><strong>dicte</strong></span> <span class='ocrx_word' id='word_1_247' title='bbox 1220 4376 1337 4482; x_wconf 84' lang='lat' dir='ltr'><strong>pacis,</strong></span> <span class='ocrx_word' id='word_1_248' title='bbox 1355 4376 1403 4452; x_wconf 90' lang='lat' dir='ltr'><strong>de</strong></span> <span class='ocrx_word' id='word_1_249' title='bbox 1422 4377 1531 4484; x_wconf 82' lang='lat' dir='ltr'><strong>cujus</strong></span> <span class='ocrx_word' id='word_1_250' title='bbox 1544 4376 1665 4454; x_wconf 87' lang='lat' dir='ltr'><strong>lorma</strong></span> <span class='ocrx_word' id='word_1_251' title='bbox 1684 4377 1783 4456; x_wconf 86' lang='lat' dir='ltr'><strong>dicte</strong></span> <span class='ocrx_word' id='word_1_252' title='bbox 1801 4395 1918 4484; x_wconf 81' lang='lat' dir='ltr'><strong>partes</strong></span> 
     </span>
     <span class='ocr_line' id='line_1_29' title="bbox 504 4507 1918 4614; baseline -0.001 -30"><span class='ocrx_word' id='word_1_253' title='bbox 504 4508 766 4588; x_wconf 87' lang='lat' dir='ltr'><strong>discordabant</strong></span> <span class='ocrx_word' id='word_1_254' title='bbox 786 4511 887 4590; x_wconf 90' lang='lat' dir='ltr'><strong>inter</strong></span> <span class='ocrx_word' id='word_1_255' title='bbox 906 4538 964 4602; x_wconf 89' lang='lat' dir='ltr'><strong>se,</strong></span> <span class='ocrx_word' id='word_1_256' title='bbox 986 4508 1255 4587; x_wconf 85' lang='lat' dir='ltr'><strong>concordatum</strong></span> <span class='ocrx_word' id='word_1_257' title='bbox 1275 4507 1406 4586; x_wconf 84' lang='lat' dir='ltr'><strong>luisset</strong></span> <span class='ocrx_word' id='word_1_258' title='bbox 1424 4507 1525 4592; x_wconf 87' lang='lat' dir='ltr'><strong>inter</strong></span> <span class='ocrx_word' id='word_1_259' title='bbox 1545 4535 1627 4596; x_wconf 86' lang='lat' dir='ltr'><strong>aas,</strong></span> <span class='ocrx_word' id='word_1_260' title='bbox 1649 4537 1720 4614; x_wconf 88' lang='lat' dir='ltr'><strong>pro</strong></span> <span class='ocrx_word' id='word_1_261' title='bbox 1737 4508 1841 4586; x_wconf 67' lang='grc' dir='ltr'><strong>Βουο</strong></span> <span class='ocrx_word' id='word_1_262' title='bbox 1859 4536 1918 4613; x_wconf 88' lang='lat' dir='ltr'><strong>pa-</strong></span> 
     </span>
     <span class='ocr_line' id='line_1_30' title="bbox 503 4637 1916 4748; baseline 0.001 -34"><span class='ocrx_word' id='word_1_263' title='bbox 503 4639 571 4731; x_wconf 86' lang='lat' dir='ltr'><strong>cis,</strong></span> <span class='ocrx_word' id='word_1_264' title='bbox 586 4640 690 4747; x_wconf 90' lang='lat' dir='ltr'><strong>quod</strong></span> <span class='ocrx_word' id='word_1_265' title='bbox 702 4639 931 4720; x_wconf 88' lang='lat' dir='ltr'><strong>Guillelmus</strong></span> <span class='ocrx_word' id='word_1_266' title='bbox 946 4642 993 4718; x_wconf 87' lang='lat' dir='ltr'><strong>dc</strong></span> <span class='ocrx_word' id='word_1_267' title='bbox 1009 4638 1253 4730; x_wconf 83' lang='lat' dir='ltr'><strong>Marcilliaco,</strong></span> <span class='ocrx_word' id='word_1_268' title='bbox 1268 4638 1378 4714; x_wconf 87' lang='lat' dir='ltr'><strong>miles</strong></span> <span class='ocrx_word' id='word_1_269' title='bbox 1394 4637 1538 4714; x_wconf 89' lang='lat' dir='ltr'><strong>domini</strong></span> <span class='ocrx_word' id='word_1_270' title='bbox 1553 4639 1679 4748; x_wconf 82' lang='lat' dir='ltr'><strong>Regis,</strong></span> <span class='ocrx_word' id='word_1_271' title='bbox 1695 4638 1916 4745; x_wconf 84' lang='lat' dir='ltr'><strong>Regiualdus</strong></span> 
     </span>
     <span class='ocr_line' id='line_1_31' title="bbox 501 4767 1916 4883; baseline -0.001 -37"><span class='ocrx_word' id='word_1_272' title='bbox 501 4768 652 4848; x_wconf 88' lang='lat' dir='ltr'><strong>Barboti</strong></span> <span class='ocrx_word' id='word_1_273' title='bbox 669 4772 805 4862; x_wconf 89' lang='lat' dir='ltr'><strong>senior,</strong></span> <span class='ocrx_word' id='word_1_274' title='bbox 822 4789 859 4849; x_wconf 91' lang='lat' dir='ltr'><strong>et</strong></span> <span class='ocrx_word' id='word_1_275' title='bbox 873 4769 1063 4883; x_wconf 75' lang='lat' dir='ltr'><strong>lohannes</strong></span> <span class='ocrx_word' id='word_1_276' title='bbox 1078 4770 1198 4848; x_wconf 85' lang='lat' dir='ltr'><strong>Amici</strong></span> <span class='ocrx_word' id='word_1_277' title='bbox 1213 4771 1261 4847; x_wconf 90' lang='lat' dir='ltr'><strong>de</strong></span> <span class='ocrx_word' id='word_1_278' title='bbox 1276 4767 1514 4860; x_wconf 87' lang='lat' dir='ltr'><strong>Cormeilles,</strong></span> <span class='ocrx_word' id='word_1_279' title='bbox 1532 4797 1575 4846; x_wconf 84' lang='lat' dir='ltr'><strong>ex</strong></span> <span class='ocrx_word' id='word_1_280' title='bbox 1591 4786 1697 4875; x_wconf 83' lang='lat' dir='ltr'><strong>parte</strong></span> <span class='ocrx_word' id='word_1_281' title='bbox 1709 4770 1802 4846; x_wconf 90' lang='lat' dir='ltr'><strong>dicti</strong></span> <span class='ocrx_word' id='word_1_282' title='bbox 1813 4767 1916 4848; x_wconf 88' lang='lat' dir='ltr'><strong>Guil-</strong></span> 
     </span>
     <span class='ocr_line' id='line_1_32' title="bbox 502 4899 1915 5010; baseline -0.003 -32"><span class='ocrx_word' id='word_1_283' title='bbox 502 4900 606 4978; x_wconf 89' lang='lat' dir='ltr'><strong>lelmi</strong></span> <span class='ocrx_word' id='word_1_284' title='bbox 625 4901 779 4992; x_wconf 85' lang='lat' dir='ltr'><strong>Piadoe,</strong></span> <span class='ocrx_word' id='word_1_285' title='bbox 799 4903 953 4980; x_wconf 91' lang='lat' dir='ltr'><strong>nomine</strong></span> <span class='ocrx_word' id='word_1_286' title='bbox 969 4931 1046 5010; x_wconf 93' lang='lat' dir='ltr'><strong>quo</strong></span> <span class='ocrx_word' id='word_1_287' title='bbox 1062 4931 1176 5009; x_wconf 87' lang='lat' dir='ltr'><strong>supra</strong></span> <span class='ocrx_word' id='word_1_288' title='bbox 1193 4901 1321 4989; x_wconf 86' lang='lat' dir='ltr'><strong>electi,</strong></span> <span class='ocrx_word' id='word_1_289' title='bbox 1337 4900 1553 5006; x_wconf 85' lang='lat' dir='ltr'><strong>Stephanus</strong></span> <span class='ocrx_word' id='word_1_290' title='bbox 1567 4899 1746 4988; x_wconf 80' lang='lat' dir='ltr'><strong>barbate,</strong></span> <span class='ocrx_word' id='word_1_291' title='bbox 1765 4899 1915 5006; x_wconf 86' lang='lat' dir='ltr'><strong>Stepha-</strong></span> 
     </span>
     <span class='ocr_line' id='line_1_33' title="bbox 500 5030 1912 5137; baseline -0.001 -30"><span class='ocrx_word' id='word_1_292' title='bbox 500 5060 573 5110; x_wconf 92' lang='lat' dir='ltr'><strong>nus</strong></span> <span class='ocrx_word' id='word_1_293' title='bbox 582 5031 743 5115; x_wconf 89' lang='lat' dir='ltr'><strong>Marcelli</strong></span> <span class='ocrx_word' id='word_1_294' title='bbox 758 5050 796 5109; x_wconf 91' lang='lat' dir='ltr'><strong>et</strong></span> <span class='ocrx_word' id='word_1_295' title='bbox 813 5034 1000 5112; x_wconf 83' lang='lat' dir='ltr'><strong>lohannes</strong></span> <span class='ocrx_word' id='word_1_296' title='bbox 1020 5033 1217 5122; x_wconf 87' lang='lat' dir='ltr'><strong>Genciani,</strong></span> <span class='ocrx_word' id='word_1_297' title='bbox 1240 5063 1283 5108; x_wconf 84' lang='lat' dir='ltr'><strong>ex</strong></span> <span class='ocrx_word' id='word_1_298' title='bbox 1301 5047 1405 5137; x_wconf 87' lang='lat' dir='ltr'><strong>parte</strong></span> <span class='ocrx_word' id='word_1_299' title='bbox 1422 5033 1512 5109; x_wconf 86' lang='lat' dir='ltr'><strong>dicti</strong></span> <span class='ocrx_word' id='word_1_300' title='bbox 1530 5031 1713 5110; x_wconf 80' lang='lat' dir='ltr'><strong>lobannis</strong></span> <span class='ocrx_word' id='word_1_301' title='bbox 1724 5030 1762 5109; x_wconf 90' lang='lat' dir='ltr'><strong>le</strong></span> <span class='ocrx_word' id='word_1_302' title='bbox 1776 5033 1912 5108; x_wconf 90' lang='lat' dir='ltr'><strong>Breton</strong></span> 
     </span>
    </p>
   </div>
   <div class='ocr_carea' id='block_1_7' title="bbox 0 0 2230 6209">
    <p class='ocr_par' dir='ltr' id='par_1_8' title="bbox 0 0 2230 6209">
     <span class='ocr_line' id='line_1_34' title="bbox 0 0 2230 6209; baseline 0 8"><span class='ocrx_word' id='word_1_303' title='bbox 0 0 2230 6209; x_wconf 95' lang='lat' dir='ltr'><strong> </strong></span> 
     </span>
    </p>
   </div>
  </div>
 </body>
</html>
