<?xml version="1.0" encoding="UTF-8"?>
<!DOCTYPE html PUBLIC "-//W3C//DTD XHTML 1.0 Transitional//EN"
    "http://www.w3.org/TR/xhtml1/DTD/xhtml1-transitional.dtd">
<html xmlns="http://www.w3.org/1999/xhtml" xml:lang="en" lang="en">
 <head>
  <title>
</title>
<meta http-equiv="Content-Type" content="text/html;charset=utf-8" />
  <meta name='ocr-system' content='tesseract 3.04.00' />
  <meta name='ocr-capabilities' content='ocr_page ocr_carea ocr_par ocr_line ocrx_word'/>
</head>
<body>
  <div class='ocr_page' id='page_1' title='image "./lesolimouregist00parigoog_0237.png"; bbox 0 0 4450 6209; ppageno 0'>
   <div class='ocr_carea' id='block_1_1' title="bbox 503 725 1351 803">
    <p class='ocr_par' dir='ltr' id='par_1_1' title="bbox 503 725 1351 803">
     <span class='ocr_line' id='line_1_1' title="bbox 503 725 1351 803; baseline -0.002 -2"><span class='ocrx_word' id='word_1_1' title='bbox 503 727 576 803; x_wconf 75' lang='lat' dir='ltr'><strong>tet</strong></span> <span class='ocrx_word' id='word_1_2' title='bbox 1083 727 1177 801; x_wconf 84' lang='lat' dir='ltr'><strong>LES</strong></span> <span class='ocrx_word' id='word_1_3' title='bbox 1207 725 1351 802; x_wconf 88' lang='lat' dir='ltr'><strong>OLIM.</strong></span> 
     </span>
    </p>
   </div>
   <div class='ocr_carea' id='block_1_2' title="bbox 271 863 1933 1375">
    <p class='ocr_par' dir='ltr' id='par_1_2' title="bbox 271 863 1933 956">
     <span class='ocr_line' id='line_1_2' title="bbox 271 863 1933 956; baseline -0.004 -6"><span class='ocrx_word' id='word_1_4' title='bbox 271 879 461 942; x_wconf 65' lang='lat' dir='ltr'><strong>annuunt,</strong></span> <span class='ocrx_word' id='word_1_5' title='bbox 499 871 650 949; x_wconf 75' lang='lat' dir='ltr'><strong>racione</strong></span> <span class='ocrx_word' id='word_1_6' title='bbox 670 869 771 948; x_wconf 81' lang='lat' dir='ltr'><strong>dicte</strong></span> <span class='ocrx_word' id='word_1_7' title='bbox 790 867 952 946; x_wconf 86' lang='lat' dir='ltr'><strong>calceate</strong></span> <span class='ocrx_word' id='word_1_8' title='bbox 968 864 1133 948; x_wconf 79' lang='lat' dir='ltr'><strong>confessi</strong></span> <span class='ocrx_word' id='word_1_9' title='bbox 1152 883 1259 956; x_wconf 86' lang='lat' dir='ltr'><strong>sunt,</strong></span> <span class='ocrx_word' id='word_1_10' title='bbox 1280 867 1383 948; x_wconf 85' lang='lat' dir='ltr'><strong>curia</strong></span> <span class='ocrx_word' id='word_1_11' title='bbox 1403 881 1530 947; x_wconf 86' lang='lat' dir='ltr'><strong>nostra</strong></span> <span class='ocrx_word' id='word_1_12' title='bbox 1550 863 1828 945; x_wconf 80' lang='lat' dir='ltr'><strong>sentencialiter</strong></span> <span class='ocrx_word' id='word_1_13' title='bbox 1846 895 1933 946; x_wconf 89' lang='lat' dir='ltr'><strong>cou-</strong></span> 
     </span>
    </p>

    <p class='ocr_par' dir='ltr' id='par_1_3' title="bbox 334 973 1932 1244">
     <span class='ocr_line' id='line_1_3' title="bbox 334 973 1932 1111; baseline -0.003 -28"><span class='ocrx_word' id='word_1_14' title='bbox 334 973 398 1016; x_wconf 58' lang='grc' dir='ltr'><strong>Μ’</strong></span> <span class='ocrx_word' id='word_1_15' title='bbox 501 1003 718 1111; x_wconf 75' lang='lat' dir='ltr'><strong>dampnavit</strong></span> <span class='ocrx_word' id='word_1_16' title='bbox 742 1001 900 1081; x_wconf 85' lang='lat' dir='ltr'><strong>eosdem</strong></span> <span class='ocrx_word' id='word_1_17' title='bbox 916 999 1147 1108; x_wconf 80' lang='lat' dir='ltr'><strong>regalatores</strong></span> <span class='ocrx_word' id='word_1_18' title='bbox 1170 1000 1211 1079; x_wconf 90' lang='lat' dir='ltr'><strong>in</strong></span> <span class='ocrx_word' id='word_1_19' title='bbox 1236 999 1371 1080; x_wconf 83' lang='lat' dir='ltr'><strong>ceteris</strong></span> <span class='ocrx_word' id='word_1_20' title='bbox 1392 998 1563 1083; x_wconf 72' lang='lat' dir='ltr'><strong>articulis</strong></span> <span class='ocrx_word' id='word_1_21' title='bbox 1584 997 1788 1108; x_wconf 89' lang='lat' dir='ltr'><strong>propositis</strong></span> <span class='ocrx_word' id='word_1_22' title='bbox 1811 1017 1932 1078; x_wconf 88' lang='lat' dir='ltr'><strong>contra</strong></span> 
     </span>
     <span class='ocr_line' id='line_1_4' title="bbox 501 1133 1283 1244; baseline -0.005 -31"><span class='ocrx_word' id='word_1_23' title='bbox 501 1138 602 1244; x_wconf 87' lang='lat' dir='ltr'><strong>ipsos</strong></span> <span class='ocrx_word' id='word_1_24' title='bbox 622 1165 691 1244; x_wconf 89' lang='lat' dir='ltr'><strong>per</strong></span> <span class='ocrx_word' id='word_1_25' title='bbox 711 1135 816 1214; x_wconf 91' lang='lat' dir='ltr'><strong>idem</strong></span> <span class='ocrx_word' id='word_1_26' title='bbox 829 1134 1019 1244; x_wconf 86' lang='lat' dir='ltr'><strong>judicium</strong></span> <span class='ocrx_word' id='word_1_27' title='bbox 1038 1133 1283 1212; x_wconf 83' lang='lat' dir='ltr'><strong>absolvendo.</strong></span> 
     </span>
    </p>

    <p class='ocr_par' dir='ltr' id='par_1_4' title="bbox 556 1263 1928 1375">
     <span class='ocr_line' id='line_1_5' title="bbox 556 1263 1928 1375; baseline -0.004 -27"><span class='ocrx_word' id='word_1_28' title='bbox 556 1269 710 1348; x_wconf 85' lang='lat' dir='ltr'><strong>Sabbati</strong></span> <span class='ocrx_word' id='word_1_29' title='bbox 729 1285 817 1375; x_wconf 87' lang='lat' dir='ltr'><strong>post</strong></span> <span class='ocrx_word' id='word_1_30' title='bbox 833 1267 1073 1346; x_wconf 78' lang='lat' dir='ltr'><strong>Nativitatem</strong></span> <span class='ocrx_word' id='word_1_31' title='bbox 1090 1265 1201 1345; x_wconf 86' lang='lat' dir='ltr'><strong>beate</strong></span> <span class='ocrx_word' id='word_1_32' title='bbox 1219 1265 1352 1356; x_wconf 82' lang='lat' dir='ltr'><strong>Maris,</strong></span> <span class='ocrx_word' id='word_1_33' title='bbox 1375 1291 1475 1346; x_wconf 83' lang='lat' dir='ltr'><strong>tuno</strong></span> <span class='ocrx_word' id='word_1_34' title='bbox 1497 1263 1765 1346; x_wconf 81' lang='lat' dir='ltr'><strong>trecentesimo</strong></span> <span class='ocrx_word' id='word_1_35' title='bbox 1786 1283 1928 1372; x_wconf 84' lang='lat' dir='ltr'><strong>quarto.</strong></span> 
     </span>
    </p>
   </div>
   <div class='ocr_carea' id='block_1_3' title="bbox 455 1527 1935 2829">
    <p class='ocr_par' dir='ltr' id='par_1_5' title="bbox 497 1527 1933 1908">
     <span class='ocr_line' id='line_1_6' title="bbox 554 1527 1932 1640; baseline -0.001 -28"><span class='ocrx_word' id='word_1_36' title='bbox 554 1534 717 1614; x_wconf 84' lang='lat' dir='ltr'><strong>XXXVI.</strong></span> <span class='ocrx_word' id='word_1_37' title='bbox 747 1533 847 1612; x_wconf 87' lang='lat' dir='ltr'><strong>Cum</strong></span> <span class='ocrx_word' id='word_1_38' title='bbox 870 1561 894 1610; x_wconf 86' lang='lat' dir='ltr'><strong>a</strong></span> <span class='ocrx_word' id='word_1_39' title='bbox 914 1530 1078 1640; x_wconf 81' lang='lat' dir='ltr'><strong>quadam</strong></span> <span class='ocrx_word' id='word_1_40' title='bbox 1105 1531 1296 1610; x_wconf 86' lang='lat' dir='ltr'><strong>sentencia</strong></span> <span class='ocrx_word' id='word_1_41' title='bbox 1323 1527 1603 1612; x_wconf 81' lang='lat' dir='ltr'><strong>confirmatoria</strong></span> <span class='ocrx_word' id='word_1_42' title='bbox 1627 1529 1726 1610; x_wconf 84' lang='lat' dir='ltr'><strong>iuter</strong></span> <span class='ocrx_word' id='word_1_43' title='bbox 1752 1527 1932 1612; x_wconf 82' lang='lat' dir='ltr'><strong>llalesiam</strong></span> 
     </span>
     <span class='ocr_line' id='line_1_7' title="bbox 499 1662 1933 1771; baseline -0.002 -26"><span class='ocrx_word' id='word_1_44' title='bbox 499 1667 639 1746; x_wconf 87' lang='lat' dir='ltr'><strong>dictam</strong></span> <span class='ocrx_word' id='word_1_45' title='bbox 657 1665 694 1744; x_wconf 90' lang='lat' dir='ltr'><strong>Ia</strong></span> <span class='ocrx_word' id='word_1_46' title='bbox 712 1665 969 1754; x_wconf 85' lang='lat' dir='ltr'><strong>Mareschale,</strong></span> <span class='ocrx_word' id='word_1_47' title='bbox 989 1693 1036 1742; x_wconf 81' lang='lat' dir='ltr'><strong>ex</strong></span> <span class='ocrx_word' id='word_1_48' title='bbox 1056 1691 1133 1742; x_wconf 86' lang='lat' dir='ltr'><strong>una</strong></span> <span class='ocrx_word' id='word_1_49' title='bbox 1151 1681 1274 1771; x_wconf 86' lang='lat' dir='ltr'><strong>parte,</strong></span> <span class='ocrx_word' id='word_1_50' title='bbox 1295 1680 1334 1742; x_wconf 85' lang='lat' dir='ltr'><strong>et</strong></span> <span class='ocrx_word' id='word_1_51' title='bbox 1351 1662 1579 1744; x_wconf 86' lang='lat' dir='ltr'><strong>Gaulridum</strong></span> <span class='ocrx_word' id='word_1_52' title='bbox 1601 1663 1778 1751; x_wconf 88' lang='lat' dir='ltr'><strong>Scotum,</strong></span> <span class='ocrx_word' id='word_1_53' title='bbox 1802 1679 1841 1742; x_wconf 85' lang='lat' dir='ltr'><strong>et</strong></span> <span class='ocrx_word' id='word_1_54' title='bbox 1858 1663 1933 1742; x_wconf 86' lang='lat' dir='ltr'><strong>Ma·</strong></span> 
     </span>
     <span class='ocr_line' id='line_1_8' title="bbox 497 1795 1932 1908; baseline -0.003 -30"><span class='ocrx_word' id='word_1_55' title='bbox 497 1801 615 1889; x_wconf 75' lang='lat' dir='ltr'><strong>dam,</strong></span> <span class='ocrx_word' id='word_1_56' title='bbox 641 1801 723 1908; x_wconf 87' lang='lat' dir='ltr'><strong>ejus</strong></span> <span class='ocrx_word' id='word_1_57' title='bbox 742 1826 921 1887; x_wconf 84' lang='lat' dir='ltr'><strong>uxorem,</strong></span> <span class='ocrx_word' id='word_1_58' title='bbox 946 1796 1047 1874; x_wconf 89' lang='lat' dir='ltr'><strong>dicte</strong></span> <span class='ocrx_word' id='word_1_59' title='bbox 1067 1795 1217 1874; x_wconf 80' lang='lat' dir='ltr'><strong>Aalesie</strong></span> <span class='ocrx_word' id='word_1_60' title='bbox 1240 1795 1378 1886; x_wconf 85' lang='lat' dir='ltr'><strong>filiam,</strong></span> <span class='ocrx_word' id='word_1_61' title='bbox 1407 1822 1452 1874; x_wconf 83' lang='lat' dir='ltr'><strong>ex</strong></span> <span class='ocrx_word' id='word_1_62' title='bbox 1474 1795 1613 1884; x_wconf 86' lang='lat' dir='ltr'><strong>altera,</strong></span> <span class='ocrx_word' id='word_1_63' title='bbox 1636 1823 1750 1902; x_wconf 86' lang='lat' dir='ltr'><strong>super</strong></span> <span class='ocrx_word' id='word_1_64' title='bbox 1772 1796 1932 1902; x_wconf 75' lang='lat' dir='ltr'><strong>qaradam</strong></span> 
     </span>
    </p>

    <p class='ocr_par' dir='ltr' id='par_1_6' title="bbox 455 1921 1935 2700">
     <span class='ocr_line' id='line_1_9' title="bbox 455 1921 1933 2038; baseline -0.002 -29"><span class='ocrx_word' id='word_1_65' title='bbox 455 1921 468 1940; x_wconf 89' lang='grc'><strong><em>’</em></strong></span> <span class='ocrx_word' id='word_1_66' title='bbox 499 1930 674 2009; x_wconf 86' lang='lat' dir='ltr'><strong>domuin</strong></span> <span class='ocrx_word' id='word_1_67' title='bbox 691 1959 767 2038; x_wconf 89' lang='lat' dir='ltr'><strong>qua</strong></span> <span class='ocrx_word' id='word_1_68' title='bbox 783 1930 875 2008; x_wconf 84' lang='lat' dir='ltr'><strong>dicti</strong></span> <span class='ocrx_word' id='word_1_69' title='bbox 890 1929 1072 2037; x_wconf 82' lang='lat' dir='ltr'><strong>conjuges</strong></span> <span class='ocrx_word' id='word_1_70' title='bbox 1085 1929 1346 2018; x_wconf 84' lang='lat' dir='ltr'><strong>morabantur,</strong></span> <span class='ocrx_word' id='word_1_71' title='bbox 1364 1955 1434 2036; x_wconf 90' lang='lat' dir='ltr'><strong>per</strong></span> <span class='ocrx_word' id='word_1_72' title='bbox 1447 1927 1632 2008; x_wconf 83' lang='lat' dir='ltr'><strong>ballivum</strong></span> <span class='ocrx_word' id='word_1_73' title='bbox 1648 1927 1816 2036; x_wconf 86' lang='lat' dir='ltr'><strong>episcopi</strong></span> <span class='ocrx_word' id='word_1_74' title='bbox 1836 1928 1933 2006; x_wconf 86' lang='lat' dir='ltr'><strong>Pari-</strong></span> 
     </span>
     <span class='ocr_line' id='line_1_10' title="bbox 500 2058 1932 2170; baseline -0.002 -29"><span class='ocrx_word' id='word_1_75' title='bbox 500 2061 634 2142; x_wconf 84' lang='lat' dir='ltr'><strong>siensis</strong></span> <span class='ocrx_word' id='word_1_76' title='bbox 648 2063 722 2140; x_wconf 88' lang='lat' dir='ltr'><strong>lata</strong></span> <span class='ocrx_word' id='word_1_77' title='bbox 734 2090 804 2169; x_wconf 89' lang='lat' dir='ltr'><strong>pro</strong></span> <span class='ocrx_word' id='word_1_78' title='bbox 821 2061 919 2140; x_wconf 90' lang='lat' dir='ltr'><strong>dicta</strong></span> <span class='ocrx_word' id='word_1_79' title='bbox 933 2059 1087 2170; x_wconf 80' lang='lat' dir='ltr'><strong>Aalesya</strong></span> <span class='ocrx_word' id='word_1_80' title='bbox 1100 2077 1231 2141; x_wconf 88' lang='lat' dir='ltr'><strong>contra</strong></span> <span class='ocrx_word' id='word_1_81' title='bbox 1241 2061 1421 2170; x_wconf 85' lang='lat' dir='ltr'><strong>conjuges</strong></span> <span class='ocrx_word' id='word_1_82' title='bbox 1431 2060 1636 2168; x_wconf 82' lang='lat' dir='ltr'><strong>predictos,</strong></span> <span class='ocrx_word' id='word_1_83' title='bbox 1654 2058 1726 2168; x_wconf 84' lang='lat' dir='ltr'><strong>ipsi</strong></span> <span class='ocrx_word' id='word_1_84' title='bbox 1739 2059 1932 2168; x_wconf 83' lang='lat' dir='ltr'><strong>conjuges,</strong></span> 
     </span>
     <span class='ocr_line' id='line_1_11' title="bbox 498 2191 1932 2304; baseline -0.001 -31"><span class='ocrx_word' id='word_1_85' title='bbox 498 2213 680 2302; x_wconf 83' lang='lat' dir='ltr'><strong>tanquam</strong></span> <span class='ocrx_word' id='word_1_86' title='bbox 697 2224 719 2272; x_wconf 90' lang='lat' dir='ltr'><strong>a</strong></span> <span class='ocrx_word' id='word_1_87' title='bbox 738 2195 833 2274; x_wconf 86' lang='lat' dir='ltr'><strong>lalso</strong></span> <span class='ocrx_word' id='word_1_88' title='bbox 851 2212 889 2272; x_wconf 87' lang='lat' dir='ltr'><strong>et</strong></span> <span class='ocrx_word' id='word_1_89' title='bbox 908 2223 1021 2302; x_wconf 74' lang='lat' dir='ltr'><strong>pravo</strong></span> <span class='ocrx_word' id='word_1_90' title='bbox 1034 2195 1223 2304; x_wconf 77' lang='lat' dir='ltr'><strong>judicato,</strong></span> <span class='ocrx_word' id='word_1_91' title='bbox 1245 2194 1294 2273; x_wconf 85' lang='lat' dir='ltr'><strong>ad</strong></span> <span class='ocrx_word' id='word_1_92' title='bbox 1312 2211 1478 2274; x_wconf 88' lang='lat' dir='ltr'><strong>nostram</strong></span> <span class='ocrx_word' id='word_1_93' title='bbox 1496 2193 1639 2272; x_wconf 85' lang='lat' dir='ltr'><strong>curiam</strong></span> <span class='ocrx_word' id='word_1_94' title='bbox 1661 2191 1932 2302; x_wconf 68' lang='lat' dir='ltr'><strong>appellassent:</strong></span> 
     </span>
     <span class='ocr_line' id='line_1_12' title="bbox 499 2325 1935 2434; baseline -0.001 -30"><span class='ocrx_word' id='word_1_95' title='bbox 499 2327 692 2418; x_wconf 86' lang='lat' dir='ltr'><strong>Tandem,</strong></span> <span class='ocrx_word' id='word_1_96' title='bbox 715 2328 854 2406; x_wconf 86' lang='lat' dir='ltr'><strong>auditis</strong></span> <span class='ocrx_word' id='word_1_97' title='bbox 873 2327 963 2405; x_wconf 91' lang='lat' dir='ltr'><strong>hinc</strong></span> <span class='ocrx_word' id='word_1_98' title='bbox 984 2327 1072 2406; x_wconf 89' lang='lat' dir='ltr'><strong>inde</strong></span> <span class='ocrx_word' id='word_1_99' title='bbox 1091 2327 1262 2434; x_wconf 88' lang='lat' dir='ltr'><strong>partibus</strong></span> <span class='ocrx_word' id='word_1_100' title='bbox 1285 2325 1506 2416; x_wconf 84' lang='lat' dir='ltr'><strong>antedictis,</strong></span> <span class='ocrx_word' id='word_1_101' title='bbox 1530 2343 1568 2403; x_wconf 89' lang='lat' dir='ltr'><strong>et</strong></span> <span class='ocrx_word' id='word_1_102' title='bbox 1589 2325 1676 2404; x_wconf 87' lang='lat' dir='ltr'><strong>visis</strong></span> <span class='ocrx_word' id='word_1_103' title='bbox 1698 2325 1935 2432; x_wconf 83' lang='lat' dir='ltr'><strong>processibus</strong></span> 
     </span>
     <span class='ocr_line' id='line_1_13' title="bbox 499 2455 1932 2567; baseline -0.003 -29"><span class='ocrx_word' id='word_1_104' title='bbox 499 2460 599 2538; x_wconf 88' lang='lat' dir='ltr'><strong>dicte</strong></span> <span class='ocrx_word' id='word_1_105' title='bbox 615 2487 727 2536; x_wconf 82' lang='lat' dir='ltr'><strong>cause</strong></span> <span class='ocrx_word' id='word_1_106' title='bbox 750 2477 789 2537; x_wconf 82' lang='lat' dir='ltr'><strong>et</strong></span> <span class='ocrx_word' id='word_1_107' title='bbox 803 2458 975 2567; x_wconf 87' lang='lat' dir='ltr'><strong>judicato</strong></span> <span class='ocrx_word' id='word_1_108' title='bbox 990 2459 1183 2567; x_wconf 84' lang='lat' dir='ltr'><strong>predicto,</strong></span> <span class='ocrx_word' id='word_1_109' title='bbox 1206 2487 1275 2566; x_wconf 92' lang='lat' dir='ltr'><strong>per</strong></span> <span class='ocrx_word' id='word_1_110' title='bbox 1288 2457 1482 2566; x_wconf 89' lang='lat' dir='ltr'><strong>judicium</strong></span> <span class='ocrx_word' id='word_1_111' title='bbox 1501 2473 1630 2540; x_wconf 86' lang='lat' dir='ltr'><strong>nostre</strong></span> <span class='ocrx_word' id='word_1_112' title='bbox 1651 2457 1773 2551; x_wconf 88' lang='lat' dir='ltr'><strong>curie,</strong></span> <span class='ocrx_word' id='word_1_113' title='bbox 1791 2455 1932 2537; x_wconf 90' lang='lat' dir='ltr'><strong>dictum</strong></span> 
     </span>
     <span class='ocr_line' id='line_1_14' title="bbox 497 2589 1509 2700; baseline -0.001 -32"><span class='ocrx_word' id='word_1_114' title='bbox 497 2591 570 2669; x_wconf 88' lang='lat' dir='ltr'><strong>luit</strong></span> <span class='ocrx_word' id='word_1_115' title='bbox 588 2592 689 2669; x_wconf 88' lang='lat' dir='ltr'><strong>bene</strong></span> <span class='ocrx_word' id='word_1_116' title='bbox 701 2591 915 2699; x_wconf 88' lang='lat' dir='ltr'><strong>judicatum</strong></span> <span class='ocrx_word' id='word_1_117' title='bbox 933 2590 1071 2682; x_wconf 86' lang='lat' dir='ltr'><strong>fuisse,</strong></span> <span class='ocrx_word' id='word_1_118' title='bbox 1095 2608 1135 2670; x_wconf 89' lang='lat' dir='ltr'><strong>et</strong></span> <span class='ocrx_word' id='word_1_119' title='bbox 1149 2591 1247 2670; x_wconf 86' lang='lat' dir='ltr'><strong>male</strong></span> <span class='ocrx_word' id='word_1_120' title='bbox 1264 2589 1509 2700; x_wconf 86' lang='lat' dir='ltr'><strong>appellatum.</strong></span> 
     </span>
    </p>

    <p class='ocr_par' dir='ltr' id='par_1_7' title="bbox 556 2723 1931 2829">
     <span class='ocr_line' id='line_1_15' title="bbox 556 2723 1931 2829; baseline -0.001 -28"><span class='ocrx_word' id='word_1_121' title='bbox 556 2723 711 2801; x_wconf 87' lang='lat' dir='ltr'><strong>Sabbati</strong></span> <span class='ocrx_word' id='word_1_122' title='bbox 731 2740 816 2801; x_wconf 78' lang='lat' dir='ltr'><strong>ante</strong></span> <span class='ocrx_word' id='word_1_123' title='bbox 836 2724 1073 2803; x_wconf 86' lang='lat' dir='ltr'><strong>Nativitatem</strong></span> <span class='ocrx_word' id='word_1_124' title='bbox 1091 2724 1203 2803; x_wconf 85' lang='lat' dir='ltr'><strong>beate</strong></span> <span class='ocrx_word' id='word_1_125' title='bbox 1224 2725 1357 2814; x_wconf 86' lang='lat' dir='ltr'><strong>Marie,</strong></span> <span class='ocrx_word' id='word_1_126' title='bbox 1380 2751 1480 2803; x_wconf 87' lang='lat' dir='ltr'><strong>anno</strong></span> <span class='ocrx_word' id='word_1_127' title='bbox 1500 2723 1770 2804; x_wconf 85' lang='lat' dir='ltr'><strong>trecentesimo</strong></span> <span class='ocrx_word' id='word_1_128' title='bbox 1789 2739 1931 2829; x_wconf 83' lang='lat' dir='ltr'><strong>quarto.</strong></span> 
     </span>
    </p>
   </div>
   <div class='ocr_carea' id='block_1_4' title="bbox 501 2986 1934 3360">
    <p class='ocr_par' dir='ltr' id='par_1_8' title="bbox 501 2986 1934 3360">
     <span class='ocr_line' id='line_1_16' title="bbox 556 2986 1934 3097; baseline 0.001 -32"><span class='ocrx_word' id='word_1_129' title='bbox 556 2987 733 3066; x_wconf 87' lang='lat' dir='ltr'><strong>XXXVII.</strong></span> <span class='ocrx_word' id='word_1_130' title='bbox 752 2988 939 3094; x_wconf 84' lang='lat' dir='ltr'><strong>¹luquesta</strong></span> <span class='ocrx_word' id='word_1_131' title='bbox 958 2987 1058 3066; x_wconf 84' lang='lat' dir='ltr'><strong>inter</strong></span> <span class='ocrx_word' id='word_1_132' title='bbox 1079 2989 1288 3096; x_wconf 87' lang='lat' dir='ltr'><strong>Templum</strong></span> <span class='ocrx_word' id='word_1_133' title='bbox 1308 3006 1347 3070; x_wconf 89' lang='lat' dir='ltr'><strong>et</strong></span> <span class='ocrx_word' id='word_1_134' title='bbox 1364 2989 1573 3097; x_wconf 83' lang='lat' dir='ltr'><strong>armigeros</strong></span> <span class='ocrx_word' id='word_1_135' title='bbox 1595 2986 1643 3068; x_wconf 88' lang='lat' dir='ltr'><strong>de</strong></span> <span class='ocrx_word' id='word_1_136' title='bbox 1666 2987 1828 3096; x_wconf 82' lang='lat' dir='ltr'><strong>Pacyaco</strong></span> <span class='ocrx_word' id='word_1_137' title='bbox 1851 2987 1934 3065; x_wconf 85' lang='lat' dir='ltr'><strong>refi-</strong></span> 
     </span>
     <span class='ocr_line' id='line_1_17' title="bbox 501 3118 1168 3200; baseline -0.001 -4"><span class='ocrx_word' id='word_1_138' title='bbox 501 3118 630 3198; x_wconf 87' lang='lat' dir='ltr'><strong>cienda</strong></span> <span class='ocrx_word' id='word_1_139' title='bbox 652 3135 710 3197; x_wconf 87' lang='lat' dir='ltr'><strong>est</strong></span> <span class='ocrx_word' id='word_1_140' title='bbox 728 3136 768 3197; x_wconf 88' lang='lat' dir='ltr'><strong>et</strong></span> <span class='ocrx_word' id='word_1_141' title='bbox 784 3120 972 3198; x_wconf 87' lang='lat' dir='ltr'><strong>mittenda</strong></span> <span class='ocrx_word' id='word_1_142' title='bbox 991 3119 1168 3200; x_wconf 84' lang='lat' dir='ltr'><strong>auditori.</strong></span> 
     </span>
     <span class='ocr_line' id='line_1_18' title="bbox 559 3251 1088 3360; baseline 0 -30"><span class='ocrx_word' id='word_1_143' title='bbox 559 3253 608 3330; x_wconf 85' lang='lat' dir='ltr'><strong>M.</strong></span> <span class='ocrx_word' id='word_1_144' title='bbox 629 3251 856 3358; x_wconf 86' lang='lat' dir='ltr'><strong>Pasquerius</strong></span> <span class='ocrx_word' id='word_1_145' title='bbox 872 3252 1088 3360; x_wconf 81' lang='lat' dir='ltr'><strong>reportavit.</strong></span> 
     </span>
    </p>
   </div>
   <div class='ocr_carea' id='block_1_5' title="bbox 499 3516 1934 5216">
    <p class='ocr_par' dir='ltr' id='par_1_9' title="bbox 499 3516 1934 5216">
     <span class='ocr_line' id='line_1_19' title="bbox 556 3516 1933 3606; baseline 0.001 -12"><span class='ocrx_word' id='word_1_146' title='bbox 556 3516 746 3596; x_wconf 92' lang='lat' dir='ltr'><strong>XXXVIII.</strong></span> <span class='ocrx_word' id='word_1_147' title='bbox 778 3517 876 3595; x_wconf 90' lang='lat' dir='ltr'><strong>Cum</strong></span> <span class='ocrx_word' id='word_1_148' title='bbox 887 3517 987 3595; x_wconf 88' lang='lat' dir='ltr'><strong>inter</strong></span> <span class='ocrx_word' id='word_1_149' title='bbox 995 3518 1205 3596; x_wconf 85' lang='lat' dir='ltr'><strong>Iohannem</strong></span> <span class='ocrx_word' id='word_1_150' title='bbox 1216 3517 1418 3606; x_wconf 90' lang='lat' dir='ltr'><strong>Chochon,</strong></span> <span class='ocrx_word' id='word_1_151' title='bbox 1435 3534 1472 3596; x_wconf 90' lang='lat' dir='ltr'><strong>et</strong></span> <span class='ocrx_word' id='word_1_152' title='bbox 1482 3534 1670 3596; x_wconf 86' lang='lat' dir='ltr'><strong>rectorem</strong></span> <span class='ocrx_word' id='word_1_153' title='bbox 1681 3517 1933 3597; x_wconf 86' lang='lat' dir='ltr'><strong>Universitatis</strong></span> 
     </span>
     <span class='ocr_line' id='line_1_20' title="bbox 500 3648 1931 3759; baseline 0.003 -33"><span class='ocrx_word' id='word_1_154' title='bbox 500 3648 733 3727; x_wconf 82' lang='lat' dir='ltr'><strong>scholarium</strong></span> <span class='ocrx_word' id='word_1_155' title='bbox 747 3649 1033 3740; x_wconf 87' lang='lat' dir='ltr'><strong>Parisiensium,</strong></span> <span class='ocrx_word' id='word_1_156' title='bbox 1056 3679 1102 3728; x_wconf 83' lang='lat' dir='ltr'><strong>ex</strong></span> <span class='ocrx_word' id='word_1_157' title='bbox 1120 3679 1197 3728; x_wconf 89' lang='lat' dir='ltr'><strong>una</strong></span> <span class='ocrx_word' id='word_1_158' title='bbox 1216 3667 1339 3758; x_wconf 87' lang='lat' dir='ltr'><strong>parte,</strong></span> <span class='ocrx_word' id='word_1_159' title='bbox 1363 3666 1402 3729; x_wconf 89' lang='lat' dir='ltr'><strong>et</strong></span> <span class='ocrx_word' id='word_1_160' title='bbox 1416 3650 1597 3759; x_wconf 89' lang='lat' dir='ltr'><strong>majorem</strong></span> <span class='ocrx_word' id='word_1_161' title='bbox 1617 3649 1706 3728; x_wconf 89' lang='lat' dir='ltr'><strong>ville</strong></span> <span class='ocrx_word' id='word_1_162' title='bbox 1722 3651 1931 3744; x_wconf 82' lang='lat' dir='ltr'><strong>Pontisare,</strong></span> 
     </span>
     <span class='ocr_line' id='line_1_21' title="bbox 501 3781 1934 3890; baseline 0.002 -32"><span class='ocrx_word' id='word_1_163' title='bbox 501 3781 648 3870; x_wconf 79' lang='lat' dir='ltr'><strong>exalia,</strong></span> <span class='ocrx_word' id='word_1_164' title='bbox 667 3797 765 3858; x_wconf 81' lang='lat' dir='ltr'><strong>esset</strong></span> <span class='ocrx_word' id='word_1_165' title='bbox 784 3795 866 3857; x_wconf 84' lang='lat' dir='ltr'><strong>orta</strong></span> <span class='ocrx_word' id='word_1_166' title='bbox 880 3782 1030 3888; x_wconf 83' lang='lat' dir='ltr'><strong>questio</strong></span> <span class='ocrx_word' id='word_1_167' title='bbox 1048 3810 1168 3890; x_wconf 83' lang='lat' dir='ltr'><strong>super</strong></span> <span class='ocrx_word' id='word_1_168' title='bbox 1187 3783 1356 3890; x_wconf 89' lang='lat' dir='ltr'><strong>eoquod</strong></span> <span class='ocrx_word' id='word_1_169' title='bbox 1376 3781 1468 3860; x_wconf 92' lang='lat' dir='ltr'><strong>dicti</strong></span> <span class='ocrx_word' id='word_1_170' title='bbox 1484 3781 1673 3860; x_wconf 87' lang='lat' dir='ltr'><strong>lohannes</strong></span> <span class='ocrx_word' id='word_1_171' title='bbox 1689 3800 1726 3860; x_wconf 92' lang='lat' dir='ltr'><strong>et</strong></span> <span class='ocrx_word' id='word_1_172' title='bbox 1741 3802 1866 3862; x_wconf 87' lang='lat' dir='ltr'><strong>rector</strong></span> <span class='ocrx_word' id='word_1_173' title='bbox 1882 3785 1934 3862; x_wconf 90' lang='lat' dir='ltr'><strong>di·</strong></span> 
     </span>
     <span class='ocr_line' id='line_1_22' title="bbox 501 3910 1934 4021; baseline 0.002 -32"><span class='ocrx_word' id='word_1_174' title='bbox 501 3914 637 3989; x_wconf 84' lang='lat' dir='ltr'><strong>cebant</strong></span> <span class='ocrx_word' id='word_1_175' title='bbox 646 3910 770 4018; x_wconf 85' lang='lat' dir='ltr'><strong>quod,</strong></span> <span class='ocrx_word' id='word_1_176' title='bbox 785 3911 826 3991; x_wconf 91' lang='lat' dir='ltr'><strong>in</strong></span> <span class='ocrx_word' id='word_1_177' title='bbox 837 3912 1014 4021; x_wconf 83' lang='lat' dir='ltr'><strong>injuriam</strong></span> <span class='ocrx_word' id='word_1_178' title='bbox 1028 3932 1065 3992; x_wconf 88' lang='lat' dir='ltr'><strong>et</strong></span> <span class='ocrx_word' id='word_1_179' title='bbox 1075 3914 1286 4021; x_wconf 86' lang='lat' dir='ltr'><strong>dampnum</strong></span> <span class='ocrx_word' id='word_1_180' title='bbox 1300 3913 1389 3993; x_wconf 89' lang='lat' dir='ltr'><strong>dicti</strong></span> <span class='ocrx_word' id='word_1_181' title='bbox 1402 3914 1602 4005; x_wconf 84' lang='lat' dir='ltr'><strong>Iohannis,</strong></span> <span class='ocrx_word' id='word_1_182' title='bbox 1616 3914 1811 3994; x_wconf 80' lang='lat' dir='ltr'><strong>existentis</strong></span> <span class='ocrx_word' id='word_1_183' title='bbox 1821 3914 1934 3994; x_wconf 86' lang='lat' dir='ltr'><strong>scola-</strong></span> 
     </span>
     <span class='ocr_line' id='line_1_23' title="bbox 501 4045 1931 4157; baseline 0.001 -35"><span class='ocrx_word' id='word_1_184' title='bbox 501 4073 583 4124; x_wconf 88' lang='lat' dir='ltr'><strong>rem</strong></span> <span class='ocrx_word' id='word_1_185' title='bbox 597 4045 863 4134; x_wconf 85' lang='lat' dir='ltr'><strong>Parisieusem,</strong></span> <span class='ocrx_word' id='word_1_186' title='bbox 879 4045 969 4121; x_wconf 91' lang='lat' dir='ltr'><strong>etin</strong></span> <span class='ocrx_word' id='word_1_187' title='bbox 980 4047 1235 4155; x_wconf 84' lang='lat' dir='ltr'><strong>prejudicium</strong></span> <span class='ocrx_word' id='word_1_188' title='bbox 1249 4048 1533 4157; x_wconf 85' lang='lat' dir='ltr'><strong>privilegiorum</strong></span> <span class='ocrx_word' id='word_1_189' title='bbox 1549 4048 1648 4125; x_wconf 88' lang='lat' dir='ltr'><strong>dicte</strong></span> <span class='ocrx_word' id='word_1_190' title='bbox 1660 4047 1931 4132; x_wconf 80' lang='lat' dir='ltr'><strong>Universitatis,</strong></span> 
     </span>
     <span class='ocr_line' id='line_1_24' title="bbox 502 4173 1934 4289; baseline 0.002 -34"><span class='ocrx_word' id='word_1_191' title='bbox 502 4179 606 4256; x_wconf 92' lang='lat' dir='ltr'><strong>idem</strong></span> <span class='ocrx_word' id='word_1_192' title='bbox 628 4177 750 4285; x_wconf 87' lang='lat' dir='ltr'><strong>major</strong></span> <span class='ocrx_word' id='word_1_193' title='bbox 765 4173 985 4256; x_wconf 76' lang='lat' dir='ltr'><strong>benedicti</strong></span> <span class='ocrx_word' id='word_1_194' title='bbox 996 4180 1179 4259; x_wconf 86' lang='lat' dir='ltr'><strong>Iohannis</strong></span> <span class='ocrx_word' id='word_1_195' title='bbox 1203 4180 1348 4258; x_wconf 87' lang='lat' dir='ltr'><strong>venalia</strong></span> <span class='ocrx_word' id='word_1_196' title='bbox 1367 4198 1612 4288; x_wconf 84' lang='lat' dir='ltr'><strong>exposuerat,</strong></span> <span class='ocrx_word' id='word_1_197' title='bbox 1633 4197 1672 4258; x_wconf 88' lang='lat' dir='ltr'><strong>et</strong></span> <span class='ocrx_word' id='word_1_198' title='bbox 1695 4179 1799 4258; x_wconf 91' lang='lat' dir='ltr'><strong>idem</strong></span> <span class='ocrx_word' id='word_1_199' title='bbox 1822 4209 1934 4289; x_wconf 83' lang='lat' dir='ltr'><strong>super</strong></span> 
     </span>
     <span class='ocr_line' id='line_1_25' title="bbox 501 4309 1932 4422; baseline 0 -34"><span class='ocrx_word' id='word_1_200' title='bbox 501 4311 575 4389; x_wconf 92' lang='lat' dir='ltr'><strong>hoc</strong></span> <span class='ocrx_word' id='word_1_201' title='bbox 595 4309 774 4388; x_wconf 78' lang='lat' dir='ltr'><strong>intulerat</strong></span> <span class='ocrx_word' id='word_1_202' title='bbox 790 4311 911 4388; x_wconf 90' lang='lat' dir='ltr'><strong>multa</strong></span> <span class='ocrx_word' id='word_1_203' title='bbox 930 4311 1111 4419; x_wconf 67' lang='lat' dir='ltr'><strong>dampna,</strong></span> <span class='ocrx_word' id='word_1_204' title='bbox 1137 4313 1302 4422; x_wconf 86' lang='lat' dir='ltr'><strong>ideoque</strong></span> <span class='ocrx_word' id='word_1_205' title='bbox 1317 4314 1498 4422; x_wconf 83' lang='lat' dir='ltr'><strong>petebant</strong></span> <span class='ocrx_word' id='word_1_206' title='bbox 1512 4314 1675 4392; x_wconf 87' lang='lat' dir='ltr'><strong>revocari</strong></span> <span class='ocrx_word' id='word_1_207' title='bbox 1694 4331 1732 4392; x_wconf 93' lang='lat' dir='ltr'><strong>et</strong></span> <span class='ocrx_word' id='word_1_208' title='bbox 1745 4314 1932 4392; x_wconf 81' lang='lat' dir='ltr'><strong>retractari</strong></span> 
     </span>
     <span class='ocr_line' id='line_1_26' title="bbox 500 4441 1933 4554; baseline 0.001 -34"><span class='ocrx_word' id='word_1_209' title='bbox 500 4441 684 4550; x_wconf 78' lang='lat' dir='ltr'><strong>quicquid</strong></span> <span class='ocrx_word' id='word_1_210' title='bbox 705 4442 831 4520; x_wconf 85' lang='lat' dir='ltr'><strong>dictus</strong></span> <span class='ocrx_word' id='word_1_211' title='bbox 848 4444 972 4553; x_wconf 87' lang='lat' dir='ltr'><strong>major</strong></span> <span class='ocrx_word' id='word_1_212' title='bbox 990 4473 1105 4551; x_wconf 85' lang='lat' dir='ltr'><strong>super</strong></span> <span class='ocrx_word' id='word_1_213' title='bbox 1119 4446 1194 4525; x_wconf 89' lang='lat' dir='ltr'><strong>hoc</strong></span> <span class='ocrx_word' id='word_1_214' title='bbox 1213 4445 1371 4536; x_wconf 84' lang='lat' dir='ltr'><strong>lecerat,</strong></span> <span class='ocrx_word' id='word_1_215' title='bbox 1394 4465 1433 4524; x_wconf 89' lang='lat' dir='ltr'><strong>et</strong></span> <span class='ocrx_word' id='word_1_216' title='bbox 1452 4463 1571 4525; x_wconf 90' lang='lat' dir='ltr'><strong>certas</strong></span> <span class='ocrx_word' id='word_1_217' title='bbox 1587 4446 1748 4554; x_wconf 89' lang='lat' dir='ltr'><strong>pecunie</strong></span> <span class='ocrx_word' id='word_1_218' title='bbox 1769 4475 1933 4524; x_wconf 86' lang='lat' dir='ltr'><strong>summas</strong></span> 
     </span>
     <span class='ocr_line' id='line_1_27' title="bbox 501 4573 1934 4686; baseline 0.003 -36"><span class='ocrx_word' id='word_1_219' title='bbox 501 4573 645 4650; x_wconf 88' lang='lat' dir='ltr'><strong>eisdem</strong></span> <span class='ocrx_word' id='word_1_220' title='bbox 660 4574 824 4652; x_wconf 84' lang='lat' dir='ltr'><strong>Iohanni</strong></span> <span class='ocrx_word' id='word_1_221' title='bbox 834 4591 875 4653; x_wconf 92' lang='lat' dir='ltr'><strong>et</strong></span> <span class='ocrx_word' id='word_1_222' title='bbox 888 4579 1026 4654; x_wconf 88' lang='lat' dir='ltr'><strong>rectori</strong></span> <span class='ocrx_word' id='word_1_223' title='bbox 1040 4577 1200 4686; x_wconf 86' lang='lat' dir='ltr'><strong>persolvi</strong></span> <span class='ocrx_word' id='word_1_224' title='bbox 1220 4595 1258 4656; x_wconf 91' lang='lat' dir='ltr'><strong>et</strong></span> <span class='ocrx_word' id='word_1_225' title='bbox 1271 4578 1381 4657; x_wconf 88' lang='lat' dir='ltr'><strong>reddi</strong></span> <span class='ocrx_word' id='word_1_226' title='bbox 1396 4607 1416 4656; x_wconf 89' lang='lat' dir='ltr'><strong>a</strong></span> <span class='ocrx_word' id='word_1_227' title='bbox 1431 4577 1533 4656; x_wconf 89' lang='lat' dir='ltr'><strong>dicto</strong></span> <span class='ocrx_word' id='word_1_228' title='bbox 1547 4577 1707 4686; x_wconf 84' lang='lat' dir='ltr'><strong>majore,</strong></span> <span class='ocrx_word' id='word_1_229' title='bbox 1722 4606 1791 4684; x_wconf 95' lang='lat' dir='ltr'><strong>pro</strong></span> <span class='ocrx_word' id='word_1_230' title='bbox 1806 4577 1934 4684; x_wconf 87' lang='lat' dir='ltr'><strong>damp-</strong></span> 
     </span>
     <span class='ocr_line' id='line_1_28' title="bbox 500 4705 1934 4819; baseline 0.003 -38"><span class='ocrx_word' id='word_1_231' title='bbox 500 4705 558 4782; x_wconf 85' lang='lat' dir='ltr'><strong>nis</strong></span> <span class='ocrx_word' id='word_1_232' title='bbox 581 4723 619 4782; x_wconf 90' lang='lat' dir='ltr'><strong>et</strong></span> <span class='ocrx_word' id='word_1_233' title='bbox 637 4707 786 4814; x_wconf 86' lang='lat' dir='ltr'><strong>injuriis</strong></span> <span class='ocrx_word' id='word_1_234' title='bbox 802 4709 1046 4816; x_wconf 65' lang='lat' dir='ltr'><strong>¹supradictis3</strong></span> <span class='ocrx_word' id='word_1_235' title='bbox 1069 4728 1108 4788; x_wconf 91' lang='lat' dir='ltr'><strong>et</strong></span> <span class='ocrx_word' id='word_1_236' title='bbox 1123 4739 1152 4788; x_wconf 90' lang='lat' dir='ltr'><strong>-e</strong></span> <span class='ocrx_word' id='word_1_237' title='bbox 1173 4729 1302 4789; x_wconf 83' lang='lat' dir='ltr'><strong>eontra</strong></span> <span class='ocrx_word' id='word_1_238' title='bbox 1325 4712 1448 4788; x_wconf 89' lang='lat' dir='ltr'><strong>dictus</strong></span> <span class='ocrx_word' id='word_1_239' title='bbox 1472 4711 1602 4819; x_wconf 89' lang='lat' dir='ltr'><strong>major,</strong></span> <span class='ocrx_word' id='word_1_240' title='bbox 1623 4709 1801 4817; x_wconf 88' lang='lat' dir='ltr'><strong>pluribus</strong></span> <span class='ocrx_word' id='word_1_241' title='bbox 1818 4712 1934 4788; x_wconf 88' lang='lat' dir='ltr'><strong>racio·</strong></span> 
     </span>
     <span class='ocr_line' id='line_1_29' title="bbox 501 4837 1933 4952; baseline 0.003 -40"><span class='ocrx_word' id='word_1_242' title='bbox 501 4837 612 4916; x_wconf 87' lang='lat' dir='ltr'><strong>nibus</strong></span> <span class='ocrx_word' id='word_1_243' title='bbox 636 4868 855 4947; x_wconf 88' lang='lat' dir='ltr'><strong>proponens</strong></span> <span class='ocrx_word' id='word_1_244' title='bbox 877 4869 918 4919; x_wconf 92' lang='lat' dir='ltr'><strong>se</strong></span> <span class='ocrx_word' id='word_1_245' title='bbox 943 4842 1044 4919; x_wconf 88' lang='lat' dir='ltr'><strong>licite</strong></span> <span class='ocrx_word' id='word_1_246' title='bbox 1070 4861 1108 4921; x_wconf 86' lang='lat' dir='ltr'><strong>et</strong></span> <span class='ocrx_word' id='word_1_247' title='bbox 1123 4844 1233 4952; x_wconf 67' lang='lat' dir='ltr'><strong>juste</strong></span> <span class='ocrx_word' id='word_1_248' title='bbox 1257 4843 1389 4922; x_wconf 84' lang='lat' dir='ltr'><strong>fecisse</strong></span> <span class='ocrx_word' id='word_1_249' title='bbox 1415 4843 1598 4950; x_wconf 86' lang='lat' dir='ltr'><strong>quicquid</strong></span> <span class='ocrx_word' id='word_1_250' title='bbox 1623 4843 1702 4949; x_wconf 89' lang='lat' dir='ltr'><strong>ipse</strong></span> <span class='ocrx_word' id='word_1_251' title='bbox 1728 4842 1869 4922; x_wconf 82' lang='lat' dir='ltr'><strong>fecerat</strong></span> <span class='ocrx_word' id='word_1_252' title='bbox 1895 4841 1933 4918; x_wconf 88' lang='lat' dir='ltr'><strong>in</strong></span> 
     </span>
     <span class='ocr_line' id='line_1_30' title="bbox 500 4970 1934 5084; baseline 0.002 -37"><span class='ocrx_word' id='word_1_253' title='bbox 500 4970 696 5077; x_wconf 87' lang='lat' dir='ltr'><strong>predictis,</strong></span> <span class='ocrx_word' id='word_1_254' title='bbox 721 4976 870 5079; x_wconf 83' lang='lat' dir='ltr'><strong>peteret</strong></span> <span class='ocrx_word' id='word_1_255' title='bbox 892 5003 932 5052; x_wconf 89' lang='lat' dir='ltr'><strong>se</strong></span> <span class='ocrx_word' id='word_1_256' title='bbox 956 4975 1099 5054; x_wconf 85' lang='lat' dir='ltr'><strong>absolvi</strong></span> <span class='ocrx_word' id='word_1_257' title='bbox 1126 5005 1154 5074; x_wconf 41' lang='lat' dir='ltr'><strong>a,</strong></span> <span class='ocrx_word' id='word_1_258' title='bbox 1170 4977 1349 5083; x_wconf 89' lang='lat' dir='ltr'><strong>predictis</strong></span> <span class='ocrx_word' id='word_1_259' title='bbox 1372 4991 1503 5054; x_wconf 89' lang='lat' dir='ltr'><strong>contra</strong></span> <span class='ocrx_word' id='word_1_260' title='bbox 1525 4976 1651 5084; x_wconf 90' lang='lat' dir='ltr'><strong>ipsum</strong></span> <span class='ocrx_word' id='word_1_261' title='bbox 1670 4973 1874 5083; x_wconf 88' lang='lat' dir='ltr'><strong>propositis</strong></span> <span class='ocrx_word' id='word_1_262' title='bbox 1898 4991 1934 5052; x_wconf 86' lang='lat' dir='ltr'><strong>et</strong></span> 
     </span>
     <span class='ocr_line' id='line_1_31' title="bbox 499 5101 1933 5216; baseline 0.001 -35"><span class='ocrx_word' id='word_1_263' title='bbox 499 5101 627 5209; x_wconf 83' lang='lat' dir='ltr'><strong>petitis</strong></span> <span class='ocrx_word' id='word_1_264' title='bbox 631 5135 648 5212; x_wconf 52' lang='grc' dir='ltr'><strong><em>ἑ</em></strong></span> <span class='ocrx_word' id='word_1_265' title='bbox 662 5104 851 5195; x_wconf 89' lang='lat' dir='ltr'><strong>Tandem,</strong></span> <span class='ocrx_word' id='word_1_266' title='bbox 867 5107 1066 5186; x_wconf 83' lang='lat' dir='ltr'><strong>antedictis</strong></span> <span class='ocrx_word' id='word_1_267' title='bbox 1079 5108 1167 5184; x_wconf 83' lang='lat' dir='ltr'><strong>hinc</strong></span> <span class='ocrx_word' id='word_1_268' title='bbox 1182 5108 1270 5187; x_wconf 87' lang='lat' dir='ltr'><strong>inde</strong></span> <span class='ocrx_word' id='word_1_269' title='bbox 1283 5108 1454 5216; x_wconf 85' lang='lat' dir='ltr'><strong>partibus</strong></span> <span class='ocrx_word' id='word_1_270' title='bbox 1469 5107 1624 5198; x_wconf 90' lang='lat' dir='ltr'><strong>auditis,</strong></span> <span class='ocrx_word' id='word_1_271' title='bbox 1641 5124 1679 5185; x_wconf 90' lang='lat' dir='ltr'><strong>et</strong></span> <span class='ocrx_word' id='word_1_272' title='bbox 1689 5107 1777 5185; x_wconf 87' lang='lat' dir='ltr'><strong>visis</strong></span> <span class='ocrx_word' id='word_1_273' title='bbox 1788 5133 1933 5214; x_wconf 86' lang='lat' dir='ltr'><strong>procas-</strong></span> 
     </span>
    </p>
   </div>
   <div class='ocr_carea' id='block_1_6' title="bbox 0 0 2230 6209">
    <p class='ocr_par' dir='ltr' id='par_1_10' title="bbox 0 0 2230 6209">
     <span class='ocr_line' id='line_1_32' title="bbox 0 0 2230 6209; baseline 0 0"><span class='ocrx_word' id='word_1_274' title='bbox 0 0 2230 6209; x_wconf 95' lang='lat' dir='ltr'><strong> </strong></span> 
     </span>
    </p>
   </div>
  </div>
 </body>
</html>
