4450 6209
750 707 1018 817 nnoutrns
1043 727 1107 800 nr
1133 709 1339 802 rnocts.
1678 729 1751 799 sos

338 900 381 950 ea
389 872 464 948 visa
479 887 517 947 et
531 867 731 976 diligenter
746 868 959 959 examinata,
974 896 1043 973 per
1054 868 1157 945 curie
1169 883 1297 944 nostre
1307 865 1509 973 judicium,
1524 865 1669 943 dictum
1683 864 1754 943 fuit
1791 881 1921 936 Parum
1933 882 1976 944 tv,

337 1000 555 1110 quoddicta
565 999 685 1106 Riqua
697 999 836 1076 dictam
848 998 1010 1076 litteram
1027 997 1268 1105 obligationis
1284 996 1453 1102 predicto
1467 997 1604 1104 Egidio
1619 996 1753 1074 reddet
1852 973 1916 1016 Μ’

336 1148 375 1210 et
391 1131 575 1223 restituet,
587 1130 645 1207 vel
659 1129 790 1208 saltem
806 1129 968 1208 litteram
983 1129 1206 1236 quitacionis
1223 1128 1333 1204 faciet
1347 1127 1473 1204 eidem
1487 1130 1534 1206 de
1549 1127 1752 1235 premissis,

335 1261 516 1368 quodque
530 1261 631 1340 dicto
647 1259 798 1368 Egidio,
814 1288 882 1366 pro
894 1259 1011 1364 ipsius
1021 1257 1194 1366 dampnis
1209 1276 1248 1336 et
1261 1258 1482 1365 deperditis,
1498 1258 1628 1367 viginti
1641 1257 1754 1336 libras

336 1393 595 1480 Turonenses,
618 1419 711 1500 quas
734 1390 815 1497 ipse
835 1389 989 1498 juravit,
1012 1407 1049 1468 et
1068 1391 1179 1469 nobis
1199 1407 1352 1468 centnm
1368 1389 1482 1468 libras
1496 1391 1754 1479 Turonenses,

336 1547 405 1627 pro
427 1521 587 1598 emenda
606 1522 894 1627 premissorum,
914 1519 1111 1624 persolvet.

257 1625 262 1636 ⁸
393 1649 556 1729 Sabbato
576 1668 662 1758 post
683 1652 968 1730 Penthecosten.

393 1779 578 1859 Thibotot
595 1780 806 1887 reputavit.

393 2041 533 2120 XCVII.
564 2041 647 2120 Lite
667 2057 785 2132 mota,
808 2070 933 2120 coram
957 2041 1095 2121 ballivo
1114 2041 1372 2135 Ambianensi,
1396 2045 1495 2122 inter
1514 2046 1696 2153 majorem
1722 2057 1759 2124 et

337 2171 508 2250 scabinos
521 2171 885 2261 Sancti-Andomari,
903 2200 948 2249 ex
966 2189 1070 2278 parte
1091 2201 1183 2261 una,
1207 2190 1243 2250 et
1263 2174 1446 2280 majorem
1461 2191 1500 2252 et
1518 2175 1691 2254 scabinos
1710 2175 1758 2253 de

338 2301 604 2410 Gravelingnes
617 2329 659 2378 ac
672 2300 879 2393 Galterum‚
895 2300 1076 2379 ballivum
1088 2300 1136 2378 de
1147 2302 1432 2394 Bourbourc,ex
1443 2302 1570 2393 altera,
1582 2333 1696 2411 super
1713 2334 1758 2384 eo

338 2432 442 2537 quod
466 2431 557 2508 dicti
586 2430 706 2540 major
730 2447 769 2508 et
787 2430 928 2508 scabini
948 2431 997 2508 de
1016 2431 1283 2539 Gravelingnes
1297 2461 1338 2508 ac
1357 2432 1531 2510 Galterus
1549 2433 1757 2540 predictus,

339 2578 428 2639 tunc
447 2560 606 2639 ballivus
627 2561 674 2639 de
694 2560 927 2650 Bourbourc,
935 2561 1121 2639 violenter
1138 2578 1312 2667 ceperant
1323 2561 1431 2667 plura
1443 2561 1543 2640 bona
1557 2564 1757 2642 hominum

338 2691 587 2799 quorumdam
609 2689 692 2769 ville
713 2689 1055 2769 Sancti-Andomari
1072 2707 1110 2768 et
1126 2691 1254 2798 plures
1273 2691 1438 2799 injurias,
1456 2691 1618 2798 dampna
1633 2710 1672 2770 et
1682 2695 1759 2772 vio-

338 2821 476 2900 lencias
492 2821 634 2898 eisdem
647 2820 864 2910 intulerant,
876 2849 950 2926 que
968 2821 1131 2926 dampna
1144 2838 1183 2898 et
1195 2821 1351 2930 injurias
1367 2821 1438 2899 sibi
1451 2807 1637 2928 'petebant
1654 2826 1759 2902 resti-

336 2952 394 3030 tui
408 2968 445 3029 et
455 2949 566 3028 nobis
581 2949 792 3044 emendari;
805 2949 913 3030 dictis
926 2951 1068 3059 majore
1085 2969 1124 3030 et
1135 2951 1296 3030 scabinis
1306 2968 1345 3028 et
1356 2951 1492 3031 ballivo
1510 2953 1559 3030 de
1566 2953 1760 3032 Bourborc

337 3082 518 3188 premissa
541 3081 762 3188 negantibus
782 3097 820 3158 et
838 3080 967 3187 plura,
988 3081 1113 3158 adsui
1136 3081 1415 3174 defensionem,
1431 3084 1756 3188 proponentibus:

338 3213 511 3317 inquesta
531 3210 647 3318 igitur
666 3237 781 3315 super
798 3209 887 3299 hoc,
904 3238 972 3314 per
988 3210 1133 3286 dictum
1148 3210 1344 3300 ballivum,
1361 3210 1455 3288 lacta
1475 3229 1513 3287 et
1530 3213 1579 3290 ad
1589 3214 1759 3319 judican-

340 3341 433 3422 dum
454 3339 555 3418 curie
574 3355 702 3416 nostre
719 3357 921 3444 reportata,
938 3341 1013 3416 visa
1029 3358 1066 3418 et
1086 3338 1286 3447 diligenter
1300 3340 1520 3429 examinata,
1529 3342 1619 3448 quia
1634 3343 1759 3420 inven-

339 3489 422 3549 tum
435 3486 492 3548 est
506 3469 832 3576 dictosmajorem,
840 3469 983 3575 juratos
996 3485 1033 3546 et
1045 3468 1216 3546 scabinos
1230 3498 1273 3546 ac
1284 3468 1463 3546 ballivum
1479 3468 1526 3546 de
1538 3471 1759 3550 Bourbourc

339 3602 467 3707 plures
491 3599 772 3679 inobediencies
801 3616 928 3676 contra
953 3627 1022 3677 nos
1048 3599 1199 3689 secisse,
1225 3599 1314 3706 quia
1341 3599 1453 3677 etiam
1478 3601 1674 3680 inventum
1703 3623 1759 3683 est

338 3731 457 3839 quod,
480 3731 631 3810 duobus
647 3730 782 3838 juratis
801 3747 840 3808 et
859 3729 1009 3809 duobus
1029 3730 1187 3808 scabinis
1210 3731 1572 3823 Sancti-Andomari,
1591 3734 1632 3811 in
1660 3735 1758 3814 salvo

340 3864 526 3940 conductu
539 3879 669 3940 nostro
682 3860 938 3951 existentibus,
954 3861 1025 3940 sub
1040 3861 1211 3940 custodia
1223 3862 1416 3970 cujusdam
1432 3863 1625 3942 servientis
1640 3869 1758 3944 nostri

342 3991 406 4097 qui
423 4019 487 4069 eos
500 3991 604 4067 duxit
616 3990 716 4097 apud
726 3989 1006 4097 Gravelingnes,
1022 4020 1131 4069 causa
1143 3990 1342 4098 repetendi
1356 3991 1455 4069 bona
1473 4021 1556 4082 sua,
1573 4010 1611 4070 et
1619 3995 1760 4100 quibus

341 4122 431 4198 dicti
451 4120 570 4228 major
588 4136 627 4197 et
636 4118 751 4226 jurati
771 4118 819 4196 de
839 4119 1104 4229 Gravelingnes
1124 4122 1362 4199 securitatem
1384 4123 1501 4200 eundi
1517 4142 1555 4200 et
1572 4125 1757 4204 redeundi

342 4250 391 4328 ad
406 4251 560 4330 eosdem
573 4248 829 4354 prestiterant,
842 4265 880 4325 et
896 4247 989 4325 dum
1006 4251 1075 4355 ipsi
1090 4277 1265 4326 unacum
1279 4250 1379 4326 dicto
1395 4252 1576 4329 serviente
1592 4254 1760 4332 redirent

341 4382 388 4459 de
405 4379 682 4486 Gravelingnes,
696 4377 821 4456 eundo
835 4407 962 4456 versus
977 4378 1447 4470 Sanctum-Andomarum,
1463 4381 1503 4457 in
1518 4381 1680 4487 quadam
1692 4411 1759 4459 na·

340 4511 477 4601 vicula,
501 4511 623 4587 dictus
640 4507 798 4586 ballivus
822 4509 869 4586 de
883 4508 1119 4598 Bourbourc,
1136 4538 1220 4587 cum
1247 4509 1491 4587 multitudine
1511 4528 1758 4604 armatorum,

340 4657 417 4717 tam
432 4641 603 4746 equitum
622 4668 735 4746 quam
749 4638 934 4744 peditum,
947 4667 1034 4715 cum
1047 4638 1209 4717 arcubus
1227 4655 1266 4716 et
1279 4637 1433 4728 balistis,
1451 4638 1666 4718 invaserunt
1680 4669 1762 4720 eos·

343 4771 430 4847 dem
446 4771 487 4846 in
500 4787 665 4862 tantum,
686 4767 806 4877 quod,
825 4769 962 4846 timore
983 4769 1132 4857 mortis,
1157 4797 1308 4847 neeesse
1330 4769 1545 4870 habuerunt
1563 4773 1697 4850 reverti
1713 4775 1761 4852 ad

342 4899 487 4976 dictum
508 4900 686 4978 ballivum
708 4899 755 4976 de
775 4899 1015 4991 Bourbour03
1041 4927 1137 5007 quos
1162 4900 1284 4978 dictus
1302 4899 1460 4978 ballivus
1485 4901 1635 5008 ejecita
1663 4903 1759 4982 dicta
1831 4897 1847 4914 “

341 5030 505 5108 navicula
532 5059 599 5136 per
622 5028 785 5138 spatulas
809 5029 1005 5120 violenter,
1032 5048 1070 5110 et
1090 5048 1219 5109 contra
1237 5031 1541 5136 prohibicionem
1566 5033 1760 5112 servientis
