4450 6209
701 677 992 816 'sacoaras
1018 725 1081 797 ur
1109 706 1316 798 procas.
1687 724 1731 795 ar

311 869 522 947 reddentur
533 866 632 948 bona
647 896 713 948 sua
727 886 881 975 propter
893 869 967 947 hoc
982 884 1102 974 capta,
1119 866 1179 945 vel
1195 894 1329 945 eorum
1342 864 1447 949 valor
1460 865 1491 941 si
1504 891 1581 947 non
1596 881 1734 943 extent.
1774 880 1904 937 Pmum
1914 881 1959 944 lv.

368 998 545 1115 Mercurii
560 1016 645 1076 ante
658 1000 812 1077 Pascha.

1835 973 1898 1018 13⁰0.

363 1265 489 1345 XXIX.
521 1262 775 1342 Coulirmacio
798 1261 987 1344 sentencie
1020 1290 1089 1368 per
1119 1262 1364 1347 senescallum
1394 1262 1737 1369 Petregoricensem

309 1398 381 1477 late
401 1422 470 1504 pro
495 1396 594 1500 Rege
621 1413 658 1473 et
682 1393 815 1473 abbate
840 1392 1100 1472 Tarracinensi
1126 1409 1255 1471 contra
1281 1390 1507 1472 Gaufridum
1528 1393 1575 1471 de
1594 1395 1733 1484 Ponte,

308 1529 441 1633 scripta
462 1542 518 1603 est
536 1526 576 1601 in
597 1527 768 1632 inquesta
786 1542 827 1602 et
844 1524 885 1602 in
904 1524 1030 1602 rotulo
1050 1524 1165 1631 hujus
1182 1523 1406 1629 parlamenti
1424 1552 1543 1630 prope
1561 1523 1691 1602 linem.

361 1790 470 1869 XXX.
502 1790 601 1868 Cum
630 1788 852 1882 Guillelma‚
883 1817 976 1867 uxor
1002 1786 1159 1867 Geraldi
1191 1789 1240 1867 de
1268 1788 1419 1879 Boetia,
1452 1814 1577 1867 corant
1605 1788 1736 1895 bajulo

307 1919 649 1998 MontisPeasulani
675 1949 745 2026 pro
764 1920 903 1999 illustri
923 1948 1012 2026 roge
1031 1918 1310 2027 Majoricarum,
1331 1920 1585 2026 quarumdam
1607 1920 1738 2003 domo·

306 2080 389 2128 rum
410 2080 497 2128 cum
514 2052 694 2150 viridario
715 2051 858 2131 eisdem
875 2051 1072 2161 adjuncto,
1095 2052 1253 2130 sitarum
1267 2051 1308 2129 in
1322 2050 1676 2132 Monte-Pessulano
1696 2053 1735 2127 in

305 2184 462 2259 sarreria
480 2200 606 2260 vocata
627 2184 675 2259 de
693 2183 860 2275 Baleuis‚
884 2184 931 2260 de
952 2184 1091 2291 quibus
1107 2184 1257 2262 dicebat
1273 2213 1313 2261 se
1328 2182 1524 2290 spoliatam
1538 2181 1653 2259 fuisse
1667 2210 1736 2289 per

304 2312 514 2391 lohannem
536 2313 583 2389 de
611 2314 790 2404 Londris‚
817 2330 964 2421 peteret
989 2314 1357 2402 restincturum-et
1376 2312 1628 2392 Ermessende
1648 2313 1735 2391 Car-

269 2508 275 2519 .
305 2443 436 2521 derina
455 2472 494 2520 se
515 2446 556 2519 in
575 2445 805 2539 contrarium
820 2462 1056 2551 opponente,
1074 2462 1113 2521 et
1130 2445 1278 2523 dicente
1293 2474 1333 2522 se
1346 2472 1427 2521 esse
1443 2445 1483 2545 iu
1497 2445 1733 2550 possessione

303 2573 488 2651 dictarum
512 2572 713 2655 domorum
735 2591 772 2654 et
786 2574 947 2681 jardini‚
971 2591 1009 2651 et
1028 2575 1388 2681 eorumrecipiendi
1414 2575 1636 2681 pensiones,
1659 2606 1733 2684 que

302 2703 428 2781 omnia
457 2702 641 2785 offerebat
668 2733 708 2782 se
726 2704 894 2811 legitime
921 2704 1182 2810 probaturam,
1209 2722 1248 2781 et
1270 2706 1317 2784 ed
1339 2706 1410 2783 hec
1434 2707 1628 2811 probanda
1647 2736 1734 2813 pro·

303 2836 468 2913 duxisset
486 2852 601 2914 testes
621 2836 686 2941 qui
708 2863 833 2913 coram
854 2836 955 2912 dicto
973 2834 1124 2941 bajulo,
1153 2837 1191 2911 in
1212 2837 1406 2941 presencia
1426 2838 1541 2943 partis
1561 2840 1730 2929 adverse,

295 2967 535 3073 juraveruut,
562 2967 651 3053 lieet
674 2994 752 3044 nou
777 2966 918 3044 luerint
936 2967 1136 3045 examinati
1157 2994 1229 3043 nee
1246 2969 1411 3060 steterit,
1432 2985 1477 3047 ut
1494 2968 1644 3062 dicitur,
1665 3000 1734 3077 per

301 3100 460 3175 eandem
478 3099 777 3189 Ermessendim‚
800 3100 923 3177 dictus
941 3098 1109 3206 bajulus,
1130 3128 1209 3178 non
1225 3099 1459 3179 obstantibus
1476 3103 1680 3208 propositis
1695 3119 1733 3181 et

299 3230 377 3335 ipsa
396 3230 646 3307 Ermessende
674 3258 752 3305 nou
779 3246 922 3319 vocata,
944 3229 1207 3334 pronunciavit
1227 3230 1367 3307 dictam
1386 3229 1632 3309 Guillelmam
1651 3261 1731 3311 esse

298 3359 556 3439 reducendam
581 3360 621 3435 iu
648 3358 922 3464 possessionem
945 3358 1134 3437 dictorum
1155 3359 1360 3437 domorum
1380 3375 1420 3437 et
1432 3359 1584 3465 jardini.
1606 3365 1731 3467 Aqua

299 3491 488 3567 sentencie
513 3490 612 3567 dieta
631 3488 891 3569 Ermassendis
911 3487 960 3565 ad
982 3487 1109 3566 locum
1129 3504 1322 3567 tenentem
1349 3487 1438 3567 dicti
1458 3489 1556 3596 regis
1579 3492 1731 3600 Majori·

299 3650 423 3699 carum
446 3620 663 3729 appellavit,
692 3650 816 3697 coram
841 3649 919 3729 quo
942 3620 1140 3727 proposuit
1160 3619 1287 3697 omnia
1305 3619 1369 3697 illa
1387 3649 1462 3728 que
1482 3648 1607 3698 coram
1628 3620 1729 3699 dicto

297 3751 426 3860 bajulo
454 3770 718 3862 proposueram
746 3754 812 3860 qui
837 3752 964 3829 locum
989 3770 1140 3843 tenens,
1169 3780 1247 3830 non
1274 3751 1510 3831 obstantibus
1528 3754 1731 3860 propositis

299 3883 371 3959 sive
392 3883 557 3990 scriptis,
580 3884 842 3991 pronunciavit
860 3883 1090 3962 sentenciam
1110 3883 1202 3961 dicti
1221 3883 1340 3991 bajuli
1359 3883 1500 3963 debere
1515 3885 1729 3983 execucioni

300 4012 529 4092 demandari.
551 4014 582 4090 A
606 4042 679 4123 qua
703 4015 1020 4122 pronunciatione
1042 4017 1140 4094 dicta
1158 4016 1421 4095 Ermesseudis
1438 4017 1573 4097 iterato
1592 4019 1641 4096 ad
1659 4044 1730 4095 nos

298 4144 343 4220 ad
372 4146 557 4223 cautelam
587 4145 806 4253 appellavit3
832 4175 945 4254 quam
979 4175 1129 4226 causam
1158 4146 1425 4255 appellationis
1453 4149 1631 4256 magistro
1656 4148 1730 4228 Ge·

296 4275 403 4354 raldo
424 4277 471 4355 de
492 4278 701 4370 Corthona,
718 4262 842 4384 judici
865 4294 995 4356 nostro
1014 4296 1106 4356 tunc
1130 4277 1602 4386 damarum-Mortuerum,
1624 4306 1728 4355 com-

296 4406 469 4486 misimus
506 4408 735 4486 audiendam
776 4426 814 4487 et
850 4408 926 4485 fine
962 4408 1093 4487 debito
1120 4409 1419 4500 terminandum
1454 4410 1521 4516 qui
1551 4409 1729 4517 magister

295 4534 500 4632 Geraldus,
524 4540 610 4617 visis
634 4540 872 4647 processibus
897 4539 985 4618 hinc
1013 4540 1104 4617 inde
1131 4539 1270 4619 habitis
1297 4558 1335 4619 et
1353 4538 1532 4621 omnibus
1550 4540 1634 4621 aliis
1652 4571 1727 4650 que
1797 4516 1803 4523 .

295 4667 418 4773 ipsum
426 4700 577 4753 movere
590 4690 764 4780 poteraut
777 4691 817 4752 et
830 4672 1032 4767 debebant,
1045 4672 1326 4751 sentencialiter
1338 4676 1600 4780 pronunciavit
1609 4676 1727 4754 dictas

294 4802 501 4881 sentencias
528 4832 607 4881 esse
632 4802 773 4899 nullas,
802 4822 840 4883 et
859 4805 998 4883 dictam
1019 4802 1281 4895 Guillelmam‚
1303 4834 1372 4914 per
1396 4806 1556 4885 eandem
1576 4826 1726 4885 senten·

295 4928 407 5022 ciam,
429 4934 717 5043 condempnavit
736 4935 784 5013 ad
800 4936 1084 5016 restitucionem
1102 4934 1287 5015 dictarum
1307 4936 1510 5017 domorum
1529 4956 1567 5016 et
1582 4938 1724 5045 jardini

293 5060 502 5143 faciendam
523 5066 730 5144 heredibus
747 5065 844 5144 dicta
860 5067 1161 5159 Hermeasendis‚
1182 5096 1259 5146 una
1278 5096 1364 5146 eum
1384 5067 1570 5147 fructibus
1588 5068 1723 5147 exinde
