4450 6209
529 720 577 795 58
1110 722 1202 795 LES
1232 720 1370 795 OLIM.

297 872 485 936 escimlv,
525 880 650 940 tarum
668 864 844 943 uillarum
863 864 1117 942 intencionem
1139 890 1247 941 mum
1262 862 1499 941 sufficienter
1516 862 1709 969 probasse,
1731 878 1769 939 et
1782 863 1853 970 jus
1868 864 1955 970 ipsis
2111 908 2113 927 ,

359 964 423 1007 '⁸⁰⁰'
526 994 751 1074 hominibus
771 990 1027 1075 hebitautibus
1046 994 1086 1072 in
1105 994 1220 1073 dictis
1235 994 1336 1073 villis
1354 1010 1568 1100 competere
1585 992 1803 1101 psstsrmndi
1821 996 1863 1071 in
1881 994 1955 1073 dio

526 1125 576 1201 tis
590 1124 811 1203 nemoribus
823 1125 963 1203 bestias
979 1152 1081 1213 suas,
1094 1124 1271 1203 videlicet
1284 1152 1388 1202 vacas
1403 1124 1451 1203 ad
1465 1124 1641 1233 quintum
1659 1122 1820 1215 folium,
1836 1152 1953 1234 equos

525 1274 612 1365 post
625 1256 745 1335 dictos
761 1258 860 1336 duos
872 1286 991 1337 annos
1005 1258 1232 1366 completos,
1249 1274 1287 1337 et
1299 1257 1556 1337 communiter
1567 1256 1707 1336 hostias
1719 1283 1805 1335 suas
1820 1284 1951 1335 omnes

524 1387 625 1467 dicto
643 1404 817 1495 tempore
845 1390 941 1467 nivis
964 1404 1004 1467 et
1027 1390 1134 1469 omni
1161 1416 1262 1467 anno
1288 1389 1467 1496 predictis
1488 1388 1678 1469 Passionis
1696 1405 1733 1466 et
1750 1389 1951 1479 Resurrec-

521 1518 637 1595 tiouis
666 1518 815 1611 diebus,
847 1518 943 1597 dum
969 1537 1099 1600 tsmeu
1126 1549 1204 1599 uon
1231 1536 1425 1629 pasturent
1452 1520 1563 1599 dictis
1588 1537 1761 1627 tempore
1789 1519 1888 1597 nivis
1916 1538 1950 1597 et
2112 1520 2113 1607 ξ

520 1648 657 1726 diebus
676 1666 765 1727 ante
777 1651 956 1758 quintum
973 1650 1127 1743 folium,
1143 1652 1250 1760 cquis
1263 1650 1443 1759 predictis
1456 1651 1651 1729 dumtaxat
1665 1650 1844 1756 exceptis.
1866 1652 1949 1727 Fuit

521 1780 638 1857 eciam
670 1780 871 1888 peridem
897 1782 1088 1890 judicium
1120 1783 1350 1862 declaratum
1381 1780 1487 1889 quod
1515 1780 1691 1859 homines
1719 1778 1947 1859 habitatores

520 1910 607 1989 ville
627 1930 666 1990 et
683 1910 882 2019 parrochie
903 1913 952 1991 de
972 1912 1106 2024 Chslly
1119 1915 1258 1993 bestias
1275 1940 1378 2001 suas,
1395 1910 1634 2020 temporibus
1656 1926 1694 1989 st
1713 1908 1855 1989 dicbus
1867 1938 1947 2018 pre·
2112 1958 2113 1993 i

519 2042 648 2134 dictis,
671 2044 810 2122 ducere
833 2060 1009 2150 poteraut
1033 2045 1082 2122 ad
1103 2044 1375 2153 pasturandum
1395 2042 1435 2120 in
1453 2040 1530 2123 illis
1547 2040 1770 2120 nemoribus
1789 2068 1868 2149 que
1887 2042 1947 2117 ha·

517 2173 633 2252 hebat
650 2174 753 2251 idem
770 2175 880 2253 miles
895 2194 1068 2284 tempore
1084 2176 1244 2284 predicti
1256 2174 1416 2285 judicati
1437 2200 1551 2283 super
1564 2172 1702 2251 saisina
1712 2170 1803 2249 facti
1818 2190 1859 2249 et
1873 2198 1944 2250 non
2112 2202 2113 2223 ¹

520 2304 560 2379 in
581 2304 802 2385 nemoribus
820 2324 952 2413 postes
971 2307 1180 2416 acquisitis,
1203 2324 1242 2385 et
1260 2308 1329 2400 sic,
1350 2334 1465 2413 super
1486 2305 1654 2411 hiisque
1674 2302 1829 2411 petebat
1848 2302 1942 2379 idem

518 2434 629 2512 miles
641 2452 771 2514 contra
782 2438 885 2545 ipsos
899 2438 1279 2519 homines-dictarum
1290 2435 1482 2527 villarum,
1497 2435 1653 2515 fisenus
1666 2434 1737 2541 ipsi
1754 2434 1941 2519 homiues,
2112 2442 2113 2451 ³

517 2594 586 2672 per
603 2566 707 2645 idem
727 2569 831 2645 curie
852 2586 979 2648 nostre
994 2570 1201 2678 judicium,
1224 2568 1397 2649 absoluti.
2112 2572 2113 2579 ’

574 2699 706 2775 Mense
724 2700 869 2793 Marcii,
890 2700 1045 2779 sublimo
1064 2719 1151 2807 post
1166 2699 1433 2781 Reminiscere.

572 2960 702 3037 XXIII.
733 2961 907 3066 lnquesta
932 2959 1035 3038 inter
1057 2962 1154 3039 cives
1180 2960 1423 3071 Agcunensss
1450 2976 1489 3037 et
1513 2958 1707 3037 ecclesiam
1732 2956 1940 3037 Sancti-Ca·
1992 2926 1999 2947 Ι

516 3091 629 3197 prasii
649 3091 698 3169 de
717 3089 898 3197 nigeuno,
920 3091 1075 3169 remissa
1095 3094 1219 3173 estad
1238 3088 1487 3172 senescallum
1508 3106 1552 3168 ut
1567 3088 1738 3196 perficiat
1758 3106 1797 3167 et
1817 3087 1939 3167 remit-

515 3240 581 3335 tat
611 3222 798 3302 cedulam
820 3223 943 3301 habeo
967 3222 1016 3300 de
1035 3224 1304 3305 commissione
1323 3238 1362 3301 st
1379 3221 1461 3329 ejus
1480 3219 1729 3299 renovacione
1747 3220 1844 3297 fectu
1863 3234 1940 3325 post

515 3354 809 3459 parlamentum,
827 3372 955 3461 postea
973 3354 1046 3433 fuit
1059 3356 1176 3435 michi
1196 3374 1393 3467 reportata.

571 3617 697 3694 XXIV.
727 3620 903 3725 Inquesta
922 3616 1018 3697 factu
1037 3644 1153 3724 super
1172 3618 1306 3695 saisina
1323 3618 1475 3726 justicie
1493 3618 1540 3695 de
1562 3616 1685 3723 Lycus
1705 3616 1804 3691 inter
1825 3609 1937 3692 demi-

515 3776 611 3823 num
636 3750 777 3856 Regem
799 3766 838 3826 et
859 3747 1035 3826 abbatem
1053 3765 1095 3827 et
1112 3767 1338 3829 conventum
1363 3746 1679 3857 Sancti-Dyonisii
1703 3760 1857 3855 propter
1879 3744 1937 3820 de-

515 3878 657 3955 fectum
679 3878 969 3972 commissionis,
991 3896 1031 3957 et
1048 3881 1138 3988 quia
1158 3906 1235 3959 non
1256 3880 1445 3960 invenitur
1461 3877 1554 3957 fucta
1569 3877 1684 3956 fuisse
1698 3876 1749 3955 de
1765 3875 1936 3955 mandato

516 4007 664 4086 domini
683 3987 794 4118 Regis
810 4028 850 4088 et
864 4028 1021 4119 propter
1038 4009 1128 4089 alias
1147 4029 1266 4091 certas
1285 4042 1431 4104 causas,
1450 4040 1517 4119 per
1530 4009 1719 4121 judicium
1734 4008 1839 4087 curie
1855 4002 1936 4085 erti-

513 4140 559 4216 tit
582 4141 765 4233 nnuilata3
794 4159 833 4218 et
850 4142 880 4219 si
900 4128 993 4219 dicti
1012 4142 1179 4250 religiosi
1204 4173 1317 4251 super
1335 4145 1408 4223 hoc
1427 4141 1569 4249 aliquid
1587 4157 1716 4248 petere
1735 4137 1933 4222 voluerint,

513 4273 652 4350 vocatis
670 4274 840 4381 partibus
859 4274 1073 4369 audientur,
1099 4293 1139 4353 et
1159 4275 1225 4353 fiet
1242 4277 1316 4385 jus.

570 4406 727 4485 Veneris
741 4424 827 4514 post
842 4406 1110 4486 Reminiscere.

571 4536 678 4615 Idem
704 4537 851 4616 dictum
880 4538 954 4617 fnit
980 4538 1029 4616 dc
1056 4539 1228 4647 inquesta
1254 4540 1354 4621 inter
1380 4540 1499 4617 dictas
1524 4554 1650 4645 partes
1670 4562 1784 4642 super
1809 4531 1933 4613 asisin·

509 4665 661 4770 justicie
677 4669 725 4746 de
745 4669 862 4777 Cony.
1938 4746 1940 4751 ,

570 4796 677 4875 Idem
703 4800 846 4879 dictum
875 4800 948 4878 fuit
974 4802 1023 4879 de
1049 4803 1222 4910 inquesta
1245 4801 1339 4879 facta
1368 4803 1466 4881 inter
1495 4802 1647 4879 easdem
1678 4816 1804 4907 partes
1830 4818 1933 4903 super

514 4928 746 5008 messoribus
764 4931 813 5009 de
834 4932 951 5040 Sergi.

573 5060 664 5137 Istas
681 5078 758 5139 tres
778 5061 1070 5168 inquestasfceit
1085 5064 1170 5142 ficri
1190 5060 1420 5144 Guiilclmus
1438 5064 1485 5141 de
1499 5064 1706 5171 Hangesto,
1723 5079 1814 5139 tunc
1830 5052 1931 5137 balli·
