4450 6209
738 749 1006 861 enodares
1034 774 1096 845 nr
1124 753 1330 847 enonas.
1671 778 1744 851 353

324 928 458 1018 qutum
475 928 549 998 est,
564 908 731 989 totaliter
749 913 912 990 anullata
926 913 1100 1006 bierunt3
1119 933 1157 993 et
1175 914 1319 993 dictum
1334 914 1405 994 fuit
1419 918 1525 1023 quod
1541 918 1661 995 dictus
1680 918 1745 995 fra·
1787 928 1915 984 aarum
1928 928 1972 991 tv,

321 1060 379 1121 ter
391 1035 598 1132 lohannes,
617 1044 785 1150 alioquin
800 1044 922 1121 dictus
933 1071 1076 1135 comes,
1093 1048 1217 1124 eidem
1234 1046 1380 1125 ducisse
1390 1049 1554 1127 reddent
1565 1049 1747 1157 quicquid
1848 1022 1911 1063 Μ’

325 1173 373 1250 de
389 1174 576 1252 dictorum
595 1175 703 1251 castri
719 1192 758 1251 et
771 1191 873 1252 terre
888 1173 1089 1265 fructibus,
1106 1177 1351 1284 proventibus
1371 1196 1409 1255 et
1421 1179 1583 1257 exitibus
1594 1208 1749 1287 percep-

322 1322 406 1383 tum
428 1324 484 1383 est
503 1336 570 1384 sau
594 1306 734 1412 percipi
760 1307 923 1413 potuita
942 1323 1114 1415 tempore
1138 1308 1401 1416 appellaeionis
1424 1312 1609 1418 predicte,
1633 1329 1671 1389 et
1689 1340 1750 1389 re·

324 1454 489 1543 ponetur
504 1439 603 1515 dicta
620 1437 782 1527 ducissa,
803 1466 872 1544 per
890 1465 929 1514 se
949 1438 1008 1514 vel
1027 1468 1097 1545 per
1108 1457 1239 1548 gentes
1255 1470 1356 1534 suas,
1378 1442 1417 1517 in
1433 1442 1566 1520 saisina
1583 1442 1750 1550 predicta

325 1570 433 1645 castri
448 1586 487 1645 et
500 1587 601 1645 terre
615 1570 888 1674 predictorum,
906 1588 945 1648 et
958 1570 1220 1649 emendabunt
1239 1572 1328 1649 dicti
1342 1573 1579 1681 injuriatores
1594 1573 1750 1651 domino

324 1702 415 1809 Regi
437 1718 475 1779 et
493 1703 726 1808 procuratori
746 1703 917 1809 predicto
938 1703 1138 1796 violencias
1165 1721 1202 1780 et
1220 1702 1375 1812 injurias
1400 1706 1602 1811 predictas,
1626 1692 1751 1783 eidein

324 1832 556 1941 procuratori
573 1833 703 1922 factam
726 1834 848 1911 dictus
863 1862 950 1910 vero
965 1861 1093 1912 comes
1106 1853 1145 1913 et
1161 1834 1337 1913 homines
1354 1836 1451 1915 dicte
1473 1837 1575 1914 curie
1596 1865 1678 1927 sue,
1695 1866 1752 1914 ra-

180 1955 187 1964 ’
287 2034 293 2045 ,
325 1964 433 2042 cioue
452 1982 690 2071 contemptus
709 1961 870 2071 predicti
890 1965 929 2040 in
949 1965 1204 2075 prejudicium
1232 1966 1331 2044 dicte
1359 1967 1625 2075 appellacionis
1644 1966 1748 2059 facti,

324 2097 549 2203 condignam
571 2096 772 2173 emendam
794 2095 950 2173 domino
972 2097 1062 2203 Regi
1077 2097 1309 2204 prestabant.

381 2227 480 2305 Jovis
498 2244 584 2333 post
602 2227 1036 2336 Sanctum-Gregorium.

383 2496 439 2571 (31.
470 2494 610 2572 Ballivo
630 2495 820 2572 Arvernia.
838 2496 936 2573 Cum
958 2496 1005 2571 ad
1020 2496 1238 2571 instanciam
1254 2495 1402 2572 comitis
1421 2495 1578 2573 Bolonie
1598 2496 1753 2573 manda·
1807 2502 1811 2515 '

325 2624 489 2702 serimus
508 2626 648 2732 inquiri
668 2643 797 2703 utrum
819 2626 1011 2734 expediret
1030 2626 1140 2704 nobis
1163 2644 1200 2705 et
1218 2626 1337 2733 patrie
1355 2626 1460 2732 quod
1480 2644 1641 2704 castrum
1663 2627 1753 2705 dicti

326 2757 474 2835 comitis
501 2776 539 2835 et
559 2757 775 2837 ‘castellania
794 2756 1145 2851 Montis-Gasconis‚
1164 2754 1250 2864 qui,
1276 2786 1362 2834 cum
1383 2757 1552 2863 ipsorum
1569 2758 1755 2838 habitato-

326 2889 448 2977 ribus,
465 2889 645 2965 hactenus
661 2888 813 2966 fuerunt
831 2890 880 2966 de
898 2906 1061 2967 ressorto
1076 2890 1313 2995 prepositure
1330 2887 1521 2967 Vichiachi
1542 2918 1611 2996 pro
1628 2908 1752 2999 parte,

328 3036 381 3108 et,
394 3048 465 3125 pro
475 3036 596 3126 parte,
609 3018 657 3095 de
667 3036 832 3098 ressorto
848 3020 1170 3126 preposituramm
1181 3018 1445 3097 Pontis-Castri
1454 3082 1463 3112 ,
1472 3022 1605 3127 Rjomi
1620 3034 1658 3097 et
1669 3021 1757 3101 Cas-

326 3150 594 3238 tri-Guidonis,
613 3167 737 3226 essent
750 3151 798 3226 de
814 3166 976 3227 ressorto
990 3150 1228 3258 prepositure
1244 3149 1411 3256 predicte
1423 3151 1700 3242 PontisCastri,
1720 3171 1757 3230 et

327 3299 457 3359 utrum
475 3282 563 3372 boc,
584 3283 664 3360 siue
681 3280 835 3360 alterius
849 3257 1059 3389 prejudicio
1075 3282 1159 3359 fieri
1176 3297 1321 3389 posset3
1339 3297 1377 3357 et
1394 3308 1479 3370 nos,
1498 3282 1757 3389 visainquesta

328 3439 442 3519 saper
473 3416 547 3491 boc
572 3412 682 3506 facta,
706 3413 1016 3500 concesserimus,
1051 3412 1099 3489 de
1126 3413 1247 3522 gracia
1278 3412 1447 3517 speciali,
1474 3410 1580 3519 quod
1612 3413 1763 3490 dictum

329 3518 490 3622 castrum
520 3562 558 3621 et
582 3544 810 3634 castellania,
837 3554 1079 3623 cumeorum
1107 3544 1398 3633 habitatoribus,
1427 3542 1502 3621 sint
1527 3544 1575 3620 de
1594 3561 1756 3623 ressorto

328 3677 595 3769 tantummodo
625 3677 723 3753 dicte
751 3677 987 3784 prepositure
1010 3675 1281 3755 Pontis-Castri
1308 3673 1494 3782 quamdiu
1520 3692 1648 3753 nostre
1678 3675 1758 3782 pla-

234 3874 238 3881 .
330 3809 450 3885 cuerit
476 3807 682 3885 voluntati:
704 3808 929 3885 Mandemus
946 3808 1054 3885 robis
1077 3808 1256 3915 quatinus
1278 3807 1446 3913 predicta
1474 3800 1613 3883 faciatis
1633 3807 1758 3885 obser-

329 3940 404 4015 vari
428 3938 589 4017 firmiter
612 3956 651 4016 et
667 3941 789 4016 teneri
815 3939 937 4018 donec
955 3968 1069 4047 super
1088 3939 1162 4019 hoc
1181 3939 1286 4017 aliud
1311 3968 1330 4015 a
1355 3936 1465 4017 nobis
1485 3938 1700 4046 receperitis
1719 3938 1758 4016 in

330 4072 528 4148 mandatis.
1043 4087 1050 4098 ‘
1366 4048 1372 4061 ⁸
1485 4065 1488 4075 ’

388 4201 516 4281 Martis
534 4218 619 4309 post
642 4204 791 4281 Pascha.
875 4173 886 4195 δ

360 4566 363 4572 ¹
387 4599 459 4679 Die
485 4594 638 4678 Sabbati
657 4617 741 4705 post
760 4600 899 4679 festum
918 4598 1018 4677 beati
1039 4596 1209 4704 Georgii,
1233 4625 1331 4674 anno
1349 4596 1613 4674 trecentesimo
1639 4588 1772 4686 nonos

251 4806 254 4809 ,
332 4732 575 4836 pronunciata
596 4730 751 4809 fuerunt
765 4730 931 4840 judicata
950 4759 1026 4839 que
1046 4746 1224 4807 secuntur
1244 4730 1346 4836 apud
1366 4728 1532 4807 Cacbant
1551 4726 1580 4832 (ι
1593 4727 1646 4831 a).
1688 4752 1691 4758 ·

390 4994 416 5070 1.
448 4995 548 5073 Mota
582 4996 832 5074 controversia
859 4995 959 5072 inter
988 5010 1153 5072 textores
1186 4989 1273 5069 ville
1305 4988 1689 5078 Castri-Nanthonis,
1719 5016 1763 5065 ex

336 5154 410 5204 una
426 5143 549 5232 parte,
571 5143 609 5204 et
627 5126 792 5206 fullones
812 5144 850 5204 et
863 5124 1105 5203 tincturarios
1120 5124 1208 5202 ville
1227 5122 1415 5233 ejusdem,
1436 5150 1480 5199 ex
1499 5120 1631 5213 altera,
1648 5146 1762 5225 super

421 5304 475 5347 aas
496 5302 577 5347 ocris.
603 5305 648 5346 nr.
1594 5276 1633 5345 [⁸5
