4450 6209
498 687 575 762 57t
1079 689 1170 762 tus
1201 688 1342 762 OLlM.

275 840 461 905 rsrmrrrv,
498 847 599 908 rator
609 829 796 908 dictorum
807 830 1071 938 religiosorum
1079 831 1187 937 quod
1198 827 1504 921 dictusballirus,
1517 830 1695 940 predictis
1703 833 1922 915 hominibus

335 935 398 978 1³10.

498 975 537 1037 et
558 959 814 1039 habitantibus
837 962 876 1039 in
897 960 1005 1038 dictis
1024 959 1132 1050 locis,
1155 960 1313 1039 dederat
1331 962 1525 1040 licenciam
1546 963 1706 1042 faciendi
1725 966 1920 1047 collectam

497 1090 597 1168 inter
611 1119 676 1170 eos
690 1091 1000 1172 et·constitusndi
1012 1108 1314 1199 procuratorem,
1327 1093 1549 1201 irrequisitis
1561 1094 1672 1174 dictis
1686 1096 1871 1205 religiosis
1883 1119 1921 1178 et

496 1223 535 1299 in
543 1213 794 1331 prejudicium
804 1223 1046 1313 eorumdem,
1063 1223 1296 1332 quodlacare
1309 1253 1387 1303 non
1395 1241 1554 1333 poterat,
1568 1245 1614 1305 ut
1626 1227 1790 1322 diceban
1806 1259 1918 1337 quare

496 1353 647 1459 petebat
665 1372 885 1460 procurator
909 1356 1099 1434 dictorum
1123 1355 1405 1463 religiosorum,
1427 1357 1581 1435 nomine
1600 1357 1771 1465 ipaomm
1797 1379 1835 1439 et
1852 1391 1918 1469 pru

495 1484 599 1590 ipsis,
614 1487 780 1593 predicta
795 1488 1083 1596 impedimenta,
1096 1515 1166 1595 per
1181 1487 1323 1565 dictum
1336 1487 1533 1578 ballivum,
1545 1517 1660 1597 super
1669 1490 1848 1598 predictis
1861 1522 1918 1600 ap

481 1618 632 1721 posita,
651 1619 832 1710 amoveri,
855 1636 895 1700 et
910 1619 1015 1727 qaod
1034 1618 1105 1726 ipsi
1120 1645 1190 1726 per
1204 1646 1288 1708 nos,
1310 1635 1504 1726 tamquam
1526 1637 1718 1725 persuum
1733 1621 1918 1728 gardiato·

494 1773 591 1837 rem,
607 1748 646 1824 in
660 1747 794 1826 saisina
807 1765 847 1826 et
860 1750 1094 1857 possessione
1111 1779 1177 1829 saa
1189 1749 1448 1857 poediaoruun
1460 1767 1671 1840 terreantur,
1687 1770 1804 1858 prout
1816 1772 1920 1833 erant

494 1895 665 1986 tempore
688 1881 877 1960 dictorum
898 1882 1259 1990 impedimentorum
1279 1882 1537 1988 appositorum
1554 1909 1626 1989 per
1645 1885 1789 1961 dictrun
1810 1884 1917 1962 balli·

494 2039 601 2102 vum,
624 2011 801 2117 predictis
818 2029 1060 2118 procuratore
1080 2027 1209 2089 nostro
1226 2039 1268 2087 ac
1281 2029 1523 2119 procuratore
1545 2013 1733 2092 dictorum
1751 2014 1919 2092 habitan-

494 2142 596 2219 cium
617 2145 845 2220 contrarium
866 2139 1133 2231 asserentibus,
1156 2141 1360 2250 pluresque
1384 2171 1513 2220 causas
1536 2161 1575 2221 et
1591 2145 1762 2222 raciones
1779 2173 1917 2254 propo—

495 2274 673 2354 nentibus
684 2301 801 2382 quare
812 2274 860 2351 ad
872 2273 943 2352 hec
953 2274 1108 2350 minime
1120 2290 1344 2351 tenerentur
1358 2304 1367 2348 ε
1380 2274 1468 2351 Visa
1479 2274 1667 2381 laqueata,
1680 2275 1729 2352 de
1742 2277 1917 2357 mandato

493 2423 639 2497 nostro,
663 2405 756 2482 facta
775 2433 888 2513 super
911 2405 985 2482 hiis
1010 2423 1047 2482 et
1067 2403 1272 2510 diligenter
1296 2405 1517 2496 examinata,
1538 2406 1627 2512 quia
1648 2424 1843 2513 repertum
1863 2427 1918 2487 est

493 2537 599 2644 quod
614 2537 703 2614 dieti
717 2536 881 2644 religiosi
896 2536 1150 2615 intencionem
1168 2563 1276 2612 suam
1293 2533 1533 2625 sufficienter,
1548 2563 1662 2641 super
1680 2537 1769 2627 biis,
1784 2539 1918 2645 proba-

493 2685 640 2757 verunt,
658 2667 886 2757 dictumest,
906 2695 974 2774 per
987 2667 1090 2744 curie
1107 2681 1234 2744 nostre
1243 2665 1450 2774 judicium,
1467 2667 1588 2746 dictos
1602 2666 1801 2776 religiosos
1812 2670 1917 2747 inde-

492 2799 571 2877 bite
586 2798 699 2877 fuisse
715 2799 753 2875 in
768 2799 935 2905 predicta
949 2798 1185 2905 possessione
1203 2826 1281 2886 sua,
1294 2825 1363 2904 per
1378 2797 1521 2876 dictum
1537 2797 1731 2890 ballivum,
1746 2801 1915 2880 turbatos

494 2947 532 3008 et
551 2930 769 3036 impeditos,
792 2958 833 3006 ac
858 2930 959 3036 ipsos
978 2929 1017 3006 in
1036 2929 1204 3037 predicta
1226 2958 1292 3007 sua
1313 2931 1548 3036 possessione
1568 2947 1606 3008 et
1625 2931 1757 3008 saisina
1776 2931 1914 3010 debere
1999 2959 2003 2969 ·

493 3087 688 3138 remanere
703 3061 751 3139 de
764 3060 941 3138 omnibus
954 3059 1194 3168 supradietis,
1209 3060 1249 3135 in
1263 3059 1381 3137 modo
1394 3077 1432 3137 et
1444 3059 1566 3138 forma
1577 3061 1715 3168 quibus
1728 3062 1799 3168 ipsi
1813 3083 1916 3143 erant

493 3207 578 3270 ante
604 3207 756 3299 tempus
776 3192 964 3270 dictorum
986 3191 1350 3298 impedimentorum
1372 3193 1630 3298 appositorum
1648 3220 1717 3298 per
1736 3191 1915 3273 ballivum

491 3323 741 3413 antedictum,
755 3339 948 3417 reservata,
963 3349 1077 3430 super
1095 3323 1185 3413 hiis,
1207 3321 1407 3431 questione
1424 3322 1664 3429 proprietatis
1684 3328 1913 3429 procuratori

492 3473 622 3537 nostro
649 3473 687 3533 et
714 3455 893 3562 predictis
922 3454 1142 3533 hominibus
1165 3470 1203 3531 et
1225 3453 1483 3533 habitantibus
1509 3455 1550 3531 in
1573 3452 1667 3532 locis
1693 3456 1914 3561 supradictis

492 3603 620 3666 contra
639 3586 760 3664 dictos
777 3585 989 3694 religiosos,
1009 3586 1039 3662 si
1059 3602 1097 3664 et
1113 3585 1267 3693 quando
1282 3613 1396 3692 super
1410 3586 1484 3664 hoc
1500 3585 1691 3664 voluerint
1704 3587 1875 3694 experiri.

547 3716 710 3794 Sabbuto
729 3717 908 3822 predicta.

546 3847 718 3924 Decanus
739 3847 785 3923 de
806 3844 970 3923 Cassello
990 3848 1205 3969 reportavit.

546 4108 670 4185 thx.
702 4108 819 4195 Curn,
844 4135 957 4215 super
980 4127 1102 4188 morte
1123 4109 1266 4187 Perroti
1291 4107 1430 4186 Ribaut
1456 4108 1505 4186 de
1532 4107 1759 4188 Bello-Loco
1782 4111 1911 4189 subtus

490 4238 664 4331 Lochias,
681 4238 729 4316 de
749 4267 823 4347 qua
845 4241 1057 4346 Stephanus
1076 4239 1295 4318 berrilherii
1310 4257 1349 4318 et
1367 4239 1597 4320 Guillelmns
1610 4240 1820 4332 Frederici,
1837 4269 1912 4318 car-

490 4369 619 4448 nifices
638 4369 686 4448 de
712 4371 809 4448 dicta
830 4369 914 4448 villa
930 4370 1024 4450 Belli
1037 4417 1055 4432 -
1070 4371 1176 4460 lobi,
1196 4371 1345 4449 buerant
1364 4371 1537 4479 suspicati
1562 4399 1632 4478 pro
1654 4399 1701 4450 eo
1719 4373 1826 4479 quod
1842 4372 1910 4478 ipsi

490 4489 613 4578 eidem
632 4503 787 4580 Perroto
807 4503 945 4592 minas,
970 4519 1054 4578 ante
1069 4502 1373 4581 verberaoionem
1392 4503 1595 4609 quamdam
1616 4503 1745 4580 eidem
1758 4502 1908 4592 luctam,

342 4691 347 4698 .
489 4631 675 4721 intulisse,
689 4633 993 4712 etverberacioni
1006 4632 1228 4740 hujusmodi
1242 4661 1370 4739 opem,
1387 4632 1553 4712 favorem
1566 4635 1819 4713 etconsilium
1830 4659 1912 4741 pre·

488 4761 631 4856 buisse,
654 4791 694 4840 ac
712 4765 1017 4843 verberacionem
1036 4763 1211 4854 eandem,
1229 4764 1318 4843 licet
1331 4765 1556 4871 potuissent,
1574 4793 1653 4844 nou
1672 4765 1910 4873 impedivisse

489 4891 722 4986 dicebantur,
742 4895 789 4973 ad
804 4895 1139 4979 denunciacionem
1154 4896 1335 4974 lobannis
1346 4894 1501 4990 Ribaut,
1516 4896 1838 4974 mandavissemus
1854 4895 1910 4971 in·

486 5025 584 5132 quiri
595 5026 745 5114 ,voeatis
760 5027 1145 5132 partibus,veritatem
1160 5043 1198 5104 et
1208 5028 1336 5134 puniri
1350 5027 1438 5106 illos
1452 5029 1515 5136 qui
1533 5055 1646 5135 super
1656 5027 1731 5106 hoc
1745 5025 1911 5134 culpabi·
