4450 6209
516 671 587 742 180
1094 664 1186 738 LBS
1212 661 1351 740 OLIM.

277 811 408 867 cmm,
427 813 472 878 Νι
568 808 677 887 XLll.
707 809 806 889 Cum
824 807 924 884 inter
942 805 1117 886 abbatem
1136 823 1174 885 et
1190 823 1418 886 conventum
1440 806 1487 886 de
1505 805 1634 886 Crasse
1652 821 1691 888 et
1709 807 1854 888 dictum
1874 811 1941 888 Bo

345 903 411 946 Μ’
512 939 790 1032 num-Filium,
815 937 980 1030 Belbon,
1001 938 1169 1028 Mouase,
1191 953 1230 1016 et
1247 935 1479 1026 Subronum,
1501 967 1543 1016 ae
1562 939 1747 1046 quosdam
1769 939 1863 1018 alios
1877 940 1938 1046 ju-

513 1071 606 1150 deos
631 1100 729 1179 quos
754 1070 844 1150 dicti
868 1068 983 1148 abbas
1006 1085 1044 1146 et
1069 1085 1276 1147 conventus
1296 1069 1472 1148 dicabant
1495 1097 1576 1148 ease
1597 1097 1686 1150 suos
1708 1071 1883 1178 proprios
1902 1090 1939 1148 et

512 1203 733 1311 originarios
749 1217 788 1280 et
807 1228 939 1279 comm
960 1197 1178 1290 talliabiles,
1198 1223 1243 1278 ex
1262 1228 1338 1280 una
1357 1217 1480 1307 parte,
1499 1218 1538 1278 et
1556 1219 1841 1308 procuratorem
1861 1231 1940 1280 nos

510 1350 611 1410 trum
630 1335 669 1410 in
685 1330 1220 1425 senescallia'Carcassonensi,
1234 1361 1277 1412 ae
1289 1349 1572 1439 procuratorem
1588 1333 1869 1412 communitatis
1878 1334 1938 1441 ju·

511 1463 671 1542 dcomm
693 1465 800 1572 regni
824 1464 961 1551 nostri,
988 1480 1196 1542 asserentes
1218 1464 1258 1541 in
1281 1463 1511 1542 conuanum
1535 1492 1605 1570 pro
1626 1464 1737 1544 nobis
1759 1482 1798 1542 et
1812 1465 1938 1571 judeis

509 1598 668 1685 nostris,
698 1595 819 1676 dictos
838 1595 979 1704 judeos
1005 1612 1155 1674 nostros
1184 1623 1265 1674 esse
1293 1613 1331 1674 et
1353 1595 1466 1674 nobis
1487 1593 1702 1686 sdliabitss,
1731 1625 1778 1674 ex
1802 1597 1935 1691 altera,

509 1727 761 1806 controversia
789 1742 892 1805 mota
918 1743 1034 1816 osset3
1060 1743 1100 1804 et
1123 1754 1238 1834 super
1261 1727 1353 1816 hoe,
1380 1726 1490 1804 dietis
1514 1725 1681 1834 partibus
1707 1727 1935 1808 adinvicem

510 1857 829 1938 contendentibus
855 1882 970 1964 super
995 1857 1096 1937 dicta
1118 1857 1379 1948 consensione,
1405 1857 1610 1938 senescallo
1634 1875 1764 1938 nostro
1788 1859 1937 1938 Carcas-

510 1988 679 2082 sonenai,
705 1987 772 2096 qui
795 2015 867 2096 pro
888 2005 1060 2094 tempore
1079 2005 1160 2066 erat
1179 1988 1345 2079 ibidem,
1366 2016 1436 2096 per
1454 2005 1599 2068 nostres
1622 1988 1765 2068 litteras
1783 1991 1936 2070 mandu-

509 2120 651 2210 vimus,
667 2116 745 2223 suls
763 2136 865 2198 certa
888 2136 927 2196 et
949 2119 1101 2225 speciali
1120 2118 1257 2212 forma,
1278 2119 1385 2229 quod
1403 2149 1516 2228 super
1535 2121 1726 2228 premissis
1744 2123 1936 2202 veritatem

511 2251 719 2358 inquireret
738 2251 950 2359 diligenter.
972 2251 1104 2330 Dictus
1122 2280 1210 2332 vero
1230 2251 1473 2346 senescallus,
1495 2251 1743 2360 inquisicione
1762 2253 1859 2332 sacta
1877 2283 1936 2334 su-

510 2410 578 2489 per
605 2383 680 2462 hoc
705 2407 774 2488 per
799 2379 986 2473 eundem,
1009 2398 1049 2460 et
1071 2409 1199 2460 coram
1218 2407 1265 2464 eo
1283 2382 1455 2490 partibus
1473 2382 1655 2474 evocatis,
1681 2385 1937 2490 pronrmciavit

511 2531 549 2591 et
562 2514 776 2604 declaravit,
795 2497 990 2620 pensaram
1009 2513 1259 2604 sentenciam,
1280 2513 1400 2594 dictos
1414 2514 1555 2622 judeos
1574 2543 1657 2596 esse
1670 2516 1843 2623 proprios
1860 2517 1936 2594 dic-

508 2662 637 2725 torum
656 2644 801 2725 abbatis
820 2663 859 2722 et
877 2660 1085 2722 conventus
1104 2661 1143 2723 et
1161 2643 1363 2725 talliabiles
1387 2645 1634 2736 eorumdem
1656 2675 1677 2724 a
1695 2675 1769 2752 qna
1788 2663 1937 2726 senten-

508 2777 561 2853 tia
581 2776 703 2854 dictus
721 2791 942 2881 promuntur
959 2791 1089 2852 noster
1114 2775 1161 2851 ad
1185 2792 1351 2856 nostram
1371 2776 1514 2858 curiam
1533 2776 1741 2885 appellarit.
1768 2779 1936 2858 Postmo-

511 2908 604 2984 dum
621 2935 709 2984 rero
725 2906 853 2983 dictus
863 2924 1084 3012 procurator
1102 2923 1240 2996 nomer,
1258 2936 1347 2986 cum
1365 2905 1413 2986 ad
1432 2907 1573 2987 curiam
1592 2925 1759 2988 noemam
1777 2912 1935 2989 venisset

509 3066 579 3143 pro
598 3036 858 3144 appellacione
875 3063 944 3114 sua
964 3038 1244 3144 prosequenda,
1266 3038 1470 3128 consensit,
1492 3064 1569 3118 una
1586 3067 1673 3118 curn
1694 3059 1933 3146 procuratore

511 3167 865 3271 dictorumabbatis
889 3185 1168 3260 attententur,
1193 3170 1297 3276 quod
1319 3171 1358 3246 in
1379 3169 1478 3248 dicta
1497 3170 1600 3248 arria
1620 3187 1747 3248 nostra
1767 3171 1864 3250 dicta
1882 3173 1934 3248 in-

509 3317 641 3408 questa
659 3317 698 3378 et
710 3327 906 3406 processus
926 3328 1040 3405 super
1059 3299 1132 3378 hoc
1145 3299 1264 3378 hahiti
1278 3300 1507 3390 viderentur,
1527 3318 1566 3380 st
1584 3301 1706 3408 quod,
1724 3304 1932 3385 secundum
2015 3303 2020 3310 ’

510 3459 552 3508 ea
561 3460 636 3539 que
651 3432 692 3508 in
704 3431 803 3511 dicta
814 3432 988 3540 inquesta
998 3432 1268 3539 reperirentur,
1281 3461 1351 3538 pro
1364 3431 1459 3510 dicta
1471 3433 1786 3540 pmnuneiacione
1800 3435 1933 3515 confrr-

508 3561 645 3639 manda
658 3563 717 3639 vel
730 3561 957 3640 infirmanda
970 3564 1304 3669 pronunciaretur':
1320 3563 1513 3654 Tandem,
1524 3564 1597 3642 visa
1611 3593 1680 3670 par
1693 3566 1835 3642 curiam
1850 3595 1932 3646 nos-

508 3710 603 3768 tram
626 3692 725 3772 dicta
740 3669 915 3798 inquesta
932 3711 971 3770 et
985 3711 1069 3770 toto
1087 3721 1264 3800 processu
1286 3695 1474 3801 predicto,
1498 3713 1537 3772 et
1554 3694 1766 3803 specialiter
1783 3697 1863 3776 viso
1880 3716 1931 3776 te-

509 3848 601 3922 uore
615 3822 889 3902 commissionis
900 3822 1084 3930 predicte,
1099 3852 1167 3932 per
1180 3853 1292 3932 quam
1305 3826 1472 3906 constitit
1482 3826 1585 3911 curie
1599 3843 1726 3906 nosue
1737 3855 1817 3906 nou
1823 3855 1929 3934 posse

510 3953 652 4030 dictum
679 3955 931 4032 senescallum
952 3957 1171 4034 auctoritate
1196 3956 1368 4065 ejusdem
1394 3958 1656 4072 pronunciare,
1677 3959 1756 4039 viso
1780 3959 1930 4066 insuper

507 4102 641 4163 tencre
659 4086 852 4193 cujusdam
868 4083 993 4167 littere
1014 4105 1262 4195 nostre„post
1279 4089 1418 4176 dictam
1437 4089 1741 4178 oomudssionem
1763 4090 1864 4168 dicto
1883 4120 1930 4170 se·

507 4213 672 4295 ueseallo
685 4244 754 4322 per
768 4245 839 4296 nos
855 4215 997 4296 directe
1011 4218 1058 4296 de
1071 4218 1200 4327 judeis
1216 4219 1368 4319 indicta
1384 4221 1599 4303 senescallia
1617 4220 1824 4310 talliandis,
1842 4252 1929 4328 quo

507 4365 672 4453 cumque
696 4349 875 4431 mandate
898 4350 1084 4436 contrario
1107 4331 1187 4437 non
1212 4351 1403 4442 abdente,
1427 4352 1724 4458 pronunciatum·
1746 4351 1841 4442 fuit,
1866 4381 1928 4460 per

506 4474 609 4554 curie
634 4495 761 4557 nostre
779 4459 988 4586 judicium,
1015 4481 1154 4561 dictam
1176 4484 1531 4588 pronunciationem
1553 4484 1747 4562 senescalli
1773 4484 1926 4592 predicti

507 4607 650 4683 nullam
667 4638 747 4688 esse
765 4641 807 4688 ac
820 4610 956 4703 luisse,
971 4611 1070 4692 salvo
1090 4614 1131 4690 in
1149 4615 1328 4713 omnibus
1345 4645 1460 4722 super
1475 4615 1549 4694 hoc
1558 4616 1645 4724 jure
1664 4615 1831 4722 parcium
1847 4644 1927 4722 pre-

508 4736 707 4817 dictarum.

562 4871 690 4947 Martis
710 4889 796 4977 post
811 4871 1040 4979 quindenam
1062 4874 1337 4954 Pentlrecostes.

561 5001 693 5107 Voyssi
711 5005 924 5109 reportavit.
