4450 6209
620 835 627 850 .
746 753 1019 863 uuousrss
1043 754 1343 847 arenosus.
1680 772 1753 849 tto

330 940 398 991 seu
420 911 635 1020 regentibus
659 938 708 989 ne
732 913 803 1020 ipsi
830 930 1028 991 uterentur
1049 913 1108 990 vel
1135 914 1362 1021 impedirent
1387 914 1531 992 dictum
1556 934 1753 1023 precepto-
1792 929 1979 1000 Puuunlv.

330 1071 410 1121 rem
435 1045 474 1120 in
495 1042 691 1151 predictis3
717 1074 738 1121 a
762 1072 840 1151 quo
861 1045 1047 1153 judicato,
1070 1047 1424 1152 tanquam-iniquo,
1448 1046 1520 1125 luit
1540 1076 1608 1155 per
1632 1048 1753 1125 dictos
1854 1025 1916 1069 ¹⁵⁰²

329 1174 501 1252 consules
513 1204 581 1254 seu
592 1194 764 1285 regentes
779 1175 826 1253 ad
841 1194 1007 1253 nostram
1023 1177 1166 1254 curiam
1180 1176 1431 1284 appellatum:
1445 1178 1543 1257 Visis
1558 1179 1671 1287 igitur
1685 1208 1752 1285 per

283 1372 298 1403 ,
328 1306 469 1384 curiam
489 1320 653 1385 nostram
671 1308 907 1415 processibus
925 1308 1120 1415 predictis,
1144 1307 1219 1386 illis
1238 1312 1397 1387 maxime
1416 1312 1482 1416 qui
1503 1338 1628 1413 coram
1650 1311 1751 1388 dicto

328 1437 532 1514 senescallo
552 1454 590 1515 et
605 1438 693 1546 -ejus
717 1439 972 1516 commissario
992 1438 1077 1516 iacti
1097 1440 1266 1530 fuerunt,
1288 1468 1357 1546 per
1376 1441 1478 1519 curie
1504 1458 1630 1518 nostre
1647 1439 1752 1549 judi-

328 1568 447 1659 cium,
462 1569 605 1646 dictum
619 1569 692 1648 luit
702 1569 800 1649 male
814 1569 928 1647 luisse
939 1570 1150 1678 judicatum
1164 1586 1202 1648 et
1216 1571 1313 1648 bene
1329 1571 1752 1679 appellatum,judicato

328 1715 367 1775 et
390 1701 626 1805 processibus
650 1701 828 1807 predictis
851 1702 1040 1779 'dictorum
1063 1701 1257 1779 senescalli
1274 1719 1321 1779 'et
1345 1703 1588 1780 commissarii
1614 1702 1660 1779 ab
1688 1731 1750 1794 eo,

328 1845 482 1935 propter
494 1830 622 1937 plures
637 1832 807 1909 delectus
822 1833 861 1907 in
878 1832 931 1908 eis
946 1848 1132 1938 repertos,
1149 1834 1316 1911 totaliter
1331 1833 1546 1926 annullatis,
1560 1834 1752 1941 dictasque

327 1976 451 2066 partes
461 1961 509 2038 ad
517 1956 657 2039 dietum
664 1963 833 2071 judicem
845 1962 1111 2054 biterrensem,
1126 1992 1238 2042 suum
1250 1964 1498 2055 ordinarium,
1508 1964 1749 2057 remittendo,

327 2090 434 2169 salvis
446 2092 555 2169 dictis
567 2094 750 2200 partibus,
766 2094 1003 2201 processibus
1017 2122 1147 2172 earum
1163 2094 1301 2173 habitis
1315 2124 1440 2173 coram
1460 2095 1610 2175 arbitris
1627 2126 1753 2203 supra-

328 2218 453 2312 dictis3
471 2241 525 2312 et,
544 2224 633 2330 quia
647 2252 723 2302 non
746 2242 801 2303 est
821 2226 1044 2331 inquisitum
1066 2226 1114 2302 de
1134 2227 1296 2334 injuriis,
1314 2227 1487 2333 dampnis
1502 2245 1541 2304 et
1560 2226 1752 2305 violenciis

328 2378 414 2428 eum
434 2354 679 2431 multitudine
694 2374 923 2434 armatorum
938 2384 1007 2463 per
1026 2356 1145 2433 dictos
1162 2354 1336 2435 consules
1355 2386 1423 2435 seu
1439 2374 1610 2465 regentes
1629 2357 1748 2445 lactis,

328 2498 372 2559 ut
391 2484 596 2575 dicebatur,
616 2502 744 2562 eontra
764 2486 907 2579 dictum
927 2504 1204 2594 preceptorem,
1223 2504 1261 2563 et
1278 2486 1570 2579 inanimalibus,
1587 2488 1748 2593 pascuis,

328 2615 524 2694 arboribus
544 2632 582 2693 et
600 2615 684 2707 aliis
697 2617 808 2694 bonis
822 2617 913 2695 dieti
931 2618 1161 2724 preceptoris
1174 2636 1211 2695 et
1226 2602 1326 2695 dicte
1341 2617 1477 2695 domus
1494 2618 1749 2709 Sancti-Petri,

328 2746 551 2854 inquiretur,
565 2747 703 2825 vocatis
715 2748 903 2855 partibus,
919 2746 966 2825 de
984 2748 1146 2855 injuriis,
1165 2748 1353 2855 dampnis,
1368 2747 1560 2827 violenciis
1575 2766 1613 2827 et
1628 2776 1752 2827 armo-

326 2906 411 2954 rum
431 2879 648 2985 portacione
667 2879 858 2985 predictis.

382 3009 481 3089 Jovis
495 3027 581 3118 post
600 3008 711 3089 Oculi
731 3012 819 3094 mei.

382 3140 543 3249 Mangon
566 3142 776 3248 reportavit.

384 3409 456 3485 LX.
488 3407 572 3485 Lite
581 3425 682 3485 mota
694 3408 792 3486 inter
800 3408 1017 3514 episcopum
1027 3406 1377 3486 claromontensem
1389 3422 1426 3483 et
1435 3406 1516 3513 ejus
1528 3407 1751 3513 capitulum,

329 3516 371 3615 ex
392 3566 466 3615 una
485 3555 606 3645 parte,
626 3554 665 3615 et
683 3555 965 3645 procuratorem
982 3556 1171 3627 nostrum,
1191 3566 1259 3643 pro
1280 3538 1409 3630 nobis,
1428 3564 1472 3613 ex
1488 3537 1618 3626 altera,
1641 3564 1754 3644 super

284 3772 288 3779 ι
328 3696 374 3745 eo
388 3669 494 3777 qnod
511 3668 657 3748 dicebat
677 3670 799 3748 dictus
819 3670 1016 3777 episcopus
1036 3669 1142 3776 quod
1163 3667 1313 3746 collacio
1333 3667 1574 3778 dignitatum,
1590 3668 1754 3774 preben-

328 3800 461 3878 darum
484 3817 522 3877 et
541 3802 712 3879 omnium
732 3802 891 3879 aliorum
907 3800 1180 3881 beneficiorum
1201 3828 1276 3906 que
1297 3800 1443 3877 conlert
1459 3800 1655 3905 episcopus
1671 3799 1755 3878 Cla-

328 3932 595 4022 romoutensis,
618 3934 710 4010 dum
731 3934 833 4024 vivit,
853 3935 890 4009 in
907 3932 1060 4011 ecclesia
1075 3930 1392 4019 Claromontensi,
1408 3957 1555 4008 necnon
1575 3931 1614 4006 in
1637 3928 1754 4007 eccle-

329 4062 393 4139 siis
409 4062 518 4138 beate
531 4064 796 4144 Mario-Portus
811 4082 849 4142 et
862 4065 1102 4154 Bilionensis,
1119 4081 1156 4141 et
1175 4064 1221 4141 de
1237 4065 1386 4156 Cresto,
1401 4080 1440 4140 et
1459 4063 1507 4139 de
1518 4062 1752 4150 Vertasione,

330 4193 378 4269 de
399 4192 609 4282 Comonio,
630 4211 782 4272 mortuo
798 4194 1109 4273 Claromontensc
1134 4196 1309 4301 episcopo
1334 4194 1565 4284 vacancium,
1587 4210 1626 4269 et
1644 4190 1755 4269 nobis

327 4323 547 4403 tenentibus
563 4325 654 4402 dicti
674 4326 909 4432 episcopatus
923 4325 1114 4432 regaliam,
1133 4341 1274 4431 spectat
1287 4325 1335 4401 ad
1350 4324 1594 4403 collacionem
1608 4350 1754 4401 succes-

322 4455 422 4533 soris
441 4455 606 4563 episcopi
630 4456 965 4546 Claromontensis,
994 4472 1032 4533 et
1054 4455 1248 4535 consuevit
1272 4454 1373 4532 dicto
1395 4452 1523 4531 futuro
1551 4454 1753 4531 successori

328 4587 522 4679 reservari,
545 4604 582 4664 et
601 4588 721 4695 quod,
739 4605 909 4694 tempore
928 4588 1082 4695 regalia,
1100 4614 1170 4663 nos
1186 4604 1224 4664 et
1236 4586 1519 4693 predecessores
1539 4586 1656 4661 nostri
1676 4612 1752 4663 non

329 4718 590 4796 consuevimus
603 4717 788 4809 conferre,
808 4748 877 4798 nec
897 4719 1127 4797 contulimus
1142 4716 1266 4825 aliqua
1280 4715 1462 4795 beneficia
1478 4716 1516 4791 in
1533 4714 1678 4793 civitate
1694 4716 1753 4794 vel

331 4846 471 4923 diocesi
481 4848 869 4941 Claromontensibus3
887 4850 994 4943 item,
1011 4848 1185 4925 dicebant
1197 4850 1398 4955 episcopus
1410 4864 1447 4925 et
1457 4846 1662 4955 capitulum
1674 4874 1754 4953 pre·

331 4977 421 5055 dicti
434 4981 538 5085 quod
553 4982 752 5090 regaliator
767 4976 1139 5088 noster'perceperat,
1155 4980 1202 5057 de
1213 4978 1311 5057 sacto
1324 4996 1361 5057 et
1374 4980 1526 5087 injuste,
1542 4977 1683 5057 lructus
1699 5008 1754 5056 ec-

331 5108 528 5200 clesiarum
550 5113 809 5193 Sancti-Cirici
830 5130 869 5189 et
888 5111 1189 5202 Nove-Ecclesie,
1212 5140 1286 5219 que
1306 5112 1446 5189 suntin
1460 5112 1648 5188 montanis
1667 5110 1753 5185 lun-

415 5285 467 5327 tas
488 5286 571 5330 οιιιι.
595 5290 641 5331 ιιι.
771 5277 776 5286 ’
1608 5267 1645 5347 57
