4450 6209
730 712 997 821 uuoutrus
1023 729 1088 802 ur
1112 709 1321 803 euocts.
1661 730 1733 802 597

319 894 379 954 tus
394 875 607 952 monasterii
627 873 963 952 Sancti-Benedicti
982 870 1243 957 Floriacensis,
1261 869 1301 944 in
1315 885 1441 945 nostra
1455 865 1605 973 speciali
1623 868 1738 975 garda
1775 881 1903 935 rmum
1915 881 1958 942 tv,

320 1003 715 1095 existenciummobis,
733 1003 1017 1111 conquerendo,
1030 1017 1279 1080 monstratum
1292 995 1738 1104 fuissetquodPhilippo-
1837 971 1899 1014 Μ’

318 1154 380 1214 tus
395 1152 433 1213 et
447 1134 609 1213 Gniotus
629 1135 676 1212 de
690 1136 949 1244 Mangecourt,
968 1131 1100 1210 fratres
1113 1130 1183 1208 lilii
1204 1128 1400 1210 Guillelmi
1416 1128 1464 1206 de
1479 1129 1739 1235 Mangecourt‚
1767 1153 1774 1164 ·

321 1267 470 1356 militis,
490 1267 619 1373 plures
638 1266 793 1374 injurias
812 1293 854 1342 ac
872 1263 1071 1342 violeucias
1089 1262 1130 1339 in
1143 1261 1314 1368 personis
1331 1277 1370 1337 et
1389 1259 1505 1338 rebus
1524 1258 1743 1336 monasterii

323 1397 527 1502 supradicti
537 1397 750 1474 intulerunt
765 1395 920 1483 eisdem,
932 1410 1133 1501 postquem
1143 1392 1245 1469 idem
1257 1390 1379 1482 miles,
1395 1388 1603 1496 injudicio,
1618 1416 1742 1466 coram

323 1527 513 1635 preposito
531 1543 661 1604 nostro
679 1526 727 1603 de
747 1525 1000 1604 Castro-Novo
1021 1551 1134 1630 super
1156 1521 1338 1630 Ligerim,
1355 1522 1438 1626 ipso
1462 1519 1584 1596 milite
1608 1536 1647 1596 et
1665 1518 1746 1625 ejus

325 1657 412 1734 liliis
425 1656 635 1763 specialiter
649 1683 774 1732 coram
785 1655 868 1760 ipso
880 1653 1072 1759 preposito
1087 1651 1302 1759 adjomatis,
1318 1651 1366 1728 ad
1379 1649 1600 1726 instanciam
1614 1676 1747 1755 procu·

326 1786 459 1862 ratoris
474 1784 563 1862 dicti
577 1782 805 1870 monasterii,
819 1783 866 1859 ad
880 1782 1125 1887 prestandum
1141 1794 1480 1858 assecuramentum
1495 1778 1544 1855 de
1564 1805 1603 1856 se
1623 1793 1661 1855 et
1672 1776 1750 1854 suis

327 1915 436 1990 dictis
460 1914 644 2020 religiosis
662 1927 700 1988 et
715 1911 887 2018 personis
904 1939 946 1987 ac
966 1911 1077 1988 bonis
1101 1910 1288 2017 ipsorum,
1305 1909 1539 2016 promisisset
1561 1935 1747 2015 expresse,

328 2060 365 2120 et
384 2071 496 2148 supra
515 2072 553 2120 se
574 2041 782 2148 specialiter
801 2041 961 2147 cepisset
977 2041 1082 2147 quod
1102 2068 1173 2117 nec
1192 2041 1314 2120 dictus
1328 2039 1438 2118 miles
1455 2067 1526 2117 nec
1544 2039 1661 2146 ipsius
1680 2037 1751 2115 lilii

330 2173 438 2250 dictis
457 2171 642 2279 religiosis
661 2199 729 2248 seu
748 2169 919 2275 personis
937 2187 1003 2246 aut
1017 2169 1129 2246 bonis
1148 2169 1316 2274 ipsorum
1335 2168 1607 2259 forisfacerent,
1622 2187 1663 2248 et
1679 2171 1752 2248 hoc

330 2304 466 2391 eciam,
482 2331 526 2380 ex
541 2319 643 2408 parte
658 2317 805 2388 nostra,
821 2327 889 2406 per
903 2296 1045 2374 dictum
1063 2298 1300 2405 prepositum
1314 2298 1448 2376 luisset
1462 2297 1668 2376 inhibitum
1684 2300 1755 2376 eis·

332 2435 420 2511 dem
440 2432 648 2538 specialiter
663 2447 701 2508 et
721 2455 904 2536 expresse,
917 2428 988 2508 sub
1001 2456 1098 2535 pena
1115 2427 1284 2534 corporis
1299 2446 1338 2506 et
1353 2429 1468 2519 aseri,
1486 2446 1525 2507 et
1537 2447 1752 2536 postquam,

331 2563 421 2670 ipsis
432 2560 650 2648 scientibus,
661 2559 783 2636 dictus
795 2559 1010 2665 prepositus
1022 2575 1151 2636 noster
1159 2559 1348 2666 predictos
1357 2557 1571 2666 religiosos,
1582 2589 1658 2638 una
1668 2589 1756 2638 cum

334 2721 465 2770 eorum
486 2691 600 2768 rebus
614 2708 652 2768 et
670 2689 856 2796 personis,
876 2691 1004 2795 posuit
1022 2690 1061 2766 iu
1079 2689 1231 2797 speciali
1245 2689 1359 2797 garda
1378 2706 1519 2779 nostra,
1534 2692 1646 2768 certis
1660 2719 1758 2768 com-

334 2823 510 2901 missariis
529 2820 786 2899 mandavimus
799 2837 842 2898 ut
856 2821 947 2926 ipsi,
964 2819 1102 2900 vocatis
1120 2820 1307 2926 partibus,
1323 2848 1438 2927 super
1448 2821 1628 2927 predictis
1640 2822 1759 2928 inqui-

334 2969 461 3030 rerent
478 2979 564 3029 cum
581 2951 781 3058 diligencia
800 2951 1007 3042 veritatem,
1022 2951 1093 3057 ipsi
1106 2967 1233 3028 autem
1249 2950 1461 3057 inquestam
1476 2979 1590 3058 super
1606 2950 1681 3030 hoc
1691 2979 1760 3058 per

336 3111 402 3161 eos
410 3081 544 3160 factam
554 3083 602 3160 ad
615 3098 780 3159 nostram
792 3081 935 3158 curiam
946 3081 1456 3173 remiserunt3tandem,visa
1464 3081 1562 3159 dicta
1573 3082 1758 3188 inquens,

335 3230 413 3289 tam
439 3229 592 3319 propter
618 3229 780 3289 mortem
806 3207 896 3288 dicti
916 3212 1065 3303 militis,
1089 3213 1163 3290 hoc
1177 3212 1371 3320 pendente
1393 3212 1567 3320 negocio,
1589 3212 1685 3289 sicut
1704 3241 1762 3288 ac·

340 3342 525 3449 cepimus,
542 3341 726 3430 defuncti,
741 3369 854 3448 quam
867 3357 1021 3448 propter
1032 3341 1127 3420 alios
1138 3342 1256 3448 ipsius
1267 3342 1439 3449 inqueste
1454 3340 1637 3431 defectus,
1652 3341 1763 3418 certis

340 3473 422 3550 aliis
437 3472 701 3551 commissoriis
715 3469 972 3548 mendavimus
986 3471 1215 3556 utdelectus
1229 3471 1328 3548 dicte
1341 3471 1513 3578 inqueste
1527 3471 1761 3576 supplerent,

342 3623 379 3682 et
398 3631 512 3710 super
526 3602 717 3711 premissis
733 3601 911 3680 omnibus
927 3620 965 3680 et
978 3601 1138 3711 singulis
1152 3631 1195 3680 ac
1216 3629 1330 3709 super
1344 3600 1524 3680 omnibus
1539 3602 1765 3680 circunstan-

342 3735 409 3812 ciis
426 3733 696 3840 premissorum
716 3761 784 3810 seu
802 3731 1108 3839 dependentibus
1127 3732 1175 3812 ab
1195 3731 1338 3810 eisdem
1357 3731 1607 3838 inquirerent,
1629 3733 1767 3810 vocatis

344 3864 557 3954 evocandis,
568 3893 653 3941 cum
666 3863 865 3972 diligencia
877 3865 1071 3942 veritatem
1083 3896 1093 3954 ς
1105 3863 1189 3970 qui,
1200 3861 1334 3940 lactem
1343 3891 1413 3968 per
1426 3888 1492 3939 eos
1502 3862 1698 3968 superbiis
1710 3864 1767 3940 in·

344 4008 534 4101 questam,
555 3992 602 4069 ad
622 4010 786 4070 nostram
808 3994 949 4070 curiam
966 3995 1217 4072 remiserunt:
1238 3993 1324 4087 Qua
1337 3993 1414 4070 visa
1429 4010 1468 4070 et
1482 3992 1683 4100 diligenter
1693 3993 1768 4071 ins·

346 4138 468 4230 pecta,
488 4149 575 4198 cum
595 4148 664 4227 per
683 4148 765 4198 earn
784 4121 832 4198 sit
855 4139 1048 4227 repertum
1075 4123 1181 4229 quod
1196 4121 1319 4200 dictus
1336 4123 1575 4229 Philippotus
1595 4125 1643 4202 de
1661 4125 1768 4202 Mau·

349 4268 505 4361 gecourt
519 4251 559 4327 in
569 4250 683 4328 armis
698 4267 737 4327 et
749 4251 867 4356 equis,
884 4279 1056 4328 unacum
1072 4251 1298 4358 quibusdam
1317 4251 1391 4330 sibi
1403 4255 1604 4343 associatis,
1617 4251 1769 4332 fratrem

350 4385 560 4461 iohannem
571 4381 698 4471 Jeudi,
714 4381 942 4459 monachum
957 4382 1174 4459 monasterii
1190 4381 1404 4487 supradicti,
1421 4382 1628 4459 verberavit
1641 4385 1770 4460 crude

350 4503 447 4604 liter,
466 4530 504 4589 et
523 4513 570 4589 de
588 4539 688 4618 equo
706 4513 843 4628 sucat
861 4529 1001 4590 terram
1014 4513 1147 4592 cadere
1158 4511 1248 4590 lecit
1260 4529 1300 4588 et
1319 4512 1462 4591 dicum
1482 4541 1600 4619 equm
1616 4512 1688 4591 sibi
1708 4512 1770 4590 ab·

351 4642 455 4720 stulit
478 4659 515 4720 et
534 4669 662 4718 secum
683 4642 804 4734 duxit,
826 4643 918 4720 item
933 4642 1037 4750 quod
1057 4643 1181 4721 dictus
1194 4641 1375 4733 Guiotus,
1391 4641 1506 4719 frater
1524 4640 1614 4719 dicti
1632 4641 1770 4750 Philip

351 4773 448 4878 poti,
467 4799 622 4848 nemora
640 4771 829 4851 dictorum
848 4771 1111 4879 religiosorum
1129 4771 1272 4878 pluries
1291 4788 1330 4847 et
1347 4797 1436 4850 cum
1449 4771 1562 4849 annis
1581 4798 1703 4878 usque
1723 4772 1771 4850 ad

352 4902 514 4979 valorem
536 4902 806 5012 quinquaginta
825 4903 1023 4993 librarum,
1040 4903 1080 4979 in
1098 4901 1351 5013 prejudicium
1371 4901 1561 4980 dictorum
1578 4901 1771 5008 religioso-

353 5059 439 5108 rum
450 5048 487 5107 et
501 5047 628 5108 contra
644 5048 789 5117 nostras
803 5032 1105 5138 prohibicionem
1123 5049 1162 5111 et
1174 5033 1327 5140 gardam
1347 5030 1594 5140 supradictas,
1609 5028 1773 5136 dampni·
