4450 6209
513 705 585 781 tao
1095 706 1187 781 tus
1215 702 1356 780 OLIM.

285 859 416 913 rernm
430 854 472 921 W.
512 846 619 925 candi
631 907 640 936 ,
653 846 850 954 inquiratis
869 876 956 925 curn
974 846 1175 955 diligencia
1191 847 1400 937 veritatem,
1420 864 1459 926 at
1472 848 1684 955 inquestam
1697 844 1932 954 hujusmodi,

347 948 410 990 Μ’
512 978 668 1055 omnino
682 976 925 1086 completam,
935 977 1285 1085 quamciciuscurie
1303 994 1431 1057 nostre
1445 978 1603 1061 mittatis
1619 977 1692 1057 suh
1708 994 1832 1057 vestro
1846 976 1936 1057 lide-

512 1110 599 1187 liter
620 1108 799 1187 inclusam
819 1106 954 1216 sigillo.

568 1239 667 1317 Jovis
686 1238 864 1347 predicta.

568 1506 726 1585 xxxlu.
758 1506 841 1585 Lite
851 1523 954 1585 mota
967 1506 1066 1587 inter
1077 1507 1254 1586 eonsules
1268 1507 1317 1587 de
1328 1502 1934 1594 MansoSanctarum-Puellarurn,

515 1664 558 1715 ex
575 1652 680 1743 parte
701 1662 796 1729 una,
813 1653 852 1714 et
870 1636 1045 1717 consules
1060 1618 1506 1730 Cum-Nouate-smoss
1526 1638 1719 1727 exaltare,
1737 1664 1865 1717 eoram
1877 1636 1935 1745 ju-

516 1768 598 1846 dice
613 1784 743 1846 nostro
760 1769 1021 1877 Lauraguesii,
1034 1769 1082 1847 ad
1097 1770 1173 1847 hoc
1187 1770 1407 1849 auctoritate
1423 1768 1636 1847 litterarum
1649 1784 1864 1846 nosuuum
1879 1767 1936 1847 de

515 1916 666 2005 putato,
679 1926 794 2005 super
813 1926 859 1977 eo
878 1900 985 2006 quod
1003 1898 1092 1977 dicti
1113 1900 1289 1979 consules
1302 1899 1462 2008 predicti
1480 1898 1601 1979 Menai
1621 1898 1799 1977 dicebant
1816 1895 1934 2005 quod,

516 2054 603 2108 cum
624 2029 694 2136 ipsi
711 2046 835 2107 essent
855 2029 895 2106 in
915 2030 1047 2110 saisina
1067 2030 1215 2109 levandi
1235 2030 1558 2109 conuibncionem
1577 2027 1627 2107 ad
1645 2057 1778 2109 eorum
1798 2027 1936 2107 talliam

517 2161 874 2267 acommorantibus
894 2162 934 2239 in
954 2162 1161 2264 decimatio
1180 2158 1817 2252 Sancti-Satuminidedlmaunis,
1838 2178 1937 2271 pete·

516 2292 701 2400 bamque,
719 2320 795 2369 non
816 2294 988 2372 obstante
1009 2294 1283 2401 impedimento
1301 2294 1472 2401 apposito
1489 2320 1604 2402 super
1622 2294 1696 2373 hoc
1712 2292 1859 2371 eisdem
1876 2318 1938 2398 per

517 2422 821 2533 super-bajulum
836 2423 1272 2516 castri-Novi-dsenio,
1285 2453 1326 2503 se
1344 2424 1443 2502 tueri
1460 2425 1500 2501 in
1519 2423 1654 2503 saisina
1672 2453 1741 2505 sua
1758 2423 1936 2530 predicte

519 2555 629 2633 dictis
648 2555 869 2635 consulibus
889 2556 1209 2635 Castri-de·Arrio
1221 2557 1260 2634 in
1278 2556 1508 2634 contrarium
1526 2584 1566 2634 se
1586 2555 1884 2664 opponentibus,
1904 2572 1940 2632 et

520 2686 733 2765 dicentibus
758 2688 865 2793 quod
891 2687 939 2765 ad
964 2688 1065 2795 ipsos
1093 2704 1132 2767 et
1149 2716 1228 2767 non
1250 2688 1300 2765 ad
1323 2686 1410 2765 illos
1435 2688 1484 2765 de
1508 2688 1639 2767 Manso
1665 2689 1838 2795 predicto
1860 2712 1939 2793 pre·

520 2820 632 2897 missa
644 2818 904 2926 pertinebant,
921 2835 959 2896 et
972 2817 1077 2926 quod
1095 2819 1165 2926 ipsi
1183 2838 1289 2897 erant
1307 2820 1347 2895 in
1361 2818 1497 2897 saisina
1514 2818 1698 2903 tailliandi
1712 2819 1868 2916 eoadem
1879 2819 1940 2896 ha-

519 2950 716 3039 bitatores,
739 2949 921 3056 quociens
940 2978 1046 3029 casus
1065 2979 1105 3030 se
1127 2951 1327 3042 offerebat,
1350 2968 1522 3059 essetque
1542 2950 1704 3030 indicta
1723 2978 1832 3029 eausa
1850 2949 1939 3027 adeo

521 3084 736 3187 processum
757 3082 862 3191 quod
882 3110 959 3161 non
979 3083 1143 3161 restabat
1157 3084 1230 3161 nisi
1247 3083 1431 3174 diffinire,
1447 3083 1676 3163 senescallus
1684 3082 1938 3169 Tholosanus,

521 3211 627 3291 nulle
646 3212 740 3291 facta
756 3214 954 3292 mensione
973 3215 1020 3293 de
1040 3242 1219 3322 processu
1234 3216 1407 3323 predicto
1421 3215 1549 3294 adhuc
1561 3215 1770 3323 pendente,
1791 3214 1941 3293 mande

521 3344 573 3421 vit
597 3344 816 3423 litteratorie
843 3346 944 3424 dicto
964 3345 1086 3454 judici
1105 3347 1346 3454 Lauraguesii
1366 3364 1411 3424 ut
1428 3345 1642 3454 predictum
1661 3345 1790 3425 locum
1810 3344 1859 3423 de
1880 3344 1940 3421 Al·

522 3477 686 3567 mannis,
709 3476 805 3554 infra
824 3506 940 3584 quem
959 3477 1066 3555 locus
1086 3477 1135 3555 de
1154 3477 1395 3587 Galga-Folia
1409 3496 1466 3556 eat
1483 3479 1661 3567 situatas,
1676 3493 1824 3557 teneret
1843 3494 1880 3555 et
1894 3492 1941 3553 te

522 3608 603 3685 neri
625 3606 763 3685 laceret
781 3609 854 3687 sub
878 3607 1018 3716 bajulia
1038 3608 1129 3687 dicti
1149 3608 1764 3702 Μωί-δαηοωιιω-Ριιοὼωω,
1786 3625 1826 3687 et
1843 3606 1941 3715 quod

523 3739 699 3857 pignora,
715 3756 869 3846 propter
881 3739 1019 3817 dictam
1036 3738 1179 3817 talliam
1195 3758 1300 3848 capta
1316 3769 1384 3848 per
1397 3740 1710 3849 super-bajullum
1730 3740 1779 3817 de
1797 3739 1941 3822 Caetro-

523 3871 643 3959 Novo,
659 3869 806 3947 restitui
821 3867 960 3947 faceret
975 3870 1197 3950 hominibus
1210 3871 1301 3950 dicti
1314 3871 1452 3960 Castri;
1467 3870 1573 3978 quod
1591 3871 1812 3955 mandatum
1825 3870 1941 3948 dictus

520 3999 653 4105 judex,
669 4000 708 4079 in
727 4017 899 4077 nostrum
920 4002 1221 4080 etuniversitatis
1238 4003 1407 4111 predicte
1425 4002 1475 4080 de
1495 4002 1602 4082 Arrio
1625 4001 1890 4111 prejudicium,
1902 4017 1941 4077 ut

526 4128 717 4220 dicebant,
738 4129 811 4208 fuit
830 4148 1007 4210 executus
1013 4166 1024 4225 3
1045 4134 1322 4240 propterquod
1338 4133 1428 4211 dieti
1447 4132 1623 4214 consules
1644 4120 1940 4213 enadda-Anio

523 4261 571 4339 ad
590 4290 660 4340 nos
675 4260 932 4370 'appellarunu
952 4294 1068 4373 quam
1088 4265 1381 4373 appellacionem
1397 4295 1467 4373 per
1485 4266 1804 4373 supplicacionem
1824 4265 1940 4342 admi·

525 4392 658 4483 simus,
681 4412 718 4471 et
739 4394 880 4472 dictum
906 4396 1106 4503 negocium
1131 4397 1179 4476 ad
1203 4396 1415 4503 predictum
1439 4395 1689 4475 senescallum
1712 4395 1940 4484 remisimus,

526 4523 748 4603 mandantes
767 4525 911 4605 eisdem
927 4544 970 4608 ut
988 4529 1217 4635 gravamina,
1238 4528 1270 4605 si
1289 4556 1366 4635 que
1385 4555 1499 4633 super
1518 4528 1592 4607 hoc
1610 4526 1719 4605 dictis
1735 4524 1942 4633 appellanti·

524 4653 598 4733 bus
614 4654 716 4733 illata
733 4656 908 4751 fuissent,
922 4674 1129 4748 amoveret,
1144 4658 1313 4768 alioquin
1330 4687 1480 4738 causam
1492 4659 1541 4736 ad
1553 4675 1723 4739 nostram
1735 4658 1877 4738 curiam
1890 4684 1943 4733 re-

395 4796 408 4818 ‘
527 4784 693 4864 mitteret
712 4787 1195 4880 sufficientersinstmctam
1217 4791 1284 4898 qui
1302 4791 1421 4899 judex
1440 4790 1697 4897 Lauraguesii,
1721 4818 1790 4895 per
1806 4788 1942 4866 dictum

528 4915 773 4994 senescallum
790 4919 923 4996 iterato
937 4948 1049 5026 super
1067 4920 1141 4999 hoc
1159 4921 1381 5027 deputatus,
1393 4922 1576 5030 inquisito
1597 4922 1645 4999 de
1659 4920 1869 5027 premissis,
1882 4943 1944 5025 per

529 5072 642 5122 suum
648 5046 852 5156 judicium,
863 5052 1236 5160 pronunciavitquod
1244 5053 1465 5133 mandatum
1474 5053 1688 5161 predictum
1697 5052 1745 5131 de
1755 5050 1945 5131 restituen-
