4450 6209
743 732 1096 839 nNQunrnsnr
1123 729 1328 823 caecus.
1673 748 1747 823 uis

326 890 665 981 Johanuaomuinc
680 890 802 970 facere
817 882 1012 981 recusavit,
1027 884 1252 980 ut‘dicebat,
1266 890 1469 997 putresque
1482 891 1666 979 meones,
1682 892 1748 969 de·
1786 902 1917 958 mmm
1930 905 1973 970 Ν,

327 1020 515 1099 femineos
535 1022 573 1099 et
592 1023 883 1104 consuetudines
900 1010 1100 1127 proposuit
1117 1021 1216 1100 dicta
1233 1022 1540 1127 Kath'erineizper
1555 1050 1651 1129 quas
1669 1022 1749 1129 ipsa

328 1144 476 1229 dicebat
491 1144 536 1229 se
547 1147 775 1257 sedpredictc
788 1180 866 1231 uon
886 1152 1027 1231 teneri:
1041 1152 1230 1243 Tandem,
1247 1154 1546 1259 inquestasuper
1557 1154 1749 1257 premissis

325 1280 437 1375 secte,
454 1283 530 1361 visa
542 1300 580 1361 et
596 1283 797 1392 diligenter
809 1279 1029 1375 muniente,
1043 1283 1135 1391 quie
1145 1284 1342 1363 inventum
1355 1300 1412 1361 est
1424 1282 1654 1361 sufficienter
1662 1314 1749 1390 pro·

322 1404 458 1491 batum
478 1414 620 1492 dictam
638 1415 847 1493 Johennam
865 1414 1103 1493 renunciasse
1120 1414 1299 1520 predictis
1314 1414 1632 1492 mnveuciouibus
1644 1415 1748 1521 prius

1849 996 1911 1037 lm.

326 1534 464 1622 nubitis
471 1536 563 1625 cum
571 1547 675 1624 dicto
689 1564 793 1653 patre
809 1574 895 1637 suo,
913 1570 1026 1653 super
1039 1546 1179 1653 quibus
1194 1549 1273 1653 ipsa
1287 1546 1507 1626 fundaverat
1521 1547 1750 1652 peticionem

321 1700 450 1764 suam,
467 1677 641 1755 cit-'eciem
660 1676 709 1757 ab
727 1679 870 1755 eisdem
889 1678 1048 1755 omuino
1064 1678 1367 1783 recessisse,-per
1386 1680 1488 1758 cirin
1507 1695 1634 1756 nostre
1643 1679 1749 1786 judi·

324 1806 442 1895 dum,
471 1806 569 1885 dicte
587 1807 983 1896 nunccine-nomine
1007 1834 1084 1913 quc
1105 1836 1232 1915 supra,
1254 1808 1302 1885 ab
1322 1809 1563 1915 impeticione
1582 1810 1749 1915 predicta

323 1934 422 2013 dicte
438 1936 702 2015 Johannei'uit
718 1936 994 2015 sentencialiter
1008 1937 1194 2030 abroiuta3
1211 1937 1284 2019 hoc
1298 1956 1426 2016 tamen
1437 1939 1564 2017 eidem
1578 1940 1748 2021 Johauue

323 2093 391 2175 per
406 2067 552 2145 dictum
563 2068 770 2176 judicium,
789 2084 974 2147 reservato
989 2069 1110 2175 quod,
1132 2070 1163 2146 si
1179 2070 1256 2176 ipsa
1270 2069 1399 2147 credat
1417 2098 1456 2148 se
1476 2071 1662 2148 actionem
1681 2075 1748 2150 ha*

323 2200 412 2277 bere
431 2216 560 2277 contra
575 2200 778 2278 dominum
799 2200 847 2276 de
864 2198 1043 2277 Bisumcs'
1058 2196 1104 2277 e't'-
1117 2201 1255 2279 dictam
1275 2202 1533 2291 Katherinam,
1552 2202 1611 2277 ad'
1622 2203 1748 2309 alique

325 2330 484 2438 dampna
500 2348 538 2410 et
550 2331 763 2437 deperdita,
780 2331 928 2408 racione
945 2332 1132 2412 retardato
1147 2332 1352 2409 solucionis
1363 2333 1463 2411 dicte
1477 2360 1625 2409 summe
1639 2364 1747 2440 pecu·

324 2461 401 2551 nie,
433 2463 480 2541 eb
512 2490 611 2540 anno
640 2462 793 2539 Domini
826 2460 1031 2539 millesimo
1061 2444 1322 2540 ducentesimo
1350 2465 1596 2573 nonagesimo
1624 2484 1744 2559 sexto,

324 2620 453 2671 mense
467 2592 573 2682 maii,
590 2621 667 2699 quo
683 2618 782 2671 enno
798 2590 1053 2697 promiserunt
1071 2591 1230 2697 predicti
1254 2594 1434 2671 domiuus
1452 2594 1500 2669 de
1518 2594 1693 2673 Biaumes
1709 2616 1747 2675 et

322 2724 526 2802 Katherina
547 2752 603 2814 se,
627 2725 676 2801 ed
691 2740 812 2801 certos
834 2723 1032 2811 terminos,
1057 2722 1201 2799 solvere
1227 2723 1326 2801 dicte
1346 2724 1515 2801 Johanns
1537 2726 1745 2830 predictam

322 2882 509 2933 summam
531 2855 708 2963 pecunie,
731 2852 906 2933 videlicet
927 2853 1004 2931 duo
1027 2852 1148 2930 millia
1171 2871 1209 2931 et
1233 2872 1386 2931 centurn
1410 2872 1448 2931 et
1472 2855 1601 2962 viginti
1629 2856 1744 2936 iibrns

321 2988 563 3076 Parisiensee,
584 3004 622 3063 et
641 2986 759 3063 eciam
771 2985 904 3063 ‘omnia
923 2983 1084 3091 dampna
1106 3002 1146 3062 et
1164 2984 1359 3090 deperdita
1381 3013 1451 3090 pro
1470 2985 1625 3063 deiectu·
1642 2990 1744 3069 solu-

323 3120 438 3197 cionis
457 3116 641 3225 predicte,
662 3134 776 3222 prout
797 3117 836 3192 in
859 3115 993 3193 litteris
1014 3143 1128 3222 super
1152 3116 1226 3193 hoc
1247 3116 1427 3194 coniectis
1447 3116 1599 3222 plenius
1623 3124 1743 3197 conti-

322 3268 444 3337 netur,
462 3276 574 3356 super
591 3248 664 3327 hoc
682 3248 867 3337 audietur,
886 3265 923 3325 et
938 3245 1007 3323 ‘fiet
1024 3246 1110 3335 sibi,
1126 3247 1294 3353 partibus
1309 3248 1461 3336 vocatis,
1471 3250 1621 3355 justicie
1639 3279 1742 3329 com·

322 3380 568 3489 piamentum.
711 3406 718 3419 ·

375 3512 474 3591 Jovis
493 3528 579 3619 post
597 3511 858 3591 Candelosam.

375 3642 549 3723 Bcceliue
567 3643 778 3750 reportavit.

375 3909 500 3987 XXVI.
521 3907 606 3985 Lite
617 3925 719 3985 mota
731 3908 830 3985 iuter
842 3908 1090 3985 Perrouetum
1102 3906 1267 3987 Mal-vin
1281 3906 1542 3998 etGirerdam,
1558 3910 1642 4017 ejus
1653 3938 1746 3987 uro-

319 4066 417 4128 rcm,
435 4066 479 4115 ex
497 4054 603 4143 purte
622 4064 713 4125 une,
731 4053 769 4113 et
786 4037 995 4115 Iohannem
1015 4035 1186 4129 Cestclii,
1207 4034 1360 4115 fiunem
1380 4037 1480 4115 dicte
1495 4037 1681 4129 Gerarde‚
1699 4069 1743 4117 ex

319 4170 453 4257 aitera,
469 4195 595 4246 coram
609 4168 738 4275 judice
757 4167 954 4273 temporali
975 4168 1077 4245 curie
1097 4168 1262 4273 episcopi
1278 4167 1554 4262 Cabiloncnsis‚
1569 4198 1681 4277 super
1697 4200 1742 4249 eo

319 4299 425 4407 quod
443 4297 533 4375 dicti
553 4297 751 4405 conjuges,
764 4297 911 4375 racione
932 4296 1030 4374 dicte
1042 4296 1224 4386 Gererde,
1240 4291 1742 4403 petebdutadictodohennc

319 4431 472 4509 terciam
489 4445 636 4535 partem
650 4428 821 4506 omnium
834 4428 1022 4505 bonorum
1037 4426 1240 4506 mobilium
1256 4446 1294 4505 et
1305 4427 1560 4506 immobilium
1573 4458 1649 4534 quc
1661 4428 1743 4505 sue-

319 4578 408 4639 runt
427 4560 596 4639 defuncti
615 4560 796 4637 Johannis
818 4558 971 4639 Castelii
996 4574 1035 4635 et
1053 4559 1259 4652 Damione,
1282 4560 1365 4667 ejus
1383 4558 1527 4648 uxoris,
1550 4558 1741 4665 quondam

318 4709 518 4796 parentum
531 4691 719 4769 dictorum
731 4690 913 4768 Johannis
929 4705 967 4768 et
979 4686 1159 4777 Geralde3
1176 4687 1278 4766 dicto
1290 4689 1460 4801 Johapne
1474 4676 1625 4765 dicente
1638 4691 1742 4797 quod

319 4821 367 4897 ad
380 4822 637 4929 ipsum,ju'sto
656 4820 785 4911 titulo,
804 4818 946 4897 scilicet
963 4818 1215 4909 vendicionis,
1232 4816 1329 4896 dicta
1347 4818 1462 4896 tercia
1480 4846 1566 4925 pars
1578 4820 1742 4926 pertiue-

318 4952 383 5029 bat
400 4982 408 5028 ε
427 4951 617 5045 Tandem,
632 4950 1249 5059 pluribuaracionibuspropositis
1264 4950 1461 5057 superbiis
1475 4950 1564 5027 hinc
1582 4966 1620 5027 et
1634 4950 1739 5039 inde,

321 5097 360 5159 et
378 5082 557 5191 inquisite
570 5112 684 5190 super
697 5083 875 5191 predictis
889 5082 1043 5161 veritate
1063 5110 1132 5189 per
1142 5081 1325 5161 bailivum
1337 5082 1427 5159 dicti
1441 5081 1622 5189 episcopi,
1639 5082 1742 5159 idem
