4450 6209
751 737 1017 845 naooaras
1041 755 1108 828 ar
1136 735 1343 828 procas.
1687 759 1761 832 253

338 925 469 977 seasse
483 914 521 974 et
533 895 665 988 fuisse,
678 926 699 973 a
710 897 826 1007 longo
839 914 1030 1004 tempore,
1047 897 1086 974 in
1102 898 1238 1004 saisina
1249 897 1438 1004 capiendi,
1456 896 1621 988 levandi,
1636 926 1764 1004 aspor-
1802 913 1933 968 aarum
1946 913 1990 976 tv,

338 1029 444 1108 tandi
469 1046 506 1106 et
526 1028 694 1106 habendi
715 1029 958 1107 estraberiam
983 1058 1053 1106 seu
1072 1028 1332 1108 lourfaituram
1358 1029 1397 1106 in
1424 1057 1493 1107 suo
1519 1028 1690 1108 districtu
1716 1030 1764 1108 do
1866 1005 1927 1076 ¹³⁰·⁷'

339 1159 480 1251 Insula,
496 1187 610 1265 quare
628 1160 806 1266 petebant
823 1159 1141 1267 impedimentum
1161 1160 1233 1237 sibi
1254 1189 1322 1267 per
1340 1177 1471 1267 gentes
1490 1178 1634 1240 nostras
1654 1187 1766 1268 appo-

340 1293 455 1370 sitam
470 1291 511 1366 in
525 1291 729 1370 estraheria
743 1322 811 1371 seu
826 1290 1050 1370 lourfaitura
1057 1291 1239 1371 lobannis
1255 1293 1344 1371 dicti
1358 1293 1406 1372 de
1419 1295 1539 1386 Laon,
1554 1293 1767 1400 qualevenit

342 1424 381 1498 in
394 1421 568 1500 districtu
584 1449 654 1502 suo
669 1422 839 1530 predicto
856 1422 904 1501 de
916 1422 1060 1511 Insula,
1077 1439 1115 1500 et
1129 1449 1285 1500 manum
1299 1439 1482 1512 nostram,
1498 1439 1689 1530 tamquam
1708 1453 1768 1502 su-

341 1553 515 1659 perioris,
529 1569 684 1658 propter
696 1553 874 1632 dabatum
886 1554 1056 1660 parcium
1069 1551 1215 1632 ibidem
1227 1554 1450 1660 appositam,
1466 1554 1645 1643 amoveri,
1661 1571 1700 1634 et
1712 1555 1769 1660 ip-

343 1713 404 1762 sos
417 1685 458 1763 in
470 1683 604 1763 saisina
616 1712 683 1765 sua
692 1684 859 1790 predicta
869 1683 1023 1790 pacifice
1037 1684 1171 1774 teneri,
1186 1685 1236 1760 ita
1253 1683 1358 1792 quod
1370 1685 1440 1791 ipsi
1453 1685 1597 1791 possint
1610 1683 1770 1765 dedicta

345 1816 545 1895 estraberia
558 1843 626 1892 seu
639 1813 859 1894 lourlaitura
871 1814 1011 1893 amodo
1025 1814 1178 1921 pacifice
1188 1815 1368 1922 gaudere,
1387 1814 1524 1894 ballivo
1545 1832 1675 1893 nostro
1689 1843 1771 1922 pre-

346 1945 447 2025 dicto
465 1948 506 2023 in
526 1946 753 2025 contrarium
775 1959 963 2024 asserente
978 1962 1016 2022 et
1030 1944 1180 2024 dicente
1198 1973 1267 2024 nos
1287 1971 1367 2022 esse
1388 1959 1427 2022 et
1445 1944 1559 2024 luisse
1579 1946 1619 2024 in
1637 1945 1771 2024 saisina
1833 2023 1836 2030 ,

346 2077 527 2167 habendi,
546 2075 711 2167 levandi,
731 2075 902 2182 capiendi
921 2093 961 2154 et
978 2075 1193 2181 asportandi
1210 2075 1431 2184 hujusmodi
1447 2076 1689 2154 estraheriam
1703 2103 1771 2156 seu

346 2205 606 2286 fourfaituram
618 2207 659 2284 in
671 2207 755 2285 loco
765 2206 953 2313 predicto,
965 2233 1081 2311 quare
1098 2205 1248 2284 dicebat
1262 2206 1383 2286 dictus
1393 2206 1552 2286 ballivus
1563 2207 1703 2286 dictam
1714 2237 1771 2286 es-

347 2339 550 2417 traheriam
563 2365 631 2416 seu
645 2335 905 2415 lourlaituram
918 2335 1046 2424 nobis,
1060 2354 1252 2443 tamquam
1269 2337 1381 2443 parti,
1397 2336 1537 2416 debere
1552 2367 1747 2418 remanere
1762 2372 1771 2416 :

349 2470 539 2558 Tandem,
559 2469 732 2576 inquesta
751 2468 798 2546 de
823 2467 1001 2545 mandato
1024 2483 1155 2546 nostro
1179 2495 1294 2575 super
1318 2468 1391 2546 hoc
1415 2468 1509 2546 lacta
1530 2470 1603 2548 visa
1629 2486 1666 2548 et
1688 2469 1774 2548 dili-

348 2617 479 2708 genter
494 2599 717 2689 examinata,
733 2599 823 2706 quia
838 2599 1033 2677 inventum
1051 2614 1111 2675 est
1121 2597 1353 2676 sufficienter
1367 2599 1565 2706 probatum
1584 2601 1705 2680 dictos
1719 2630 1773 2680 re·

351 2731 502 2840 ligiosos
517 2760 598 2809 esse
610 2747 650 2809 et
663 2731 794 2822 luisse,
811 2759 831 2806 a
844 2729 960 2835 longo
975 2747 1166 2834 tempore,
1188 2729 1228 2805 in
1243 2729 1377 2808 saisina
1392 2731 1582 2838 capiendi,
1604 2729 1771 2825 levandi,

351 2863 565 2970 asportandi
586 2880 626 2942 et
643 2861 808 2940 habendi
832 2861 987 2967 pacilice
1008 2859 1251 2938 estraheriam
1271 2889 1340 2939 seu
1359 2860 1620 2942 loursaituram
1640 2865 1679 2944 in
1699 2864 1775 2942 dis-

350 2995 464 3072 trictn
483 3023 553 3072 suo
572 2994 743 3100 predicto
764 2994 812 3070 de
833 2992 976 3082 lnsula,
1002 2991 1293 3099 pronunciatum
1316 2991 1406 3082 luit,
1430 3021 1499 3100 per
1521 2994 1624 3073 curie
1648 3011 1773 3073 nostra

347 3125 550 3232 judicium,
564 3126 704 3205 dictam
714 3153 868 3203 manum
884 3115 1068 3214 nostram,
1082 3124 1122 3202 in
1138 3124 1235 3202 dicta
1249 3124 1453 3204 estraheria
1464 3125 1623 3231 predicti
1633 3126 1773 3204 lohan-

341 3256 412 3335 'nis
425 3259 471 3335 de
486 3257 591 3334 Laon
605 3257 832 3362 appositam,
852 3271 1006 3362 propter
1019 3254 1200 3333 debatum
1210 3254 1401 3361 parcium,
1419 3255 1585 3334 totaliter
1600 3283 1776 3334 amoven-

354 3389 440 3466 dam
465 3406 504 3466 et
525 3388 671 3466 eisdem
693 3386 879 3494 religiosis
903 3384 1045 3463 debere
1069 3385 1199 3473 reddi,
1226 3386 1402 3492 ipsosque
1424 3386 1620 3496 religiosos
1646 3387 1685 3462 in
1710 3415 1776 3464 sua

355 3521 486 3597 saisina
509 3519 677 3625 predicta
698 3547 894 3596 remanere
916 3517 1071 3605 debere,
1092 3503 1192 3596 salva
1211 3519 1321 3594 nobis
1345 3546 1458 3624 super
1482 3517 1554 3596 boc
1578 3518 1777 3624 questione

357 3651 603 3758 proprietatis.

413 3782 540 3859 Martis
560 3799 644 3888 post
658 3781 992 3860 Circumcisionem
1008 3778 1177 3856 Domini.

413 3912 585 3990 Bocellus
603 3913 815 4020 reportavit.

414 4175 571 4252 XXXIX.
604 4172 1192 4283 Significatumluitnobisquod,
1206 4173 1779 4266 cumfraterlacobusdeMarla,

360 4308 560 4385 canonicus
575 4306 757 4415 regularis
769 4305 986 4381 monasterii
1002 4305 1049 4381 de
1066 4306 1272 4410 Spernaco,
1290 4305 1453 4413 amajori
1471 4323 1508 4384 et
1523 4308 1660 4384 saniori
1676 4323 1779 4412 parte

360 4436 514 4516 illorum
532 4437 658 4544 quiin
683 4435 867 4513 electione
887 4435 1042 4512 rectoris
1065 4461 1133 4511 seu
1153 4435 1465 4513 administratoris
1482 4437 1619 4513 domus
1640 4436 1781 4514 Sancti-

360 4569 486 4660 Laaari
500 4569 548 4646 de
561 4570 750 4674 Spernaco
759 4568 823 4675 jus
838 4566 977 4644 babere
992 4564 1183 4655 dicuntur,
1201 4565 1242 4643 in
1255 4583 1443 4644 rectorem
1459 4565 1629 4672 ejusdem
1644 4565 1783 4644 domus

360 4698 492 4776 brisset
514 4699 672 4788 electus,
692 4726 840 4776 necnon
861 4697 901 4774 in
920 4697 1196 4803 possessionem
1218 4697 1449 4804 corporalem
1469 4697 1559 4774 dicti
1580 4695 1712 4785 officii,
1735 4696 1783 4776 de

364 4831 540 4907 mandato
552 4845 698 4918 nostro,
716 4829 907 4916 inductus,
923 4826 1192 4906 nichilominus
1209 4827 1384 4906 nonnulli
1400 4826 1629 4906 habitatores
1643 4841 1679 4904 et
1691 4827 1785 4906 bur·

362 4986 494 5067 genses
513 4959 685 5067 ejusdem
706 4957 793 5035 ville
812 4957 860 5066 de
881 4958 1085 5064 Spernaco,
1107 4958 1156 5035 de
1177 4956 1333 5036 consilio
1354 4959 1595 5037 scabinorum
1615 4958 1786 5067 ejusdem

361 5088 467 5178 ville,
487 5090 599 5166 turba
617 5089 839 5178 coadunata,
857 5089 1003 5166 dictum
1019 5087 1172 5164 fratrem
1191 5087 1374 5165 lacobum
1391 5087 1438 5164 ab
1459 5087 1592 5166 eadem
1614 5086 1730 5166 domo
1751 5105 1788 5164 et
