4450 6209
657 790 662 801 -
739 727 1003 836 anunrns
1027 745 1091 817 er
1116 726 1319 820 proces.
1665 752 1736 823 ποι

322 894 503 971 librorum
523 886 804 967 Turonenoium
821 886 1028 995 bonorum,
1050 916 1119 993 per
1137 887 1241 967 curie
1260 907 1387 968 nocue
1401 890 1608 999 judicium,
1630 894 1741 971 nobie
1778 898 1908 953 rmum
1921 900 1964 965 tv,

321 1022 441 1102 extitit
457 1020 763 1127 condempnetur.
1840 992 1902 1035 ¹⁸⁰⁸·

373 1153 531 1235 Venerio
545 1168 631 1259 port
647 1148 906 1229 Candolooom.

376 1284 579 1365 Mellentuo
598 1282 809 1390 reportavit.

374 1417 583 1524 Episcopus
595 1413 877 1493 suessionensis
891 1414 1005 1490 michi
1026 1415 1228 1521 reportavit
1240 1416 1346 1523 quod
1361 1418 1539 1499 dominns
1552 1421 1628 1497 Rex
1646 1422 1742 1527 quit.

318 1566 372 1627 tot
392 1546 515 1625 cidem
533 1545 725 1653 Deiphino
743 1544 985 1623 medietatem
1004 1544 1113 1626 istius
1133 1547 1305 1625 emendo.

373 1810 514 1888 XXVII.
546 1808 645 1887 Cum
660 1806 848 1883 Iohannes
865 1807 1025 1915 Fumat,
1047 1805 1211 1895 scutifer,
1230 1806 1334 1884 curie
1354 1824 1480 1889 nostre
1498 1807 1741 1916 significasset

319 1941 440 2047 quod,
454 1939 537 2046 ipro
549 1938 731 2016 existente
745 1938 787 2014 in
796 1936 900 2017 bono
908 1936 1043 2013 srininr
1053 1935 1160 2015 bosci
1172 1938 1291 2016 vuenti
1302 1937 1351 2017 de
1362 1938 1570 2030 ustione,
1584 1937 1680 2017 etud
1691 1940 1742 2047 ip

287 2090 291 2097 '
319 2100 419 2159 sum,
439 2099 484 2149 ex
500 2086 604 2176 perte
624 2068 772 2147 domini
787 2068 912 2177 Regio,
927 2068 1223 2147 modienmm
1239 2069 1278 2145 in
1296 2064 1394 2148 dictu
1413 2061 1548 2148 neieina
1564 2071 1654 2148 dato
1668 2071 1743 2148 eibi

319 2204 429 2280 Petro
445 2199 665 2308 Burgundio
685 2217 724 2277 ot
740 2198 965 2306 quibusdum
988 2198 1088 2290 oIiie,
1102 2198 1345 2307 Huymericue
1364 2202 1537 2308 Senincr
1553 2218 1592 2278 et
1613 2202 1738 2309 Engo,
1817 2294 1824 2309 ⁶

320 2333 400 2440 ejus
409 2330 533 2420 irater,
548 2358 636 2407 cum
649 2358 781 2407 corum
796 2328 1061 2435 complicibus,
1076 2346 1163 2435 post
1176 2343 1216 2407 et
1230 2348 1359 2408 contro
1371 2325 1562 2409 detonsum
1578 2357 1622 2409 ex
1636 2348 1744 2437 purte

320 2463 466 2541 domini
490 2462 602 2567 Regis
627 2462 682 2537 eir
705 2459 840 2535 fectum
862 2458 1103 2546 sufficienter,
1124 2456 1173 2534 ud
1189 2460 1333 2537 dictum
1356 2462 1514 2538 boscum
1532 2462 1739 2550 uenientes,

320 2594 512 2701 operarios
530 2592 674 2669 dictum
692 2591 866 2679 boscum,
889 2592 938 2668 de
955 2589 1133 2670 mandam
1149 2586 1239 2667 dicti
1253 2582 1420 2697 Forg'eti,
1432 2580 1652 2669 'scindentes
1669 2592 1744 2669 vin

320 2725 443 2801 lenter
458 2724 667 2831 ejecerunt,
685 2739 723 2798 ct
737 2720 879 2798 dictum
893 2722 1048 2797 Petrum
1064 2720 1225 2825 gmu‘tor
1235 2719 1541 2808 vulneraverunt,
1558 2736 1597 2797 et
1611 2721 1743 2828 plures

321 2856 445 2936 eidem
458 2853 615 2962 injuriae
624 2851 850 2939 intulerunt,
864 2868 917 2940 ct,
932 2851 971 2926 in
983 2851 1100 2928 nostri
1114 2848 1360 2957 vituperium,
1376 2849 1745 2957 inobediencinspiu·

321 3014 380 3063 res
399 3012 514 3091 super
530 2984 604 3061 hoc
615 2982 805 3074 fecerunt,
821 3008 864 3058 ac
877 2980 1016 3081 inultus
1033 2980 1270 3089 quadrigatas
1280 2982 1385 3060 bosci
1406 3007 1534 3060 secum
1550 2980 1658 3073 indo,
1675 3012 1744 3089 per

321 3115 560 3204 violenciam,
575 3114 764 3190 duxerunt
782 3112 887 3190 :Visa
903 3111 1077 3217 inquesta
1096 3138 1213 3218 super
1229 3113 1317 3205 hoo,
1330 3114 1468 3190 vocatio
1485 3112 1672 3220 partilem,
1695 3115 1742 3191 de

323 3246 499 3322 mandato
520 3242 623 3318 curie
647 3259 775 3319 nostre
795 3240 907 3330 factu,
925 3269 994 3347 per
1014 3242 1117 3317 curie
1142 3259 1268 3321 nostre
1288 3243 1492 3350 judicium,
1511 3244 1654 3321 dictum
1672 3240 1745 3321 tuit

321 3374 427 3484 quod
447 3373 569 3449 dictus
586 3374 727 3477 Forget
745 3372 783 3446 in
803 3369 969 3475 predicta
979 3371 1111 3447 saisina
1131 3372 1310 3465 suu,dicti
1325 3370 1428 3450 bosci
1442 3372 1684 3462 custodietur,
1708 3388 1745 3450 et

322 3504 637 3611 impedimentum
663 3530 776 3608 super
800 3500 874 3579 hoc
899 3500 1026 3578 eidem
1049 3528 1119 3607 per
1142 3501 1330 3608 predictos
1354 3503 1567 3611 oppositum
1596 3529 1745 3581 amovc—
1794 3576 1797 3581 .

322 3638 435 3725 bitur,
458 3652 496 3713 et
512 3632 674 3711 reddent
690 3633 781 3711 dicti
802 3630 934 3709 fratrer
953 3631 1077 3709 eidem
1100 3633 1280 3740 Forgetc‚
1294 3662 1366 3740 pro
1386 3632 1498 3713 dictis
1516 3633 1747 3744 quadrigatio

322 3768 427 3859 bonci
446 3794 515 3874 per
533 3792 599 3843 eoo
618 3762 765 3853 levatis,
783 3762 916 3841 decem
934 3762 1048 3841 librae
1062 3764 1320 3853 Turonenocr,
1339 3792 1360 3841 a
1379 3764 1486 3842 ouriu
1502 3782 1630 3844 nostro
1645 3784 1747 3843 toxo-

323 3914 379 3975 tos
399 3914 438 3975 et
455 3924 476 3973 e
496 3896 598 3973 dicto
620 3898 780 4001 Forgcte
796 3894 954 4002 juratae,
970 3912 1009 3971 et
1021 3894 1125 3973 dicto
1144 3895 1319 3973 servienti
1332 3896 1521 4003 nonginta
1540 3894 1653 3975 libres
1666 3899 1747 3974 Tu-

325 4054 523 4118 ronorum,
538 4054 607 4132 pro
622 4026 769 4133 injuriio
787 4025 967 4131 predictis
987 4025 1058 4103 sibi
1078 4026 1208 4117 illatis,
1220 4054 1264 4104 nc
1282 4027 1440 4105 d'omino
1456 4027 1547 4137 uagi
1567 4028 1748 4107 ducentur

326 4157 438 4237 libror
455 4159 713 4240 Turoncurer.
733 4184 802 4261 pro
821 4156 984 4233 emenda
1002 4184 1067 4233 sue
1086 4158 1235 4235 racione
1253 4158 1533 4263 premissorum.

381 4288 537 4369 Venerit
555 4304 642 4394 post
660 4286 920 4365 Cendelomm.

384 4420 415 4497 J.
438 4420 487 4499 de
506 4419 637 4526 Voyni
656 4417 869 4528 reportavit.

384 4680 542 4760 XXVIII.
563 4679 924 4760 Metroontroversiu
941 4678 1216 4785 interpriorem
1228 4695 1502 4757 etennveotum
1515 4680 1750 4759 Sancti-Mon

329 4810 410 4888 ricii
431 4809 733 4902 silvanectensis,
747 4840 790 4889 ex
806 4838 884 4889 unu
901 4828 1024 4918 purte,
1039 4828 1080 4888 et
1099 4811 1316 4917 episcopum
1334 4810 1611 4902 Belvoocnnerm
1634 4840 1676 4888 er
1695 4812 1751 4889 uI-

329 4960 429 5031 tero,
451 4968 564 5046 cuper
581 4970 628 5019 eo
645 4942 750 5049 quod
762 4943 852 5021 dicti
870 4941 1055 5051 religiosi,
1073 4960 1277 5021 uererentur
1296 4942 1457 5022 recolor
1476 4960 1514 5022 et
1527 4944 1566 5021 in
1585 4944 1750 5024 solidum

331 5100 411 5151 core
432 5073 471 5149 in
492 5070 626 5149 ruieino
645 5074 811 5152 habendi
826 5092 995 5181 questum
1014 5074 1054 5150 in
1065 5072 1152 5153 villo
1169 5072 1217 5151 de
1232 5074 1426 5184 Cnsten0y‚
1441 5074 1593 5152 racione
1606 5074 1751 5150 molen-

1571 5230 1620 5310 37.
