4450 6209
513 707 586 778 616
1091 705 1183 778 LES
1207 701 1347 777 OLIM.

287 852 473 915 Parnmrv,
509 845 721 924 tuordecim
741 845 873 926 solidis
887 843 1185 934 Turonensibus,
1206 871 1275 950 per
1293 843 1482 924 dictorum
1501 849 1702 926 custodum
1717 849 1922 955 judicium,

349 943 411 986 Μ’
511 975 808 1083 condempnatus
822 973 971 1062 ferisset,
994 991 1032 1052 et
1049 1004 1072 1051 a
1091 975 1192 1053 dicto
1207 974 1394 1082 judicato,
1416 992 1608 1084 tamquam
1628 977 1721 1056 falso
1743 997 1782 1056 et
1799 1011 1923 1087 pravo,

492 1172 495 1178 .
511 1107 633 1184 dictus
648 1107 853 1194 lohannes,
874 1106 922 1184 ad
943 1106 1023 1184 dies
1041 1108 1248 1184 Trecenses
1267 1105 1500 1212 appellasset,
1521 1108 1764 1215 magistrique
1779 1110 1923 1190 diemm

510 1237 756 1316 Treceusium
768 1236 976 1343 superhoc,
988 1235 1126 1314 auditis
1136 1233 1586 1344 partibuspredictis,pcr
1593 1239 1804 1345 judicatum
1817 1269 1921 1318 suum

510 1367 766 1474 predictorum
786 1367 987 1446 custodum
1002 1365 1191 1472 judicium
1211 1367 1514 1458 confirmassent,
1535 1369 1657 1448 dictus
1682 1368 1884 1464 lohannes,
1902 1402 1922 1448 a

504 1497 673 1604 judicato
693 1495 863 1604 predicto
883 1495 1164 1574 confirmatorie
1182 1496 1369 1575 dictorum
1390 1498 1655 1605 magistrorum
1670 1498 1819 1576 dierum
1835 1503 1923 1577 Tre-

508 1629 692 1718 censium,
713 1645 904 1734 tamquam
924 1655 943 1702 a
963 1625 1055 1704 salso
1076 1644 1114 1704 et
1137 1653 1268 1733 pravo,
1287 1627 1334 1704 ad
1353 1628 1497 1704 curiam
1517 1644 1684 1706 nostram
1712 1629 1846 1707 iterato
1864 1658 1923 1737 ap-

509 1759 660 1866 pellavit
672 1791 680 1833 ε
693 1757 842 1835 Auditis
859 1757 973 1866 igitur
985 1757 1095 1836 dictis
1109 1756 1279 1863 partibus
1293 1757 1332 1833 in
1343 1786 1453 1835 causa
1464 1758 1729 1865 appellacionis
1744 1760 1920 1866 predicte,

510 1908 548 1966 et
573 1890 658 1968 visis
684 1887 920 1992 processibus
949 1886 1165 1976 antedictis,
1188 1915 1254 1992 per
1278 1887 1382 1965 curie
1410 1906 1536 1966 nostre
1551 1888 1758 1996 judicium,
1786 1889 1921 1968 dictum

446 2029 448 2037 ‘
509 2019 581 2098 luit
593 2018 781 2126 predictos
800 2017 975 2096 custodes
995 2033 1032 2094 et
1051 2016 1248 2124 magistros
1266 2016 1365 2094 bene
1374 2017 1563 2124 judicasse
1583 2035 1622 2096 et
1638 2018 1782 2096 dictum
1795 2019 1923 2096 Johau-

508 2178 598 2228 nem
620 2149 715 2228 male
741 2147 963 2257 appellasse,
987 2163 1023 2224 et
1041 2147 1148 2254 quod
1172 2147 1251 2254 ipse
1269 2147 1343 2226 boc
1367 2148 1602 2238 emendabit,
1624 2165 1663 2224 et
1689 2148 1923 2226 mandabitur

510 2281 722 2360 execucioni
743 2278 1037 2384 condempnacio
1057 2277 1235 2383 predicta.

565 2411 698 2490 Actum
719 2411 896 2504 Parisius,
917 2411 1016 2488 lovis
1036 2425 1122 2515 post
1139 2411 1400 2490 invencioncm
1427 2411 1720 2499 Sanctelirucis,
1737 2437 1835 2488 anno
1853 2428 1923 2486 tre

509 2543 713 2620 centesimo
730 2541 943 2620 undecimo.

563 2810 653 2888 CIX.
684 2809 783 2888 Cum
794 2806 979 2884 Arnaldus
995 2807 1164 2913 Margoti,
1178 2835 1247 2912 pro
1260 2807 1488 2912 quibusdam
1501 2807 1714 2886 excessibus
1729 2807 1801 2886 sibi
1816 2808 1925 2914 impe

507 2940 603 3028 sitis,
625 2938 663 3013 in
678 2937 844 3045 prisione
860 2937 1003 3014 domini
1017 2937 1126 3045 Regis
1143 2937 1319 3015 detentus
1332 2955 1448 3026 esset,
1464 2955 1503 3014 et
1515 2939 1678 3016 Ysarnus
1691 2937 1739 3016 de
1754 2939 1922 3046 Lusegio,

507 3069 617 3175 Hugo
625 3067 673 3144 de
687 3067 886 3156 Manbaco,
901 3066 1109 3157 domicelli,
1125 3067 1685 3148 GuilhamonusetBertrandus
1695 3068 1745 3145 de
1755 3068 1921 3160 Casellis,

505 3199 652 3288 fratres,
670 3226 794 3276 coram
808 3197 1092 3304 inquisitoribus
1111 3227 1134 3274 a
1150 3197 1305 3275 domino
1325 3200 1426 3305 Rege
1442 3198 1482 3274 in
1497 3199 1790 3305 Petragoricensi
1806 3227 1923 3276 senes-

505 3327 611 3406 callia
629 3328 833 3435 deputatis,
851 3329 1045 3418 cavissent,
1063 3355 1131 3434 pro
1149 3326 1922 3433 ipsoArnaldodetenendo,salvoa1resto,

504 3459 601 3538 infra
610 3460 796 3538 civitatem
809 3488 877 3538 seu
887 3459 1013 3538 villam
1024 3457 1272 3548 Caturci,sub
1283 3486 1381 3564 pena
1389 3459 1559 3566 quinque
1574 3458 1737 3537 millium
1748 3459 1922 3536 librarum

503 3593 803 3680 Turonensium,
824 3591 990 3697 dictique
1005 3607 1192 3677 caventes,
1208 3605 1307 3666 certa
1322 3588 1404 3677 die,
1425 3607 1553 3696 postea
1566 3591 1732 3672 eundem
1744 3606 1922 3668 arrestum

504 3722 751 3826 personaliter
766 3750 892 3800 eoram
912 3720 1021 3798 dictis
1041 3718 1330 3826 inquisitoribus
1344 3719 1581 3807 exhibentes,
1598 3719 1798 3825 periissent
1821 3747 1860 3796 se
1879 3718 1923 3794 li-

503 3851 624 3928 berari
642 3879 661 3926 a
678 3852 854 3928 caucione
875 3849 1060 3956 predicta3
1078 3848 1244 3956 dictique
1264 3850 1518 3956 inquisitores,
1537 3850 1673 3930 eodem
1694 3848 1858 3928 Arnaldo
1875 3848 1924 3926 sic

504 3980 557 4056 eis
573 3979 752 4071 exhibito,
768 3979 958 4085 predictos
973 3997 1142 4060 caventes
1154 4010 1176 4058 a
1189 3980 1288 4058 dicta
1299 3981 1475 4058 caucione
1489 3981 1715 4087 quittassent
1732 3997 1770 4058 et
1783 3979 1923 4056 liberas

503 4127 596 4198 sent,
610 4127 723 4217 prout
736 4138 803 4216 per
813 4109 954 4187 litteras
970 4109 1158 4188 dictorum
1173 4108 1439 4217 inquisitorum
1450 4111 1553 4188 curie
1561 4127 1689 4188 nostre
1701 4110 1866 4188 constitit
1878 4110 1922 4185 de

503 4239 700 4343 predictis,
724 4239 863 4318 deinde
885 4257 1103 4346 procurator
1127 4240 1271 4319 domini
1292 4241 1402 4348 Regis
1426 4242 1466 4324 in
1485 4239 1703 4324 senescallia
1727 4241 1923 4347 Petragon'·

503 4371 603 4446 censi
619 4369 740 4448 dictos
755 4387 925 4448 caventes
940 4399 1053 4477 super
1067 4372 1244 4449 caucione
1258 4371 1425 4477 predicta
1441 4401 1556 4478 quam
1570 4371 1721 4450 dicebat
1731 4370 1812 4450 lore
1826 4398 1923 4448 com-

503 4502 670 4590 missam,
685 4502 796 4578 traxit
815 4503 855 4577 in
876 4531 1039 4590 causam,
1058 4530 1183 4580 coram
1200 4500 1326 4578 locum
1346 4518 1498 4581 tenente
1517 4501 1737 4581 senescallie
1757 4503 1921 4607 Petrago

503 4630 673 4720 ricensis,
696 4631 923 4736 peticionem
947 4630 1121 4710 faciendo
1145 4659 1257 4737 super
1279 4632 1354 4714 boc
1377 4649 1506 4708 contra
1531 4633 1648 4737 ipsos3
1668 4629 1808 4738 quibus
1827 4630 1922 4708 dicte

503 4759 680 4864 peticioni
699 4761 928 4869 respondere
944 4760 1177 4849 nolentibus,
1193 4761 1262 4838 ssd
1274 4761 1322 4842 ad
1337 4761 1537 4840 dominum
1552 4765 1691 4870 Regem
1707 4759 1922 4867 appellanti-

502 4887 589 4977 bus,
613 4888 714 4966 idem
737 4889 864 4968 locum
888 4909 1038 4981 tenens,
1065 4891 1165 4998 ipsos
1184 4909 1362 4998 reputans
1384 4909 1642 4980 contumaces,
1665 4890 1924 4969 condemnavit

503 5020 657 5098 eosdem
670 5020 708 5096 in
723 5019 819 5108 dicta
832 5049 928 5127 pena
939 5051 1007 5127 per
1021 5022 1162 5100 dictum
1171 5039 1449 5129 procuratorem
1461 5025 1591 5128 petita;
1605 5051 1709 5128 aqua
1720 5021 1922 5124 condemp-
