4450 6209
718 708 985 818 saoneres
1010 689 1074 800 rr
1101 709 1308 802 raocts.
1653 731 1726 804 sss

305 883 431 944 nostre
456 866 559 943 curie
580 868 787 975 judicium,
814 869 957 946 dictum
988 867 1060 947 luit
1088 870 1187 946 male
1210 870 1325 947 luisse
1349 870 1637 975 pronunciatum
1661 900 1729 978 per
1766 885 1896 938 emtore
1910 881 1952 944 lv.

306 997 449 1076 dictum
464 997 633 1106 jndicem
659 1001 826 1106 predicte
851 1029 960 1090 cause
979 1000 1257 1108 appellacionis,
1280 1018 1335 1090 et,
1354 1028 1423 1106 per
1443 1019 1587 1106 partem
1608 1002 1729 1080 dicto-
1829 977 1893 1017 '³¹⁰'

304 1158 390 1207 rum
412 1129 555 1207 abbatis
581 1148 618 1207 et
642 1149 847 1210 conventus
872 1161 914 1209 ac
939 1133 1129 1210 dictorum
1151 1131 1310 1210 fratrum
1330 1133 1379 1210 de
1402 1135 1605 1240 bosqueto,
1631 1135 1729 1212 bene

304 1262 536 1368 appellatum
552 1262 681 1351 luisse,
699 1261 863 1370 fuitque,
879 1291 948 1370 per
964 1263 1067 1341 idem
1079 1265 1285 1372 judicium,
1308 1264 1406 1340 dicta
1421 1293 1529 1342 causa
1544 1265 1731 1373 principa-

304 1393 350 1470 lis
375 1393 529 1470 remissa
554 1395 601 1471 ad
626 1395 763 1470 dictam
784 1395 926 1472 curiam
945 1395 1196 1474 Biterrensem
1221 1394 1411 1472 audienda
1439 1412 1478 1474 et
1493 1397 1580 1474 sine
1600 1398 1730 1476 debito
1831 1431 1835 1438 ·

303 1527 552 1603 terminanda.

360 1659 459 1736 lovis
479 1675 563 1736 ante
584 1659 869 1737 Pentbccosten.

361 1923 500 1998 LXXX.
533 1920 615 1997 Lite
635 1935 736 1996 mota
761 1920 862 1996 inter
887 1920 1060 1997 abbatem
1086 1936 1125 1996 et
1148 1936 1375 1996 conventum
1402 1920 1734 1998 Pruittiaei-Esehi-

302 2051 407 2129 vardi
426 2053 464 2127 in
485 2069 611 2128 nostra
630 2050 779 2156 speciali
799 2051 911 2157 garda
937 2052 1150 2140 existentes,
1178 2077 1223 2127 ex
1241 2078 1314 2126 una
1338 2068 1460 2157 parte,
1486 2068 1525 2128 et
1543 2051 1735 2132 Eschivar·

303 2182 414 2270 dum,
429 2183 627 2258 dominum
641 2181 731 2257 dicti
744 2181 837 2271 loci,
855 2181 1032 2271 militem,
1048 2209 1092 2258 ex
1104 2180 1235 2270 altera,
1253 2209 1366 2286 super
1380 2209 1426 2258 eo
1440 2182 1547 2289 quod
1562 2185 1654 2262 dicti
1670 2184 1735 2262 ab·

303 2313 371 2390 bas
387 2331 425 2390 et
439 2329 645 2391 conventus
661 2311 877 2389 asscrebant
893 2311 1000 2416 quod
1016 2311 1120 2387 idem
1139 2308 1267 2398 miles,
1283 2310 1394 2398 dum,
1412 2312 1573 2417 quadam
1591 2312 1671 2401 die,
1686 2314 1734 2391 ad

306 2445 479 2551 exequias
500 2442 697 2550 cujusdam
725 2440 782 2518 sui
807 2440 1014 2529 familiaris,
1035 2441 1074 2516 in
1099 2441 1269 2546 ipsorum
1293 2439 1556 2547 religiosorum
1580 2443 1734 2522 ecclesia

305 2603 373 2652 seu
393 2575 600 2682 cymiterio,
623 2599 777 2682 presens
797 2591 910 2660 esset,
928 2570 1082 2678 quidam
1102 2599 1193 2648 suus
1212 2571 1459 2663 domesticus,
1480 2572 1657 2653 videlicet
1671 2577 1733 2652 Jo-

304 2707 448 2782 hannes
472 2706 720 2795 Larmeurier,
743 2707 782 2780 in
808 2705 887 2811 ipsa
905 2702 1060 2781 ecclesia
1077 2730 1146 2780 seu
1166 2703 1370 2809 cymeterio
1389 2703 1577 2811 ejusdem,
1600 2733 1734 2810 quem·

305 2837 391 2912 darn
406 2837 522 2943 ipsius
538 2835 692 2912 ecclesie
705 2833 932 2912 monachum
950 2861 1070 2940 usque
1084 2832 1134 2910 ad
1146 2831 1372 2910 effusionem
1392 2833 1584 2941 sanguinis
1605 2863 1732 2944 pugno

302 2969 503 3072 percussit,
526 2968 607 3074 ipso
622 2966 742 3043 milite
762 2966 912 3043 vidente
928 2953 966 3042 et
984 2964 1124 3042 sciente
1139 2963 1417 3071 prohibereque
1434 2966 1578 3043 valente
1599 2982 1637 3043 et
1655 2993 1732 3044 non

304 3099 546 3206 probibente,
559 3099 676 3175 immo
689 3098 840 3205 ipsimet
851 3095 975 3176 abbati
987 3095 1152 3184 dicente,
1169 3132 1181 3161 ι
1196 3093 1323 3173 Abbas
1332 3123 1454 3201 prave,
1467 3095 1498 3174 si
1509 3113 1546 3173 te
1557 3099 1729 3188 moveris,

305 3246 479 3306 mortuus
494 3257 551 3317 es,
566 3265 579 3298 r
594 3227 776 3305 vibrando
793 3227 995 3333 quamdam
1011 3226 1189 3304 corticem
1206 3223 1253 3302 de
1273 3253 1415 3331 quercu
1430 3255 1543 3332 quam
1562 3228 1601 3303 in
1616 3257 1732 3305 manu

304 3359 487 3468 gestabat,
504 3387 546 3436 ac
566 3364 595 3435 si
620 3359 730 3437 vellet
749 3375 945 3464 percutere
961 3355 1126 3434 eundern
1142 3354 1315 3432 abbatem
1334 3357 1511 3434 indutum
1526 3357 1734 3436 sacerdota-

303 3490 405 3569 libus
426 3520 494 3599 pro
518 3517 673 3598 corpore
697 3490 787 3568 dicti
807 3488 947 3567 mortui
967 3486 1217 3575 inhumando,
1235 3486 1415 3594 quodque
1436 3487 1537 3565 idem
1566 3487 1674 3566 miles
1696 3508 1735 3567 ct

305 3623 460 3728 quidam
472 3624 560 3712 alii,
574 3623 631 3700 sui
648 3621 865 3728 complices,
883 3619 1030 3709 armati,
1045 3617 1187 3696 multos
1200 3645 1369 3696 excessus
1388 3617 1552 3696 inbonis
1567 3637 1605 3696 et
1619 3620 1735 3698 rebus

303 3753 566 3863 religiosorum
581 3754 802 3834 eorumdem
821 3751 1099 3838 commiserant,
1122 3764 1284 3855 quatuor
1307 3749 1443 3827 domos
1464 3749 1631 3855 ipsorum
1657 3752 1735 3827 vio-

304 3886 425 3964 lenter
444 3888 617 3965 intrando
640 3915 776 3992 easque
792 3879 1123 3991 discooperiendo,
1139 3878 1295 3958 bladum
1312 3882 1418 3987 quod
1440 3879 1494 3958 ibi
1512 3881 1733 3960 invenerunt

306 4016 574 4124 dispergendo,
588 4018 716 4093 vinum
731 4013 976 4102 effundendo,
993 4012 1184 4100 culcitras,
1202 4009 1423 4117 pulvinaria,
1439 4011 1682 4090 lintheamina
1698 4031 1735 4090 et

305 4147 397 4224 alios
412 4174 553 4253 pannos
572 4147 715 4225 ibidem
733 4147 903 4223 inventos
924 4173 1011 4221 cum
1034 4141 1167 4247 gladiis
1186 4142 1411 4230 scindendo,
1432 4143 1629 4222 lacerando
1644 4161 1683 4222 et
1696 4145 1734 4220 in

304 4279 491 4386 putheum
516 4278 687 4386 ejusdem
711 4277 913 4354 domorum
936 4275 1100 4380 ipsarum
1120 4270 1359 4376 proiciendo,
1382 4289 1421 4350 et
1442 4272 1636 4377 implendo
1658 4273 1735 4349 dic-

305 4426 389 4498 tum
406 4411 591 4516 putheum
614 4408 741 4498 doliis,
764 4407 884 4484 archis
908 4422 946 4483 et
973 4403 1105 4482 ceteris
1132 4400 1303 4509 ejusdem
1328 4403 1467 4479 domus
1490 4400 1732 4494 utensilibus;

307 4538 556 4620 domunculas
578 4540 694 4618 eciam
714 4568 824 4646 supra
845 4539 940 4616 duos
962 4536 1145 4614 dictarum
1174 4532 1373 4615 domorum
1400 4533 1561 4638 putheos
1584 4531 1735 4610 edifica·

305 4688 362 4747 tas
393 4671 640 4761 destruendo,
672 4700 809 4749 cornua
838 4696 1050 4756 cervorum,
1079 4664 1129 4741 ad
1158 4663 1336 4741 decorem
1363 4663 1518 4741 alterius
1547 4664 1595 4741 de
1627 4663 1736 4741 dictis

307 4801 484 4881 domibus
512 4804 616 4882 affixa
644 4803 865 4912 parietibus,
894 4798 1091 4879 avellendo
1117 4813 1156 4873 et
1179 4795 1304 4872 avulsa
1330 4797 1370 4872 in
1393 4795 1579 4902 putheum
1608 4796 1736 4901 probi-

308 4933 459 5025 ciendo,
484 4956 638 5042 pontem
658 4936 812 5014 alterius
836 4933 1037 5011 domorum
1063 4928 1316 5036 predictarum
1339 4928 1587 5015 destruendo,
1609 4943 1736 5033 portas

307 5063 529 5171 frangenda
552 5085 589 5145 et
609 5068 682 5145 hiis
700 5085 778 5144 tam
794 5063 1010 5142 enormibus
1035 5074 1111 5139 no‘n
1132 5060 1318 5150 contenti,
1343 5060 1391 5137 ad
1416 5061 1493 5138 duo
1516 5055 1733 5135 molendina

415 5244 467 5285 crs
487 5244 568 5286 ocru.
593 5247 640 5286 ru.
1569 5216 1608 5295 71ι
