4450 6209
750 687 1016 794 unounrns
1042 703 1106 776 nr
1132 682 1337 777 pauens.
1683 703 1756 774 ono

330 864 435 938 runt,
458 846 621 926 reddent
642 873 685 922 ex
703 846 851 954 integro
869 844 970 922 dicto
988 843 1153 952 pupillo,
1175 845 1246 924 sub
1267 843 1506 922 estimacione
1520 842 1702 949 predicta,
1716 843 1758 919 in
1795 849 1925 906 aarum
1938 853 1982 918 tv,

330 1005 404 1084 qua
433 976 646 1055 redditione
670 975 737 1053 liet
765 976 818 1053 eis
842 975 1020 1054 deductio
1049 975 1096 1052 de
1123 974 1299 1064 omnibus
1327 974 1573 1080 pecuniarum
1601 973 1758 1051 summis
1858 945 1920 987 Μ’

330 1136 424 1214 quas
443 1107 512 1213 ipsi
528 1106 757 1184 sufficienter
772 1106 964 1184 docebunt
977 1133 1035 1194 se,
1052 1105 1202 1183 racione
1217 1104 1308 1182 dicti
1325 1120 1552 1194 contractus,
1570 1103 1758 1182 tutoribus

330 1239 448 1345 ipsius
465 1237 601 1345 pupilli
613 1237 672 1316 vel
687 1238 769 1316 aliis
778 1238 960 1344 personis,
976 1264 1046 1344 pro
1060 1236 1161 1315 dieto
1177 1234 1323 1344 pupillo
1339 1253 1379 1314 et
1392 1236 1440 1314 ad
1451 1236 1533 1343 ejus
1546 1234 1757 1324 utilitatem,

330 1369 497 1459 solvisse,
521 1386 559 1447 et
583 1399 669 1446 cum
691 1369 780 1460 hoc,
803 1369 852 1448 de
876 1367 1105 1476 quibusdam
1130 1357 1304 1475 dampnis
1323 1395 1400 1474 que
1423 1366 1512 1445 dicti
1532 1365 1623 1445 socii
1643 1394 1682 1444 se
1702 1366 1759 1444 di-

330 1517 436 1591 cunt,
469 1501 507 1577 in
533 1501 780 1608 percepcione
808 1501 996 1578 dictorum
1028 1498 1241 1590 fructuum,
1266 1499 1438 1605 predicto
1461 1498 1620 1576 durante
1648 1498 1758 1604 quin-

329 1631 512 1738 quennio,
537 1632 731 1710 occasione
746 1660 881 1740 guerre
901 1631 1017 1708 turris
1037 1630 1251 1722 Aviniouis,
1270 1647 1309 1708 et
1326 1631 1478 1710 racione
1494 1629 1758 1708 inundationis

328 1789 525 1867 aquarum,
542 1763 781 1849 sustinuisse,
805 1763 852 1840 de
873 1761 1013 1867 quibus
1034 1761 1209 1868 dampnis
1227 1760 1413 1867 legittime
1434 1758 1638 1849 constabit,
1656 1759 1757 1838 racio

327 1890 529 1972 habebitur
553 1909 667 1998 prout
682 1893 833 2001 justicia
858 1891 1055 1982 suadebit,
1084 1889 1231 1970 fructus
1251 1919 1339 1969 vero
1363 1907 1402 1969 et
1428 1890 1546 1969 exitus
1570 1890 1661 1968 dicti
1681 1891 1755 1968 loci

326 2021 407 2128 qui,
424 2023 572 2100 racione
589 2022 679 2100 dicti
696 2019 839 2113 dehati,
857 2023 896 2100 in
909 2049 1024 2100 manu
1040 2039 1167 2100 nostra
1178 2038 1369 2111 tenentur,
1386 2021 1485 2100 dicta
1498 2049 1615 2099 manu
1629 2038 1756 2101 nostra

327 2153 416 2231 inde
436 2170 578 2243 amota,
600 2153 726 2231 eidem
741 2153 889 2261 pupillo
911 2152 1231 2232 deliberabuntur.

382 2281 517 2362 Actum
537 2283 712 2372 Parieius,
732 2279 794 2360 die
810 2284 940 2362 martis
957 2284 997 2358 in
1011 2282 1137 2390 vigilia
1151 2282 1251 2360 beati
1267 2281 1479 2374 Michaelis,
1499 2310 1598 2360 anno
1610 2298 1756 2360 trecen-

326 2413 461 2492 tesimo
482 2414 695 2493 undecimo.

383 2545 549 2652 Magistri
563 2545 595 2624 J.
618 2544 666 2622 de
681 2545 795 2624 Ceres
815 2561 854 2624 et
877 2545 917 2621 P.
939 2545 1104 2651 Mangon
1121 2559 1417 2650 reportavenmt.

381 2808 439 2886 lV.
473 2807 647 2914 lnquesta
657 2824 786 2885 contra
802 2806 1000 2886 dominum
1017 2805 1064 2884 de
1084 2806 1354 2914 Pinquigniaco
1369 2805 1475 2895 facta,
1487 2831 1602 2910 super
1616 2805 1753 2912 injuria

325 2965 399 3043 que
417 2937 554 3014 dicitur
570 2935 685 3015 luisse
703 2934 795 3014 sacta
811 2935 1041 3016 monialibus
1062 2935 1217 3015 abbacie
1231 2935 1634 3044 Beate-Marie-Regalis
1648 2934 1754 3045 juxta

325 3069 573 3161 Pontisaram,
595 3069 669 3146 visa
688 3066 776 3160 suit,
798 3067 961 3147 sednon
980 3067 1053 3146 luit
1066 3067 1235 3176 judicata
1255 3096 1299 3145 ex
1322 3095 1454 3160 causa,
1476 3083 1515 3146 et
1532 3066 1606 3146 luit
1624 3094 1754 3173 repor-

324 3215 398 3274 tata
415 3198 454 3274 in
474 3198 667 3305 presencia
686 3199 831 3278 domini
848 3199 972 3307 Regis.
1040 3207 1042 3212 ’

381 3331 516 3406 Actum
535 3330 574 3406 in
596 3328 694 3409 dicta
713 3328 883 3419 abbacia,
899 3328 962 3406 die
979 3327 1127 3408 veneris
1144 3342 1231 3434 post
1249 3327 1536 3406 Penthecosten.

379 3592 423 3671 V.
455 3591 604 3670 Auditis
635 3591 828 3698 partibus,
858 3591 1028 3698 precepit
1059 3592 1162 3669 curia
1190 3591 1298 3698 quod
1326 3590 1499 3697 inquesta
1526 3587 1621 3669 facta
1650 3593 1750 3671 inter

322 3724 542 3832 magistrum
566 3722 817 3803 Guillelmum
842 3721 889 3800 dc
910 3722 1046 3801 Dumis
1070 3739 1108 3800 et
1127 3719 1377 3802 Guillelmum
1398 3722 1616 3830 Symondis,
1638 3752 1752 3831 super

323 3853 549 3958 quibusdam
570 3853 692 3932 verbis
716 3852 908 3961 injuriosis
932 3851 1042 3930 dictis
1061 3852 1231 3960 predicto
1250 3853 1429 3960 magistro
1449 3852 1678 3941 Guillelmo,
1699 3854 1751 3930 vi-

323 3981 456 4060 deatur
481 3982 529 4060 ad
548 3983 659 4061 illurn
684 3981 799 4060 finem
820 3984 1003 4090 adquam
1024 3984 1322 4090 poteritvideri,
1343 3984 1553 4064 cumidem
1575 3985 1751 4094 magister

322 4112 550 4192 Guillelmue
569 4131 755 4221 proponat
773 4112 876 4220 quod
893 4113 988 4220 ipse,
1011 4115 1122 4192 certis
1141 4115 1342 4206 decausis,
1360 4115 1542 4195 recusavit
1558 4114 1669 4193 illum
1683 4117 1749 4223 qui

323 4245 460 4323 dictam
473 4245 563 4324 fecit
575 4246 799 4352 inquestam.
814 4245 946 4324 Postea
964 4243 1104 4350 placuit
1117 4243 1218 4322 dicto
1234 4245 1410 4353 magistro
1424 4245 1630 4324 Guillelmo
1645 4248 1749 4353 quod

233 4417 239 4426 ·
321 4377 494 4483 inquesta
511 4376 679 4486 predicta
693 4405 762 4483 pro
783 4375 888 4454 nulla
908 4375 1101 4464 habeatur,
1124 4393 1164 4454 et
1181 4375 1358 4483 injuriam
1377 4376 1585 4484 predictam
1604 4376 1749 4454 remisit

322 4506 458 4587 eidem.

378 4637 477 4718 lovis
501 4655 586 4746 post
600 4638 1024 4748 Sanctum-Georgium,
1046 4665 1145 4717 anno
1160 4637 1426 4717 trecentesimo
1446 4635 1661 4728 undecimo,
1681 4638 1748 4716 Pa-

321 4797 444 4855 rrsrue.

378 5033 436 5110 Vl.
467 5030 1148 5142 lnquestalactainterlaquelinamde
1162 5031 1405 5144 laChapelle,
1419 5030 1583 5145 exparte
1604 5055 1745 5130 una,et
