4450 6209
512 724 560 795 32
1091 710 1184 789 LES
1213 713 1354 788 OLIM.

286 872 474 933 errassent·
511 892 590 943 non
611 865 749 952 existit,
773 864 812 941 in
835 858 988 969 pacifica
1006 858 1257 966 possessione,
1277 854 1336 934 vel
1355 856 1460 963 quasi
1482 854 1716 965 percipiendi
1739 856 1859 939 dictos
1878 858 1932 935 di-

347 970 411 1014 m
512 996 639 1075 nerios
663 1024 730 1073 sen
749 994 1038 1103 procuraciones
1055 1021 1077 1069 a
1097 988 1273 1102 gentibus
1294 988 1431 1067 nostris
1457 988 1673 1069 tenentibus
1691 990 1815 1099 regale
1840 993 1933 1073 dicte

513 1127 638 1219 sedis,
656 1127 736 1236 ipsa
760 1142 929 1216 vacante,
955 1141 993 1201 et
1018 1122 1136 1201 eciam
1159 1122 1275 1201 dictas
1294 1120 1452 1228 pecunie
1473 1120 1714 1227 quantitates,
1737 1138 1932 1231 antequam

514 1260 630 1337 eciam
653 1258 821 1368 sigillum
843 1253 1011 1335 officialis
1037 1252 1225 1363 Sagiensis
1253 1250 1369 1361 aliqui
1394 1250 1549 1343 valeret,
1578 1280 1648 1360 pro
1675 1252 1754 1332 suis
1779 1255 1935 1335 servien-

512 1389 631 1477 tibus,
659 1386 846 1497 usquead
865 1387 1040 1465 ultimam
1064 1385 1301 1464 venacionem
1335 1384 1434 1463 dicte
1462 1384 1578 1476 sedis,
1606 1384 1713 1493 cujus
1736 1387 1934 1467 vocacionis

511 1538 701 1626 tempore,
722 1536 853 1627 gentes
876 1535 1003 1597 nostre
1022 1533 1195 1595 tenentes
1212 1514 1337 1625 regale
1359 1516 1457 1595 dicte
1477 1514 1577 1593 sedis
1596 1516 1803 1624 sagiensis,
1825 1517 1928 1597 dictis

511 1651 627 1759 priori
651 1668 689 1729 et
712 1649 877 1759 capitulo
901 1648 1045 1727 solvere
1069 1648 1190 1725 dictos
1215 1646 1380 1727 dinarios
1402 1674 1470 1725 scu
1489 1648 1779 1753 procuraciones
1797 1667 1838 1726 et
1854 1678 1934 1758 pre·

514 1785 630 1863 dictas
648 1783 809 1891 pecunie
835 1780 1063 1889 quantitates
1086 1808 1156 1887 pro
1181 1779 1258 1857 suis
1282 1778 1546 1872 servientibus,
1569 1779 1818 1889 denegarunt,
1840 1780 1935 1889 ipsos

513 1916 631 1992 sicin
662 1944 730 2023 sua
755 1912 908 2022 pacifica
934 1912 1168 2021 possessione
1195 1910 1254 1992 vel
1279 1910 1384 2020 quasi
1412 1911 1685 2019 perturbando;
1712 1941 1757 1989 ex
1785 1912 1933 1991 adverso

513 2076 601 2127 vero
621 2065 752 2155 gentes
772 2064 919 2135 nostre,
934 2075 1003 2153 pro
1017 2044 1128 2125 nobis
1144 2064 1182 2125 et
1198 2044 1353 2155 nomine
1371 2060 1518 2138 nostro,
1536 2042 1771 2123 affirmabant
1790 2072 1859 2123 nos
1873 2074 1936 2151 per

513 2196 645 2285 gentes
669 2194 816 2257 nostras
840 2205 919 2255 esse
943 2192 983 2255 et
1006 2175 1121 2253 seinse
1147 2206 1167 2251 a
1190 2196 1363 2283 tempore
1383 2204 1403 2252 a
1423 2202 1501 2285 quo
1521 2202 1598 2255 nou
1620 2192 1718 2253 estat
1740 2177 1934 2265 memoria,

514 2310 554 2385 in
573 2310 806 2417 possessione
827 2307 973 2385 levandi
1000 2324 1038 2385 et
1057 2306 1260 2417 colligendi
1280 2306 1404 2416 regale
1424 2306 1658 2415 episcopatus
1682 2306 1831 2415 prelati,
1861 2306 1937 2387 abs·

513 2470 589 2548 que
618 2440 812 2520 solucione
841 2438 1076 2519 dinariorum
1103 2469 1172 2519 seu
1199 2439 1513 2547 procuracionum
1533 2437 1703 2517 sarienda
1723 2455 1763 2517 et
1781 2440 1934 2545 pecunie

512 2574 765 2681 predictarum
783 2572 1033 2679 quantitatum
1055 2600 1126 2679 pro
1144 2570 1394 2649 servientibus
1406 2571 1544 2678 prioris
1559 2587 1597 2649 et
1618 2570 1772 2677 capituli
1793 2571 1935 2679 predio-

512 2724 638 2784 torum
659 2738 668 2781 ε
689 2705 878 2792 Tandem,
898 2704 974 2783 visa
999 2704 1162 2811 quadam
1190 2704 1376 2810 inquesta,
1399 2704 1645 2783 demandato
1671 2720 1801 2783 nostro
1830 2734 1935 2811 super

514 2839 586 2915 hoc
605 2837 716 2924 lacta,
737 2835 824 2913 visis
843 2835 962 2913 eciam
981 2834 1288 2913 attestacionibus
1307 2864 1422 2943 super
1442 2835 1514 2914 hoc
1534 2834 1746 2944 productis,
1765 2836 1935 2942 inspectis

514 2968 633 3045 eciam
655 2966 883 3073 quibusdam
899 2966 1009 3044 cartis
1024 2994 1068 3042 ex
1088 2984 1192 3074 parte
1210 2969 1377 3073 ipsorum
1393 2965 1528 3073 prioris
1542 2982 1581 3044 et
1600 2964 1750 3074 capituli
1773 2965 1933 3073 produc-

513 3100 576 3187 tis,
599 3115 638 3175 et
657 3097 834 3176 omnibus
858 3097 1059 3205 diligenter
1084 3098 1301 3175 examinatis
1320 3126 1395 3207 que
1421 3098 1564 3176 curiam
1589 3125 1738 3175 movere
1764 3113 1934 3205 poterant

515 3246 553 3305 et
572 3229 762 3309 debebant
788 3228 828 3305 in
859 3228 1048 3308 decisione
1077 3228 1175 3307 dicte
1196 3256 1325 3319 cause,
1358 3257 1426 3338 per
1452 3229 1555 3307 curie
1583 3246 1709 3309 nostre
1730 3229 1933 3337 judicium,

503 3361 804 3469 pronunciatum
821 3361 942 3440 extitit
956 3362 1057 3469 ipsos
1070 3362 1238 3469 priorem
1255 3380 1293 3439 et
1308 3360 1517 3469 capitulum
1534 3360 1573 3438 in
1589 3390 1655 3439 sua
1671 3359 1841 3468 predicta
1853 3389 1935 3469 pos·

512 3492 678 3573 sessione
697 3492 757 3569 vel
776 3493 882 3599 quasi
900 3493 1056 3598 pacifica
1080 3494 1220 3572 debere
1245 3520 1460 3584 remanere,
1482 3509 1520 3569 et
1540 3492 1856 3599 impedimentum
1877 3522 1936 3599 ap-

513 3624 679 3731 positum
694 3653 809 3729 super
825 3624 898 3701 hoc
913 3653 982 3730 per
996 3642 1127 3730 gentes
1142 3641 1288 3703 nostras
1302 3652 1382 3703 esse
1397 3624 1666 3711 amovendum,
1683 3641 1720 3700 et
1736 3622 1785 3699 de
1802 3623 1935 3731 vigenti

514 3755 670 3833 dinariis
685 3783 753 3831 seu
767 3754 1118 3861 procuracionibus,
1133 3754 1200 3862 qui
1219 3754 1278 3833 vel
1297 3784 1371 3862 que
1395 3770 1601 3833 evenerunt
1615 3771 1786 3861 tempore
1803 3754 1932 3833 atltime

512 3885 736 3976 vacacionis,
750 3884 823 3961 sibi
844 3913 912 3991 per
930 3902 1060 3992 gentes
1076 3903 1223 3963 nostras
1238 3915 1314 3965 non
1337 3885 1482 3979 solutis,
1499 3914 1579 3963 esse
1595 3885 1796 3964 solvendis.
1815 3887 1939 3980 Quan-

513 4032 597 4092 tum
632 4042 720 4092 vero
749 4013 798 4091 ad
828 4014 1002 4092 saisinam
1032 4015 1330 4121 supradictarum
1361 4015 1519 4121 pecunie
1548 4016 1816 4122 quantitatum,
1844 4046 1935 4124 quas

513 4144 618 4221 idem
638 4145 742 4252 prior
761 4162 800 4223 et
818 4142 1022 4251 capittdum
1041 4174 1109 4252 pro
1136 4146 1212 4225 suis
1232 4145 1479 4225 servientibus
1499 4124 1692 4252 petebant,
1708 4148 1936 4253 pronuncia·

515 4291 596 4353 tum
618 4303 686 4383 per
709 4275 812 4355 idem
839 4275 942 4354 curie
967 4294 1094 4355 nostre
1118 4276 1310 4385 judicium
1333 4278 1454 4357 extitit
1478 4278 1688 4385 sepedictus
1711 4279 1878 4386 priorem
1904 4296 1939 4355 et

517 4407 722 4513 capitulum
743 4406 862 4485 nichil
881 4406 1112 4489 sufficienter
1130 4408 1319 4515 probasse.

570 4671 661 4751 XLI.
692 4673 792 4751 Cum
812 4674 1010 4781 episcopus
1022 4674 1235 4756 Briocensis
1250 4695 1480 4783 conquestus
1494 4676 1628 4759 suisset
1644 4676 1692 4756 de
1712 4677 1936 4785 quibusdam

517 4799 665 4907 injuriis
683 4822 725 4881 et
743 4805 917 4912 dampnis
935 4806 1008 4884 sibi
1028 4824 1067 4885 et
1085 4808 1164 4885 suis
1183 4807 1360 4916 gentibus
1384 4810 1497 4903 illatis
1523 4839 1591 4918 per
1610 4811 1813 4889 servientes
1831 4808 1938 4889 halli-

518 4931 553 5007 vi
577 4932 896 5029 Constanciensis,
925 4965 994 5042 per
1013 4940 1192 5016 eumdem
1218 4938 1401 5020 ballivum
1423 4942 1622 5050 deputatos
1641 4941 1690 5019 ad
1710 4942 1935 5050 capiendum

520 5079 556 5138 et
586 5063 872 5168 explectandum
906 5067 1009 5148 bona
1037 5071 1260 5176 temporalia
1287 5071 1403 5179 ipsius
1432 5074 1614 5182 episcopi,
1636 5073 1756 5181 posita
1782 5076 1831 5152 ad
1863 5096 1938 5151 rne-
