4450 6209
762 727 1027 834 nnooarns
1053 744 1120 816 nr
1146 723 1348 818 moces.
1718 742 1788 816 aar

371 884 618 966 demandato
637 901 768 964 nostro
791 885 902 978 fa'cta,
928 911 997 992 per
1015 913 1132 993 quam
1151 914 1230 964 non
1254 883 1331 962 fuit
1346 883 1540 989 inventum
1559 883 1705 970 dictum
1724 884 1795 962 mi·
1828 892 1958 946 Pmuu
1979 893 2021 954 lv,

371 1017 641 1125 litemaliquid
659 1017 834 1096 habuisse
855 1018 905 1094 de
927 1017 1055 1123 precio
1080 1016 1169 1096 dicti
1193 1017 1295 1096 bladi
1317 1016 1458 1096 venditi
1481 1044 1548 1122 per
1567 1015 1794 1096 Gaufridum
1894 986 1956 1027 Μ’

369 1150 602 1258 predictum,
617 1177 686 1255 per
705 1150 807 1228 curie
827 1164 956 1228 nostre
971 1149 1178 1257 judicium,
1199 1147 1323 1226 dictus
1342 1146 1564 1236 Gaufridus,
1583 1177 1652 1253 pro
1668 1147 1795 1253 precio

370 1279 587 1371 dictibladi,
599 1279 809 1358 secundum
816 1280 1024 1387 predictam
1033 1281 1269 1358 taxationem
1278 1278 1514 1367 nostram,.in
1525 1277 1704 1383 predictis
1714 1303 1798 1354 cen-

369 1429 452 1489 tum
469 1428 507 1489 et
520 1410 788 1519 quinquaginta
804 1411 952 1489 duabus
968 1405 1074 1488 libris
1088 1409 1376 1497 Parisicnsibus,
1392 1409 1493 1486 dicto
1510 1407 1617 1484 militi
1634 1408 1807 1485 redden-'
1862 1388 1870 1399 ’

370 1543 447 1630 dis,
466 1541 588 1619 extitit
602 1541 919 1649 condempnatus,
940 1559 1129 1636 reservato
1143 1541 1232 1630 sibi,
1251 1569 1320 1646 per
1334 1540 1475 1618 curiam
1490 1557 1672 1629 nostram,
1692 1539 1797 1646 quod

369 1672 439 1750 sibi
460 1672 588 1749 locum
605 1687 733 1749 teneat
750 1672 848 1749 illud
864 1673 969 1778 quod
985 1673 1065 1779 ipse
1081 1671 1241 1779 probare
1256 1671 1395 1777 poterit
1410 1670 1554 1748 dictum
1571 1669 1732 1748 militem
1748 1671 1794 1748 de

369 1802 537 1909 predicta
550 1828 699 1881 summa
710 1803 873 1909 pecunie
888 1803 1083 1893 habuisse,
1098 1819 1136 1880 et
1153 1802 1192 1878 in
1209 1801 1388 1908 predictis
1403 1801 1575 1878 ducentis
1589 1799 1713 1892 libris,
1729 1828 1798 1905 per

369 1932 535 2010 eundem
554 1931 731 2021 militem,
752 1933 913 2038 proauis
934 1932 1107 2039 dampnis
1126 1932 1270 2038 petitis,
1288 1929 1359 2007 fuit
1373 1931 1476 2008 idem
1494 1930 1699 2009 Gaufridus
1714 1959 1798 2010 sen-

336 2143 342 2152 ,
369 2061 580 2142 tencialiter
598 2061 803 2141 absolutus

424 2192 580 2272 sabbati
598 2193 779 2297 predicta.

424 2323 605 2403 Bocellus·
618 2325 833 2431 reportavit.
866 2365 873 2386 ι

424 2587 535 2666 XXV.
568 2587 664 2668 Cum
692 2589 885 2666 lohannes
910 2590 957 2667 de
981 2588 1261 2696 Aubergniaco,
1288 2605 1334 2666 et·
1349 2589 1563 2694 Margarita,
1590 2589 1671 2696 ejus
1690 2619 1795 2677 uxor,

370 2734 499 2798 contra
512 2718 723 2797 Johannam
741 2717 880 2796 dictam
898 2719 1128 2798 Taua-Sama
1149 2745 1274 2796 coram
1291 2717 1487 2798 Parisiensi
1510 2721 1700 2825 preposito
1714 2747 1798 2826 pro·
1824 2719 1825 2724 ’

369 2865 555 2956 ponentes
566 2876 607 2926 se
619 2847 667 2926 ab
680 2850 887 2929 heredibus
899 2849 1067 2929 delirncti
1083 2849 1280 2928 Michaelis
1293 2849 1505 2940 Tire-Lice,
1527 2851 1799 2930 tentatoribus

370 2980 610 3073 eorumdem,
626 2983 831 3087 quamdam
852 2981 1028 3071 domum,
1041 2981 1152 3060 sitam
1171 2981 1435 3088 Parisius,pro
1452 2998 1556 3059 certo
1569 2982 1723 3060 redditu
1738 3011 1798 3058 an·
1871 3073 1875 3091 „

371 3134 465 3199 nuo,
487 3112 688 3219 accepisse,
711 3128 826 3218 pmut
844 3112 943 3203 hoc,¹
955 3112 995 3190 in
1014 3112 1195 3190 confectis
1214 3140 1329 3219 super
1347 3113 1419 3191 hoc
1439 3112 1588 3202 litteris,
1612 3101 1797 3191 contineri

372 3240 561 3332 dicebant,
576 3271 689 3350 quam
703 3243 862 3322 domum
873 3243 1107 3322 inhabitabat
1118 3243 1215 3320 dicta
1224 3244 1396 3322 Johanne
1411 3244 1565 3321 nomine
1579 3242 1710 3352 locagii
1724 3246 1795 3323 sibi

361 3370 456 3450 lacti
474 3400 495 3449 a
514 3373 698 3454 Michaele
714 3374 901 3481 predicto,
916 3374 1116 3480 peciissent
1129 3374 1234 3480 quod
1246 3374 1345 3454 dicta
1358 3375 1526 3452 Johanne
1544 3375 1701 3452 domum
1713 3405 1798 3483 pre-

371 3501 507 3579 dictam
530 3505 631 3581 exire
657 3521 696 3582 et
718 3505 808 3612 ipsis
829 3504 1052 3612 conjugibus
1079 3504 1270 3582 dimittere
1298 3503 1607 3611 compelleretur3
1629 3507 1797 3613 predicta

369 3632 539 3711 Johanne
565 3633 606 3712 in
633 3636 862 3714 contrarium
876 3652 1124 3743 ‘proponente
1151 3663 1190 3714 se
1219 3635 1357 3714 dictam
1384 3635 1541 3714 domum
1568 3635 1615 3712 ad
1641 3664 1797 3714 censum

371 3791 540 3842 annuum
567 3766 751 3874 accepisse
779 3767 989 3846 aJohanne
1021 3765 1056 3844 le
1083 3767 1148 3846 Mo
1176 3784 1213 3846 et
1232 3767 1403 3844 Johanne
1427 3769 1581 3856 Lescot,
1608 3767 1797 3846 tutoribus

372 3894 609 4001 Stephaneti,
630 3898 702 3976 filii
727 3916 765 3978 et
785 3898 938 3978 heredis
954 3897 1042 3975 dicti
1065 3895 1277 3988 Michaelis,
1296 3916 1334 3976 et
1354 3926 1394 3976 se
1413 3927 1490 3977 non
1512 3900 1633 3978 teneri
1657 3898 1795 3978 dictam

372 4025 529 4104 domu'm
548 4029 668 4119 exire,
689 4029 909 4136 hadulphus
930 4030 979 4107 de
997 4027 1186 4118 Vallibus,
1209 4027 1359 4109 auditor
1376 4047 1469 4109 tunc
1486 4031 1676 4110 Castelleti
1695 4033 1794 4108 Pari·

371 4155 522 4246 aiensis,
549 4159 734 4240 dictarum
762 4160 932 4269 parcium
955 4158 1094 4238 auditis
1121 4160 1350 4250 racionibus,
1375 4189 1443 4267 per
1461 4191 1571 4239 suum
1587 4161 1792 4269 judicium,

370 4291 632 4393 pronunciavit
645 4293 784 4372 dictam
796 4293 1025 4379 Johannam,
1043 4319 1121 4368 non
1138 4290 1374 4369 obstantibus
1389 4311 1517 4370 contra
1533 4321 1614 4369 eam
1630 4293 1795 4398 proposi·

371 4417 433 4509 tis,
449 4417 590 4499 debere
603 4423 643 4498 in
658 4423 775 4502 domo
787 4424 955 4531 predicta
968 4449 1183 4510 remunerer
1199 4451 1220 4500 a
1235 4451 1311 4528 quo
1321 4423 1489 4530 judicato
1512 4423 1601 4500 dicti
1618 4423 1795 4529 conjuges

372 4550 678 4632 emendacionem
703 4554 921 4632 Parisiensis
939 4552 1120 4661 prepositi
1140 4552 1353 4658 pecierunt,
1380 4553 1503 4630 dictus
1521 4580 1608 4630 vcro
1628 4555 1795 4660 preposi-

370 4699 447 4774 tus,
466 4684 516 4762 de
532 4713 640 4764 cama
656 4685 825 4793 predicta
844 4713 1089 4793 cognoscens,
1105 4713 1175 4791 per
1191 4713 1305 4762 suum
1318 4684 1526 4792 judicium,
1543 4684 1797 4789 pronuntiavit

371 4811 512 4892 dictum
535 4799 748 4894 auditorem
770 4815 870 4895 male
885 4815 1091 4923 judicasse,
1120 4815 1257 4892 dictam
1280 4814 1490 4893 Johannam
1516 4814 1796 4920 condempnans

370 4943 416 5020 ad
437 4945 707 5024 dimittendum
732 4947 843 5027 dictis
866 4945 1091 5056 conjugibus
1116 4947 1274 5024 domum
1299 4945 1524 5053 predictam,
1548 4945 1644 5022 salva
1668 4945 1794 5024 eidem

369 5075 539 5154 Johanne
555 5078 701 5157 actione
716 5107 783 5156 sua
796 5095 924 5156 contra
938 5095 1082 5156 tutores
1095 5077 1302 5184 predictum
1317 5107 1336 5154 a
1353 5105 1429 5185 quo
1447 5076 1535 5154 dicti
1548 5077 1728 5184 prepositi
1735 5078 1794 5186 ju-

457 5251 509 5295 sus
531 5254 615 5298 ouer.
639 5255 684 5297 nt.
1478 5217 1480 5223 Ι
1624 5233 1660 5296 31
