4450 6209
735 712 1001 823 nnontrns
1027 733 1090 806 nr
1115 716 1322 808 rnocns.
1664 735 1739 810 oss

322 888 452 980 questa
466 895 580 978 super
598 872 670 950 hoc
688 871 782 952 facte
802 901 844 950 ac
863 873 1034 980 pluribus
1047 873 1224 981 judicatis
1245 892 1322 952 tam
1342 875 1380 952 in
1400 873 1547 982 placitis
1563 904 1678 984 qoam
1700 876 1740 952 in
1778 885 1909 989 eernere
1922 888 1965 946 tv,

321 1000 446 1082 assisia
471 1003 754 1082 contradictum
774 1003 956 1112 Agathan]
970 1032 1083 1111 super
1104 1007 1178 1084 hoc
1194 1005 1299 1083 factis
1319 1023 1357 1083 et
1375 1006 1531 1095 habitis,
1549 1035 1620 1115 per
1638 1006 1740 1086 curie
1841 980 1903 1022 ’ω’

320 1148 447 1210 nostre
457 1132 666 1240 judicium,
687 1134 979 1242 pronunciatum
994 1133 1068 1212 fuit
1085 1136 1192 1242 quod
1209 1136 1308 1214 (licta
1327 1137 1470 1244 Agatha
1485 1136 1649 1244 amplius
1664 1163 1741 1213 non

322 1262 541 1342 admittetur
559 1263 606 1342 ud
623 1291 729 1341 suam
749 1264 976 1370 peticionem
993 1265 1216 1372 predictam,
1234 1284 1273 1344 et
1285 1266 1391 1373 quod
1407 1266 1505 1344 dicta
1520 1266 1686 1376 judicata
1702 1267 1743 1342 in

321 1419 390 1470 suo
419 1393 556 1474 robore
574 1395 846 1490 remanebunt,
873 1413 911 1474 et
929 1424 1043 1503 super
1062 1395 1137 1476 hoc
1160 1398 1344 1504 imposuit
1362 1397 1466 1476 curia
1486 1415 1611 1476 nostra
1631 1397 1744 1476 silen-

321 1523 422 1600 cium
442 1541 668 1632 perpetuum
686 1524 832 1633 Agathe
846 1526 1027 1633 predicte.

376 1655 483 1732 Lune
504 1672 589 1734 ante
603 1655 873 1736 Ascsncionem
887 1657 1053 1735 Domini.

376 1783 528 1891 Crepon
548 1787 763 1893 reportavit.

374 2048 499 2126 XXIV.
531 2049 614 2126 Lite
628 2066 741 2142 mota,
753 2076 879 2128 coram
891 2048 1083 2155 preposito
1095 2049 1312 2140 Parisiensi,
1329 2049 1430 2127 inter
1447 2047 1629 2128 Jacobnm
1643 2053 1744 2129 Bou·

319 2175 424 2267 celli,
446 2207 490 2256 ex
510 2208 584 2256 una
602 2197 727 2286 parte,
755 2196 793 2258 et
815 2178 991 2256 abbatem
1011 2195 1051 2256 et
1069 2196 1293 2257 conventum
1314 2179 1657 2259 Sancte-Genovefe
1677 2181 1745 2258 Pa-

318 2307 499 2397 risiensis,
523 2337 566 2386 ex
581 2308 715 2401 altera,
732 2335 907 2414 supereo
930 2307 1036 2415 qnod
1054 2308 1179 2386 dictus
1192 2309 1353 2387 lacobus
1370 2308 1519 2388 dicebat
1533 2309 1637 2415 quod
1651 2309 1741 2387 dicti

319 2437 433 2517 abbas
447 2457 486 2517 et
503 2457 709 2518 conventus
721 2455 828 2524 erant
842 2438 914 2516 sibi
928 2438 1083 2547 obligati
1103 2441 1143 2516 in
1157 2467 1291 2520 novem
1308 2439 1449 2519 modiis
1460 2457 1500 2518 et
1513 2439 1646 2518 decem
1662 2467 1744 2519 sex-

317 2569 422 2648 tsriis
433 2570 613 2649 frumenti
628 2570 720 2650 boni
739 2586 777 2648 et
791 2568 939 2678 legalis,
956 2571 1004 2647 ad
1022 2597 1237 2648 mensuram
1252 2570 1513 2663 Parisiensem,
1533 2570 1583 2648 ad
1598 2599 1661 2648 ser
1677 2571 1749 2648 de·-

319 2701 443 2778 narios
459 2729 577 2809 prope
599 2702 767 2780 melioris
787 2699 969 2780 humenti
985 2702 1090 2808 quod
1113 2700 1345 2780 inveniretur
1363 2702 1404 2780 in
1423 2701 1505 2782 foro
1525 2702 1740 2792 Parisiensi,

319 2848 357 2909 et
368 2832 471 2938 quod
489 2831 632 2910 dictum
645 2833 819 2925 bladum,
835 2861 923 2912 cum
935 2831 1114 2910 omnibus
1127 2830 1301 2937 dampnis
1312 2832 1360 2910 ad
1371 2859 1588 2910 mensuram
1600 2833 1743 2940 predic

316 2979 409 3055 tam,
426 2961 677 3042 dictoJacobo
689 2963 748 3042 vel
767 2965 849 3074 ejus
861 2979 964 3042 certo
981 2962 1176 3051 mandato,
1193 2961 1402 3056 bonafide,
1418 2961 1491 3040 sub
1507 2962 1745 3070 obligacione·

317 3093 488 3170 omnium
503 3093 692 3172 bonorum
706 3123 864 3174 suorum
878 3093 1156 3200 temporalium,
1176 3091 1319 3170 solvere
1335 3111 1375 3172 et
1388 3091 1550 3171 reddere
1558 3094 1742 3201 promise-

316 3240 407 3299 runt
418 3225 763 3331 quocienscumque
775 3256 795 3303 a
807 3225 909 3302 dicto
920 3223 1059 3303 Jacobo
1073 3224 1132 3302 vel
1148 3224 1231 3332 ejus
1247 3240 1348 3301 certo
1360 3224 1538 3301 mandato
1550 3223 1675 3302 forent
1687 3251 1742 3302 re·

316 3353 462 3459 quisiti,
482 3356 640 3461 etquod
655 3355 745 3434 dicti
761 3355 927 3463 religiosi
948 3355 996 3432 de
1019 3354 1121 3434 dicto
1140 3355 1332 3432 frumento
1351 3352 1546 3443 solvendo,
1568 3371 1741 3461 tempore

318 3483 562 3589 competenti,
586 3485 741 3564 luerunt
754 3485 942 3593 requisiti,
961 3503 1000 3562 et
1014 3483 1225 3562 satisfacere
1240 3485 1449 3563 noluerunt
1468 3483 1559 3560 dicti
1574 3484 1740 3592 religiosi

317 3613 364 3690 de
379 3613 570 3694 frumento
583 3617 765 3722 predicto,
784 3643 900 3724 quare
916 3615 1070 3723 petebat
1082 3616 1204 3693 dictus
1214 3616 1535 3703 lacobus,'contra
1548 3613 1669 3692 dictos
1686 3643 1741 3692 re

315 3745 487 3852 ligiosos,
505 3764 603 3824 certa
615 3748 716 3825 bona
729 3764 768 3825 et
781 3747 862 3826 loca
872 3746 1093 3852 temporalia
1109 3743 1579 3853 dictorumreligiosomm,
1594 3743 1643 3821 de
1655 3746 1741 3851 qui·

315 3876 388 3955 bus
407 3877 502 3955 facta
523 3894 580 3955 est
601 3895 783 3968 monstra,
806 3906 880 3985 que
906 3879 986 3984 ipse
1011 3876 1161 3955 dicebat
1185 3876 1256 3955 sibi
1277 3903 1358 3954 csse
1381 3875 1563 3982 obligata,
1584 3876 1739 3953 nomine

315 4008 519 4113 ypothece,
545 4034 614 4113 pro
645 4007 776 4086 debito
802 4006 1039 4113 supradicto,
1065 4006 1137 4084 sibi
1166 4034 1234 4112 per
1265 4006 1479 4113 predictum
1503 4006 1740 4113 prepositum

314 4137 413 4214 tradi
434 4154 473 4214 et
494 4136 695 4215 deliberari
714 4163 785 4244 pro
806 4136 909 4213 dicto
929 4135 1056 4215 debito
1078 4136 1339 4243 explectandar
1362 4152 1604 4242 procuratore
1622 4136 1744 4214 dicto-

315 4297 401 4346 rum
433 4268 696 4377 religiosorum
726 4266 834 4374 plura
867 4294 909 4344 er
941 4265 1094 4343 adverso
1128 4265 1373 4342 declinatorie
1402 4283 1659 4372 proponente,
1692 4267 1741 4342 ad

315 4400 425 4478 illum
441 4399 558 4478 finem
579 4400 684 4507 quod
704 4400 828 4476 dietus
846 4396 1061 4505 prepositus
1084 4395 1132 4473 de
1150 4396 1329 4502 predictis
1348 4423 1427 4474 non
1445 4412 1687 4504 cognosceret
1702 4413 1742 4472 et

315 4532 418 4637 quod
439 4531 607 4640 cognicio
631 4532 730 4610 dicte
753 4557 862 4607 cause
882 4528 931 4606 ad
950 4556 1085 4607 eorum
1105 4555 1261 4606 eramen
1285 4527 1550 4618 remitteretur,
1580 4527 1742 4604 maxime

315 4691 402 4742 cum
420 4663 546 4741 dicant
570 4661 660 4741 dieti
685 4661 852 4771 religiosi
876 4659 1133 4740 omnimodum
1149 4659 1460 4768 jurisdiocionem
1480 4659 1667 4736 dictorum
1686 4657 1741 4735 lo-

315 4823 445 4880 corum
467 4811 504 4873 et
522 4795 728 4884 bonorum,
751 4794 799 4874 de
818 4791 957 4901 quibus
976 4790 1071 4870 facta
1094 4809 1151 4871 est
1169 4808 1353 4881 monstra,
1370 4790 1429 4870 vel
1449 4789 1581 4869 saltem
1597 4787 1742 4896 aliquo·

315 4955 400 5005 rum
422 4955 465 5004 ex
485 4927 590 5033 ipsis,
614 4928 661 5006 ud
681 4954 745 5006 eos
766 4926 974 5033 pertinere3
995 4924 1134 5002 auditis
1153 4923 1370 5002 nacionibus
1389 4921 1737 5030 utriusquepartis,

315 5085 383 5163 per
403 5059 547 5136 dictum
576 5057 810 5165 prepositum
831 5056 1043 5163 judicatum
1058 5053 1131 5133 fuit
1154 5054 1261 5162 quod
1276 5053 1446 5161 cognicio
1457 5053 1558 5132 dicte
1576 5077 1683 5129 cause
1693 5050 1740 5126 in
