4450 6209
511 726 582 800 rso
1091 725 1181 796 sss
1212 722 1350 798 osni.
1445 685 1450 696 ’

281 879 411 935 renim
423 877 467 941 W·
505 887 730 975 quereretur
749 867 797 948 de
816 867 974 944 domino
994 864 1043 942 de
1058 865 1266 958 Merevilla,
1287 865 1437 942 racione
1456 863 1654 971 cujusdem
1669 867 1783 974 prisia
1799 899 1930 976 quam,

341 971 405 1016 Μ’
505 1018 550 1080 nt
565 1001 645 1106 ipsa
663 1000 828 1088 dicebat,
851 998 976 1076 dictus
991 996 1186 1084 dominus,
1209 995 1310 1102 apud
1331 995 1597 1077 Mostorolinm
1612 997 1651 1074 in
1671 999 1788 1078 domo
1805 1001 1932 1080 relicto

505 1133 661 1212 Roberti
679 1130 816 1221 Houci‚
831 1158 903 1238 pro
919 1129 1132 1235 suspicione
1150 1128 1283 1208 mortis
1299 1126 1369 1206 filii
1387 1128 1445 1206 sui
1456 1129 1701 1236 justiciando,
1720 1131 1862 1210 fecerat
1879 1135 1933 1211 in-

501 1268 604 1374 juste
622 1281 660 1342 st
675 1264 723 1340 de
741 1291 858 1355 novo,
877 1261 1020 1350 dicens,
1037 1261 1137 1338 dicta
1153 1259 1321 1351 domina,
1342 1289 1382 1338 se
1398 1287 1478 1338 esse
1493 1261 1534 1338 in
1549 1261 1682 1340 saisina
1691 1262 1845 1370 justicie
1861 1265 1931 1344 alte

505 1413 544 1473 et
565 1396 672 1474 basse
697 1394 736 1470 in
760 1393 855 1471 loco'
869 1391 1042 1500 predicto
1067 1392 1164 1468 etin
1184 1391 1271 1470 villa
1291 1391 1519 1479 Mostorolii,
1542 1410 1582 1470 st
1604 1392 1644 1470 in
1669 1394 1848 1472 omnibus
1868 1396 1933 1474 do-

504 1527 640 1604 maniis
664 1542 702 1603 et
724 1525 847 1602 feodis
870 1525 948 1602 suis
974 1524 1013 1600 in
1037 1523 1125 1601 villa
1146 1521 1330 1630 predicta,
1356 1539 1565 1628 petensque
1589 1553 1745 1602 manum
1765 1543 1931 1604 nostram

505 1661 552 1736 de
573 1656 673 1734 dicta
692 1656 820 1763 prisia,
836 1672 991 1762 propter
1003 1654 1185 1732 debatunr
1201 1652 1369 1758 parcium
1391 1652 1536 1731 ibidem
1554 1655 1734 1760 positam,
1750 1659 1929 1746 amoveri,

503 1790 713 1868 eteandem
729 1787 882 1894 prisiam
901 1784 971 1862 sibi
986 1784 1095 1862 reddi
1112 1801 1150 1860 et
1171 1783 1390 1874 deliberari,
1409 1783 1512 1862 dicto
1530 1784 1688 1864 domino
1709 1789 1930 1867 econtrario

503 1937 741 2029 proponente
767 1918 905 1994 dictam
925 1915 1052 1992 villam
1077 1916 1125 1990 de
1153 1915 1374 1993 Mostorolio
1402 1915 1511 1992 sitam
1541 1943 1621 1994 esse
1655 1919 1694 1993 in
1720 1919 1930 2024 castellania

502 2083 569 2131 sua
596 2053 644 2128 de
672 2048 879 2137 Merevilla,
903 2063 941 2125 et
965 2075 1005 2124 se
1025 2073 1107 2125 esse
1132 2047 1171 2125 in
1197 2047 1331 2126 saisina
1357 2047 1430 2126 alte
1456 2048 1607 2154 justicie
1631 2049 1719 2127 ville
1744 2052 1927 2158 predicte,

502 2201 731 2295 petenteque
751 2181 890 2259 dictam
905 2179 1057 2286 prisiam
1071 2179 1143 2255 sib'i
1159 2177 1271 2256 reddi
1286 2179 1496 2270 :Tandem
1515 2180 1689 2288 inquesta
1702 2211 1773 2289 per
1787 2181 1928 2261 dictum

502 2344 616 2424 super
638 2316 711 2393 hoc
733 2311 828 2390 lacta
851 2328 892 2388 et
909 2326 1036 2388 nostre
1061 2309 1163 2386 curie
1187 2325 1390 2415 reportata,
1415 2310 1491 2388 visa
1512 2327 1550 2388 et
1572 2311 1774 2420 diligenter
1796 2313 1929 2390 exami-

503 2466 603 2538 nata,
618 2475 687 2554 per
699 2445 803 2522 curie
821 2459 949 2520 nostre
960 2439 1167 2548 judicium,
1185 2440 1332 2518 dictum
1346 2439 1420 2518 fuit
1435 2457 1473 2518 et
1485 2443 1777 2549 pronunciatum
1792 2444 1925 2522 dictam

365 2635 373 2650 ,
504 2580 697 2658 dominam
712 2575 969 2654 intencionem
986 2601 1091 2649 snam
1107 2572 1257 2678 plenius
1272 2571 1502 2678 probavisse,
1518 2589 1556 2652 et
1569 2574 1676 2682 quod
1688 2574 1785 2654 dicta
1802 2575 1924 2682 prisia,

503 2741 618 2789 mann
638 2728 766 2788 nostra
785 2706 875 2783 inde
892 2721 1033 2794 amota,
1052 2703 1124 2781 sibi
1140 2703 1335 2793 reddetur,
1355 2703 1553 2811 questione
1571 2705 1811 2813 proprietatis
1832 2705 1925 2784 dicto

505 2843 662 2921 domino
683 2867 796 2946 super
814 2839 889 2979 lu
907 2850 1102 2923 reservata,

559 2973 601 3049 ln
621 2970 757 3079 vigiliis
774 2966 1022 3045 Assensionis.

560 3106 664 3210 Roya
678 3101 890 3209 reportavit.

559 3369 653 3447 XlX.
685 3367 784 3446 Cum
810 3363 995 3442 abbatissa
1019 3363 1239 3441 monasterii
1264 3363 1530 3452 Beato-Maria
1554 3364 1658 3472 juxta
1681 3364 1926 3454 Pontisaram,

382 3525 385 3537 ·
503 3516 709 3607 conquesta
722 3497 854 3575 luisset
875 3523 990 3602 super
1008 3495 1159 3603 injuriis
1174 3493 1325 3571 cuidam
1347 3494 1395 3571 de
1412 3495 1471 3570 sui
1487 3495 1704 3572 monasterii
1726 3496 1926 3584 conversis,

502 3661 570 3738 per
579 3628 823 3735 Radulphum
834 3628 1029 3717 Maissent,
1040 3626 1236 3730 quondam
1251 3625 1433 3732 majorem
1448 3626 1657 3718 Pontisare,
1671 3643 1716 3703 ut
1726 3626 1927 3716 dicebattu,

503 3761 638 3838 illatis:
656 3759 846 3846 Tandem,
864 3757 994 3834 audito
1011 3758 1112 3834 dicto
1128 3756 1347 3862 liudulpho,
1364 3773 1403 3834 et
1416 3757 1592 3864 inquesta
1606 3785 1720 3865 super
1734 3757 1926 3850 hocfacta,

503 3893 579 3969 visa
594 3907 633 3968 et
645 3890 850 3998 diligenter
864 3889 1086 3977 examinata,
1098 3917 1167 3994 per
1178 3888 1281 3965 curie
1297 3903 1425 3966 nostre
1435 3888 1642 3995 judicium,
1658 3888 1783 3966 dictus
1798 3888 1930 3967 Radul·

504 4023 603 4129 phus
616 4021 726 4098 nobis
741 4022 781 4096 in
797 4038 948 4098 centum
959 4020 1065 4098 libris
1074 4019 1379 4107 Turonensibus,
1393 4037 1431 4096 et
1446 4020 1573 4098 eidem
1589 4019 1773 4098 abbatisse
1794 4021 1833 4098 in
1849 4019 1928 4098 aliis

504 4171 658 4231 centum
675 4153 782 4230 libris
800 4152 1103 4243 Turonensibus,
1122 4179 1191 4258 pro
1212 4151 1387 4240 emenda,
1411 4151 1532 4229 extitit
1552 4152 1863 4258 condempnatus.

559 4285 756 4363 Dominica
777 4301 864 4391 post
883 4282 1160 4361 Assensionem.

558 4550 635 4624 XX.
666 4549 763 4625 Cum
780 4547 1022 4624 demandato
1042 4563 1172 4623 nostro
1192 4544 1285 4622 facta
1305 4545 1437 4624 fuisset
1456 4547 1629 4652 inquesta
1647 4573 1761 4653 snper
1781 4565 1926 4626 contro·

503 4680 620 4755 versia
639 4693 744 4755 mota
765 4678 805 4753 in
831 4679 933 4754 curia
947 4695 1075 4754 nostra
1093 4677 1194 4754 inter
1214 4677 1490 4756 thesaurarium
1514 4676 1794 4756 Sancti-Hilarii
1812 4680 1926 4756 Picta·

504 4809 627 4888 vensis
639 4824 678 4885 et
690 4807 896 4914 capitulum
912 4808 1081 4916 ejusdem
1098 4807 1270 4899 ecclesie,
1287 4838 1399 4915 super
1413 4809 1487 4887 alta
1496 4810 1649 4918 justicia
1660 4808 1773 4916 burgi
1789 4809 1927 4888 Sancti·

504 4938 645 5046 Hylarii
660 4939 901 5030 Pictavensis,
919 4940 1093 5048 dictaque
1108 4940 1296 5048 inquesta,
1318 4942 1365 5020 ad
1382 4961 1549 5022 nostram
1564 4944 1707 5022 curiam
1723 4959 1922 5049 reportata,

505 5070 581 5147 visa
598 5088 635 5148 et
655 5068 856 5179 diligenter
874 5073 1094 5161 examinata,
1117 5073 1311 5152 inventum
1330 5075 1444 5152 fuerit
1462 5105 1562 5165 eam,
1578 5075 1753 5182 pluribus
1774 5075 1822 5152 de
1844 5103 1924 5152 cau-
