4450 6209
781 678 1046 787 sNQotrns
1072 694 1137 767 nr
1163 673 1369 767 rnocts.
1720 680 1795 767 'ars

367 840 465 947 ipsas
483 837 606 916 furcas
626 836 672 915 de
692 837 792 916 dicto
813 866 1011 945 suspenso,
1033 852 1150 957 prout
1166 835 1304 913 melius
1325 830 1408 911 fieri
1434 834 1591 939 poterit,
1619 835 1793 961 resaisiri.
1836 844 1966 900 Pinum
1979 848 2023 911 tv,

404 988 408 1011 ¹
425 968 577 1049 sabbati
596 969 777 1075 predicta.
1897 940 1960 982 '³⁰⁹'

425 1102 475 1181 M.
497 1102 573 1181 Yvo
595 1100 642 1177 de
662 1100 889 1179 Laudunaco
908 1100 1123 1207 reportavit.

423 1366 515 1445 XIII.
546 1366 657 1455 Item,
676 1392 762 1441 cum
776 1364 1044 1441 denunciatum
1056 1362 1188 1440 luisset
1204 1364 1306 1441 curie
1320 1362 1512 1440 senescalli
1525 1361 1798 1469 Petrogoricen-

368 1499 418 1577 sis
436 1497 542 1606 quod
559 1495 759 1575 Girbertus
779 1495 827 1572 de
847 1478 1015 1572 Taminis
1035 1496 1133 1573 duos
1150 1494 1326 1571 bannitos
1345 1474 1511 1583 nostros,
1531 1510 1681 1570 vocatos
1695 1492 1798 1571 Guil-

367 1628 528 1708 lelmum
551 1644 589 1705 et
606 1628 873 1735 Baymundum
889 1626 1046 1716 Adobit,
1063 1642 1317 1733 receptaverat
1329 1626 1375 1701 in
1396 1640 1520 1702 castro
1536 1624 1584 1701 de
1606 1624 1795 1716 Caslucio,

367 1758 538 1840 Gautridi
565 1758 613 1836 de
630 1760 765 1848 Ponte,
790 1771 827 1835 et
846 1758 952 1865 quod
971 1758 1100 1866 bajulo
1121 1774 1250 1835 nostro
1271 1758 1320 1833 de
1340 1757 1507 1843 Serlato,
1527 1755 1681 1833 eosdem
1705 1756 1799 1832 ban-

367 1889 481 1977 nitos,
507 1889 573 1995 qui
593 1916 632 1965 se
652 1889 691 1965 in
711 1887 875 1994 quadam
897 1888 1011 1965 domo
1033 1888 1081 1965 de
1101 1887 1274 1966 Caslucio
1290 1887 1538 1975 intruserant,
1555 1886 1795 2005 insequente,

233 2081 244 2089 .
368 2035 407 2095 et
414 2020 531 2125 ipsos,
550 2046 637 2096 cum
651 2016 818 2095 carrellis
835 2034 873 2094 et
886 2017 1029 2125 sagittis
1046 2046 1085 2093 se
1099 2017 1374 2104 delen'dentes‚=
1385 2041 1516 2121 capere
1531 2044 1617 2092 cum
1631 2018 1708 2094 suis
1723 2046 1798 2093 ser-

366 2149 556 2227 vientibus
566 2166 606 2226 et
623 2149 713 2226 totis
727 2147 868 2225 viribus
881 2147 1101 2245 innittente‚
1121 2148 1242 2224 dictus
1257 2146 1472 2236 Girbertus,
1489 2148 1705 2253 predictum
1719 2149 1800 2226 bos·

365 2279 508 2386 picium
524 2278 683 2365 intrans,
701 2277 822 2355 dictos
838 2278 1015 2356 bannitos
1031 2293 1132 2354 extra
1146 2278 1362 2383 predictum
1381 2276 1593 2383 hospicium
1615 2285 1741 2384 captos
1762 2299 1799 2357 et

367 2410 501 2520 ligatos
514 2438 639 2487 secum
656 2409 780 2500 duxit3
796 2424 850 2498 ct,
865 2438 952 2485 cum
963 2409 1066 2485 idem
1075 2407 1227 2515 bajulus
1242 2409 1368 2514 regius
1380 2410 1535 2485 eosdem
1545 2409 1738 2498 bannitus,
1755 2438 1799 2487 ex

366 2558 472 2650 parte
497 2558 639 2631 nostra,
667 2539 739 2617 sibi
760 2541 962 2647 reddi'per
981 2541 1126 2617 dictum
1145 2539 1364 2618 Girbertum
1389 2541 1617 2647 requireret,
1642 2540 1797 2618 eosdem

367 2672 543 2753 bannitos
558 2670 845 2764 nichilominus,
867 2700 911 2749 ex
930 2688 1034 2779 pane
1050 2688 1195 2761 nostra,
1213 2672 1430 2749 arrestando
1448 2689 1485 2748 et
1498 2670 1661 2778 propriis
1679 2673 1799 2750 mani-

366 2803 439 2882 bus
457 2806 656 2912 capiendo,
674 2805 778 2881 idem
796 2804 994 2884 Girbertus
1009 2804 1109 2911 ipsos
1124 2804 1298 2882 bannitos
1314 2805 1439 2881 eidem
1453 2804 1583 2912 bajulo
1599 2806 1797 2885 restituero

369 2950 408 3012 et
424 2935 586 3014 reddere
606 2936 817 3043 denegavit,
839 2965 910 3013 nec
929 2936 1100 3042 permisit
1118 2935 1222 3044 quod
1237 2937 1339 3013 idem
1354 2936 1504 3046 bajulus
1519 2936 1605 3013 illos
1623 2937 1797 3014 bannitos

367 3092 496 3143 secum
513 3067 669 3145 duceret
685 3067 734 3144 ad
745 3096 932 3144 carcerem
947 3084 1141 3157 nostrum,
1159 3066 1400 3175 prefatusque
1417 3068 1586 3176 bajulus,
1603 3098 1688 3145 cum
1704 3086 1797 3145 tunc

369 3224 446 3273 non
464 3198 649 3304 potuisset
665 3198 786 3277 dictos
799 3198 974 3276 bannitos
990 3226 1119 3275 secum
1134 3196 1289 3290 ducere,
1307 3198 1433 3276 eidem
1447 3198 1624 3277 Girberto
1645 3226 1710 3276 eos
1724 3198 1796 3276 snb

368 3356 485 3405 manu
508 3328 623 3435 Regia
647 3330 918 3407 custodiendos
943 3347 1144 3408 arrestatos
1167 3328 1326 3406 tradidit
1350 3328 1390 3404 in
1415 3330 1653 3417 commanda,
1676 3330 1797 3407 donec

368 3486 436 3565 per
454 3461 701 3547 senescallum
719 3462 1060 3571 Petragoricensem
1080 3461 1140 3538 vel
1158 3478 1289 3570 gentes
1308 3478 1454 3537 nostras
1474 3460 1577 3537 idem
1598 3460 1797 3538 Girbertus

369 3607 466 3667 esset
478 3592 686 3699 requisitus
700 3620 814 3700 super
828 3592 1072 3671 restitucione
1089 3591 1331 3682 eorumdem
1347 3610 1386 3668 et
1398 3592 1539 3669 deinde
1552 3619 1640 3667 cum
1655 3593 1797 3669 denun-

370 3722 507 3800 ciatum
521 3722 652 3801 suisset
671 3724 839 3831 predicte
858 3724 989 3823 curie,
1004 3740 1133 3803 contra
1156 3724 1300 3800 dictum
1317 3721 1560 3812 Gausridum,
1576 3724 1681 3831 quod
1698 3724 1794 3829 ipse,

367 3869 453 3959 post
465 3853 632 3959 predicta
651 3853 746 3931 sacta
765 3879 832 3960 per
854 3854 999 3931 dietum
1019 3854 1258 3948 Girbertum,
1280 3854 1472 3960 predictos
1490 3852 1739 3931 Guillclmum
1760 3873 1799 3933 et

368 3984 651 4094 Raymundum,
676 3985 870 4078 bannitos,
896 4004 1147 4094 receptaverat
1166 3986 1205 4063 in
1225 4015 1295 4064 suo
1316 4002 1435 4063 castro
1456 3986 1504 4061 de
1524 3987 1794 4076 Monte-Forti,

369 4132 407 4193 et
422 4117 529 4224 quod·
547 4116 648 4223 ipsos
664 4116 858 4206 bennitos,
874 4134 961 4224 post
978 4118 1270 4224 requisicionem
1288 4117 1422 4194 factam
1440 4116 1567 4193 eidem
1582 4145 1650 4223 per
1668 4136 1798 4226 gentes

368 4264 638 4354 nostrassuper
649 4247 894 4325 restitucione
915 4248 1085 4353 ipsorum
1103 4248 1246 4341 eisdem
1262 4247 1441 4358 gentibus
1455 4250 1593 4325 nostris
1608 4246 1794 4338 facienda,

369 4376 471 4457 abire
481 4380 672 4485 permisit:
687 4380 813 4486 Super
821 4378 1001 4486 predictis
1017 4379 1270 4469 denuncietis,
1289 4380 1427 4457 auditis
1442 4381 1612 4487 ejusdem
1625 4377 1798 4457 Gauiridi

370 4507 673 4601 defensionibus,
694 4508 800 4587 lactis
821 4511 1004 4617 inquestis
1022 4528 1060 4587 et
1076 4539 1147 4616 per
1165 4528 1332 4587 nostram
1353 4510 1496 4590 curiam
1520 4509 1721 4616 diligenter
1744 4510 1798 4586 vi-

370 4642 438 4736 sis,
463 4643 552 4749 quia
574 4644 769 4721 inventum
788 4643 861 4721 suit
877 4646 948 4749 'per
968 4643 1084 4721 dictas
1101 4643 1295 4749 inquestas
1318 4641 1425 4749 quod
1450 4638 1547 4719 dicta
1572 4642 1797 4720 denunciata

369 4770 599 4851 sufficienter
611 4773 778 4871 luerunt
800 4773 975 4880 probata,
1003 4789 1042 4849 et
1065 4774 1171 4881 quod
1191 4774 1315 4853 dictus
1334 4773 1545 4851 Gaulridns·
1557 4773 1682 4851 omnia
1701 4774 1796 4852 sacta

369 4928 438 5007 per
457 4901 603 4980 dictum
627 4902 867 4993 Girbertum,
892 4920 937 4980 ut
953 4896 1199 5009 premittitur,
1219 4922 1413 5012 tamquam
1432 4932 1499 5011 per
1519 4903 1647 4981 locum
1665 4921 1797 4982 tenen·

370 5048 449 5109 tem
468 5020 580 5111 suum
602 5051 641 5112 et
656 5035 813 5114 nomine
833 5034 952 5141 ipsius
970 5033 1142 5115 Gauiridi
1162 5035 1272 5129 sada,
1294 5035 1478 5125 edvoavit,
1495 5051 1618 5113 totum
1639 5064 1737 5112 onus
1756 5036 1795 5112 in
