4450 6209
501 717 576 793 2811
1075 716 1176 787 -LES
1206 714 1346 787 OLlM.

278 880 407 931 Persou
419 876 463 939 tv,
557 862 649 939 llVl.
680 862 795 946 Cum,
815 860 855 935 in
873 885 982 933 causa
1000 872 1102 933 mota
1122 882 1247 931 coram
1264 854 1455 960 preposito
1476 854 1798 962 Sancti-Maglorii
1820 857 1923 933 Pari-

339 970 401 1011 Μ’
501 992 633 1069 siensis
652 993 751 1067 inter
766 986 1015 1067 Guillelmum
1037 986 1086 1062 de
1105 986 1386 1074 Parvo-Ponte,
1405 985 1627 1064 Geraudum
1642 984 1854 1063 Theobaldi
1870 987 1919 1065 de

503 1122 716 1211 Florencia,
733 1147 777 1195 ex
792 1146 866 1195 una
880 1135 1003 1224 parte,
1019 1132 1056 1193 et
1069 1116 1320 1195 Guillelmum
1336 1116 1584 1221 Chapiausac‚
1605 1144 1646 1193 ex
1664 1115 1797 1205 altera,
1811 1146 1921 1223 super

503 1251 636 1332 saisina
655 1248 888 1357 percipiendi
912 1248 1158 1355 quadraginta
1176 1264 1214 1323 et
1228 1263 1313 1323 octo
1329 1246 1470 1325 solidos
1485 1246 1602 1323 annui
1619 1245 1791 1323 redditus
1810 1276 1922 1354 super

504 1384 619 1460 domo
631 1380 834 1461 Clementis
842 1380 878 1456 le
890 1381 1040 1471 Famer,
1052 1378 1175 1455 dictus
1189 1378 1415 1484 prepositus,
1429 1404 1496 1484 per
1507 1406 1618 1455 suum
1624 1378 1830 1483 judicium,
1845 1409 1922 1484 pro·

502 1513 717 1592 nunciasset
736 1510 881 1589 dictum
899 1510 1131 1617 Chapiausac
1154 1510 1192 1584 in
1212 1509 1346 1585 saisina
1360 1509 1529 1615 predicta
1548 1534 1743 1585 remanere
1765 1508 1920 1603 debere,

414 1706 418 1717 .
502 1642 602 1721 salva
612 1670 727 1748 super
745 1643 819 1719 boc
831 1641 928 1748 parti
940 1642 1093 1719 adverse
1106 1639 1345 1746 proprietatis
1358 1640 1573 1746 questione,
1592 1656 1629 1717 et
1644 1639 1690 1715 ab
1704 1639 1922 1746 hujusmodi

498 1774 684 1883 judicato,
706 1789 900 1877 tamquam
919 1771 1014 1849 falso
1034 1788 1072 1848 et
1089 1797 1222 1877 pravo,
1244 1770 1341 1845 dicta
1360 1798 1460 1875 pars,
1481 1798 1557 1877 que
1577 1786 1703 1847 contra
1722 1798 1761 1847 se
1783 1769 1923 1847 dictum

501 1905 712 2012 judicatum
733 1904 932 1992 hdsuerat,
950 1903 998 1978 ad
1017 1902 1252 2009 prepositum
1263 1900 1509 1978 Parisiensem
1530 1899 1771 2007 appellasset,
1788 1900 1924 1978 dictus-

505 2064 581 2141 que
593 2034 806 2141 prepositus
815 2033 1041 2123 Parisiensis,
1055 2034 1095 2108 in
1105 2060 1214 2107 causa
1224 2032 1323 2109 dicte
1334 2030 1600 2137 appellacionis
1613 2031 1838 2138 procedens,
1850 2060 1925 2138 prc-

507 2166 650 2243 dictum
660 2164 872 2272 judicatum
888 2164 1166 2255 confirmasset,
1182 2164 1355 2252 tandem,
1374 2190 1394 2239 a
1412 2162 1502 2239 dicti
1518 2162 1696 2270 prepositi
1711 2162 1925 2240 Parisiensis

502 2296 670 2402 judicato
698 2295 918 2403 hujusmodi
944 2294 1245 2383 confirmatorio,
1267 2310 1459 2401 tamquam
1484 2294 1576 2371 salso
1598 2310 1635 2373 et
1653 2322 1784 2401 pravo,
1807 2295 1925 2371 dictus

506 2425 736 2509 Guillelmus
747 2426 794 2501 de
807 2426 1054 2503 ParvoPonte
1067 2425 1114 2502 ad
1132 2442 1298 2501 nostram
1312 2424 1453 2501 curiam
1469 2424 1689 2530 appellavit:
1705 2424 1925 2531 Auditisigi-

507 2576 579 2647 tur,
600 2556 639 2632 in
662 2583 771 2632 causa
790 2554 888 2633 dicte
913 2555 1194 2663 appellacionis‚
1215 2554 1392 2661 predictis
1408 2555 1575 2661 partibus
1595 2572 1634 2633 et
1649 2555 1736 2637 visis
1753 2554 1927 2661 processi·

506 2688 581 2765 bus
595 2687 813 2778 antedictis,
829 2714 898 2793 per
915 2687 1018 2764 curie
1033 2702 1160 2763 nostre
1174 2685 1379 2792 judicium,
1400 2686 1543 2763 dictum
1558 2685 1629 2763 luit
1642 2685 1831 2791 predictos
1846 2712 1926 2791 pre-

509 2818 652 2923 positos
667 2817 765 2893 bene
781 2815 969 2921 judicasse
990 2833 1028 2894 et
1048 2816 1192 2893 dictum
1214 2814 1464 2894 Guillelmum
1486 2814 1533 2893 de
1551 2819 1665 2895 Parvo
1673 2818 1811 2895 -Ponte
1831 2814 1925 2893 male

511 2946 732 3053 appellasse,
753 2964 792 3023 et
810 2947 915 3052 quod
934 2946 1013 3053 ipse
1033 2946 1108 3023 hoc
1131 2945 1358 3023 emendabit.

566 3077 742 3153 Mer-cmii
755 3095 841 3183 post
857 3076 1116 3155 Candelosam

568 3207 725 3289 Cuillier
741 3210 954 3315 reportavit.

565 3473 672 3552 XVll.
695 3471 790 3549 Cum
806 3488 906 3547 mota
919 3468 1050 3547 luisset
1065 3498 1174 3547 causa
1189 3497 1313 3548 coram
1326 3470 1517 3577 preposito
1531 3470 1741 3563 Parisiensi,
1755 3472 1930 3551 interAn·

511 3602 674 3680 selmum
693 3600 741 3677 de
762 3601 957 3689 Hocherii‚
972 3588 1126 3678 nomine
1146 3602 1330 3694 lohanne‚
1348 3604 1476 3679 uxoris
1496 3631 1579 3695 sue,
1596 3632 1640 3681 ex
1659 3620 1874 3711 unapa1te‚
1893 3621 1930 3681 et

512 3734 730 3837 magistrum
751 3732 918 3807 Yvonem
934 3731 981 3807 de
1002 3732 1161 3820 Herbet,
1179 3750 1371 3837 gerentem
1389 3762 1428 3810 se
1450 3762 1517 3839 pro
1538 3750 1706 3811 curatore
1721 3733 1809 3810 dato
1822 3732 1931 3811 bonis

512 3862 646 3937 Hervei
671 3861 720 3937 de
740 3862 1102 3948 Sancto-Renancio,
1122 3879 1215 3939 tunc
1234 3864 1417 3957 absentis,
1443 3892 1487 3940 ex
1505 3864 1640 3954 altera,
1663 3892 1775 3971 super
1799 3865 1931 3943 saisina

436 3987 439 3994 ’
512 3992 765 4099 quorumdam
786 3992 974 4069 bonorum
1003 3991 1257 4071 immobilium
1280 4024 1353 4101 que
1378 3992 1536 4073 fuerunt'
1557 3994 1733 4073 defuncte
1756 3996 1940 4087 Aveline,

513 4122 704 4229 quondam
724 4120 804 4198 lilie
824 4121 923 4199 dicte
941 4122 1133 4211 Jobanne,
1152 4140 1191 4200 et
1207 4153 1319 4230 super
1338 4124 1522 4203 fructibus
1535 4145 1573 4204 et
1585 4126 1748 4205 exitibus
1766 4154 1809 4203 ex
1824 4125 1931 4204 dictis

511 4253 622 4331 bonis
640 4282 707 4360 per
723 4251 866 4331 dictum
884 4251 1105 4331 Anselmum
1122 4256 1324 4361 perceptis,
1343 4274 1396 4348 et,
1419 4256 1458 4332 in
1479 4285 1586 4336 causa
1601 4257 1836 4366 hujusmodi,
1856 4259 1931 4335 dic-

510 4392 572 4462 tus
588 4384 800 4490 prepositus
815 4384 1021 4491 procedens
1035 4384 1247 4494 judicatum
1267 4417 1380 4465 suum
1394 4378 1541 4467 tulisset
1553 4418 1621 4495 pro
1638 4390 1739 4467 dicto
1755 4391 1931 4497 magistro

511 4516 638 4591 Yvone
669 4533 796 4631 contra
823 4514 1299 4623 Anselmumpredictum,
1321 4535 1358 4595 et
1378 4548 1398 4596 a
1418 4518 1519 4596 dicto
1535 4520 1720 4626 judicato,
1741 4537 1932 4627 tamquam

512 4642 603 4721 falso
620 4661 657 4721 et
670 4673 802 4751 pravo,
820 4646 943 4723 dictus
956 4644 1158 4726 Anselmus
1171 4648 1216 4726 ad
1235 4665 1400 4727 nostram
1416 4650 1558 4726 curiam
1574 4650 1818 4757 appellasset:
1836 4654 1931 4728 Tan·

515 4773 621 4862 dem,
643 4774 682 4849 in
707 4804 815 4852 causa
834 4776 934 4853 dicte
954 4777 1216 4884 appellacionis
1233 4780 1379 4857 auditis
1391 4780 1560 4886 partibus
1585 4798 1623 4858 et
1642 4782 1729 4859 visis
1748 4782 1930 4887 processi-

513 4902 587 4979 bus
601 4903 814 4993 antedictis,
829 4935 896 5010 per
909 4906 1013 4984 curie
1025 4926 1151 4986 nostre
1161 4909 1366 5018 judicium,
1384 4911 1529 4989 dictum
1539 4911 1611 4989 fuit
1622 4912 1835 5017 predictum
1849 4938 1931 5017 pre·

514 5032 678 5139 positum
704 5032 802 5110 male
822 5034 1026 5141 judicasse,
1048 5056 1087 5117 ct
1110 5039 1252 5116 dictum
1277 5040 1498 5119 Anselmum
1523 5042 1621 5119 bene
1646 5040 1867 5148 appellasse,
1895 5059 1932 5118 et
