4450 6209
743 672 1101 781 nuoutrnsnr
1126 671 1334 765 raoets.
1682 695 1749 765 tor

329 853 510 943 tanquam
523 862 544 911 a
559 860 671 939 pravo
687 848 725 910 et
735 831 846 925 salso,
862 830 1121 911 dictaP'erona
1134 832 1183 908 ad
1195 847 1362 909 nostram
1377 830 1520 907 cunam
1536 828 1754 938 appellarit:
1794 834 1980 914 pennalt,

330 967 518 1056 Tandem,
541 960 863 1071 super'premissis
883 960 1075 1071 inquens,
1100 961 1149 1041 de
1169 963 1347 1040 mandato
1362 963 1474 1040 'curie
1498 980 1626 1041 nosue
1640 962 1757 1052 lacta,
1855 939 1919 985 Μ’

328 1100 403 1177 visa
417 1114 454 1176 et
465 1095 664 1204 diligenter
677 1096 901 1187 examinata,
914 1122 982 1203 per
993 1094 1094 1171 curie
1109 1112 1236 1173 nostre
1243 1093 1431 1202 judicium
1442 1154 1452 1183 ‚
1464 1094 1757 1200 pronunciatum

330 1230 449 1307 extitit
468 1226 655 1334 prelatum
674 1225 852 1305 ballivum
874 1226 972 1303 male
987 1242 1025 1303 et
1041 1226 1168 1332 inepte
1183 1225 1466 1332 pronunciasse,
1489 1242 1527 1301 et
1546 1225 1754 1330 predictam

329 1360 511 1437 Peronam
542 1358 641 1435 bene
667 1358 887 1466 appellasse,
912 1356 1013 1435 salvo
1040 1375 1168 1434 tamen
1192 1356 1360 1463 predicte
1387 1354 1559 1435 lohanne
1577 1357 1667 1464 'jure
1682 1358 1755 1436 sibi

330 1505 567 1596 competente
594 1504 722 1564 contra
748 1487 886 1567 dictam
905 1488 1089 1565 Peronam
1111 1502 1149 1563 et
1167 1504 1296 1564 contra
1316 1513 1576 1593 quoscumque
1600 1485 1693 1571 alios
1714 1489 1754 1564 in

329 1619 506 1699 omnibus
520 1618 632 1698 honis
646 1647 721 1727 que
737 1618 892 1697 luerunt
906 1618 1073 1726 predicte
1093 1615 1255 1706 Alaidis,
1278 1617 1456 1695 defuncte
1466 1618 1603 1695 matris
1617 1620 1696 1695 sne.

384 1755 489 1829 Lune
509 1768 596 1857 post
613 1750 778 1829 mediam
800 1751 1150 1859 Quadragesimam.
1183 1779 1187 1793 ·

383 1883 432 1961 Μ.
454 1879 567 1959 Allou
587 1882 799 1988 reportavit.

383 2148 424 2224 L.
453 2148 628 2255 Inquesta
649 2145 742 2223 lacta
769 2146 817 2222 ad
839 2144 1058 2222 instanciam
1076 2142 1274 2253 ilyquelini
1298 2142 1495 2223 Guill'elmi
1524 2144 1571 2220 de
1600 2144 1751 2251 Sparra,

327 2304 439 2384 super
458 2276 748 2383 recuperacione
767 2275 874 2353 castri
894 2292 932 2352 et
947 2291 1046 2353 terre
1065 2272 1114 2353 de
1132 2276 1285 2381 Sparra,
1303 2274 1378 2352 visa
1397 2291 1436 2351 et
1453 2273 1656 2381 diligenter
1673 2302 1756 2353 era·

327 2408 485 2499 minata,
505 2424 658 2514 propter
682 2407 762 2514 ejus
780 2406 963 2496 delectus,
983 2432 1051 2510 per
1068 2406 1170 2481 curie
1187 2423 1314 2482 nostre
1329 2404 1537 2511 judicium,
1557 2403 1629 2483 fuit
1644 2405 1754 2481 anul-

314 2535 417 2626 ·lata‚
439 2554 477 2615 et
496 2538 629 2616 iterato
652 2535 820 2613 facienda
841 2552 913 2627 est,
938 2534 1076 2614 vocatis
1091 2551 1335 2642 procuratore
1358 2550 1489 2611 nostro
1507 2550 1545 2611 et
1566 2533 1756 2612 aliisero-

325 2667 466 2746 caudis.

381 2798 489 2877 Lune
506 2798 593 2906 post
611 2798 778 2875 mediam
798 2795 1144 2907 Quadragesimam.

380 2932 491 3007 Facta
508 2946 564 3009 est
580 2926 794 3009 commissio
812 2956 928 3037 super
943 2930 1016 3007 hoc
1032 2927 1081 3006 ad
1097 2927 1345 3007 smmscallum
1362 2928 1601 3029 Vasconieet
1617 2927 1753 3007 Girau-

327 3064 418 3141 dum
438 3061 611 3172 Balayne.

382 3298 440 3404 LI.¹
472 3328 647 3433 lnquesta
665 3324 758 3402 lacta
777 3341 906 3404 contra
926 3325 1138 3402 iohannem
1156 3323 1367 3416 Blondelli,
1387 3326 1623 3430 prepositum
1640 3327 1751 3405 Mon·

325 3457 596 3549 tis-Letherici,
616 3483 731 3562 super
749 3455 917 3563 eoquod
937 3454 1132 3533 dicebatur
1154 3455 1282 3561 ipsum
1300 3453 1556 3561 negligentem
1576 3454 1692 3533 luisse
1709 3460 1749 3533 in

326 3589 507 3695 capiendo
531 3588 743 3665 lohannem
761 3586 956 3675 Fumerii,
975 3585 1198 3666 servientem
1223 3613 1352 3676 suum,
1371 3585 1437 3691 qui
1457 3584 1654 3664 dicebatur
1668 3586 1750 3663 vul·

324 3746 471 3799 nerassc
499 3716 720 3826 Dyonisium
746 3717 782 3795 le
800 3716 946 3809 Goulu,
967 3734 1168 3825 postquam
1196 3716 1276 3822 ipse
1300 3714 1505 3822 Dyonisius
1522 3715 1646 3793 eidem
1673 3746 1750 3797 ser-

323 3850 437 3928 vienti
456 3878 495 3929 se
513 3850 732 3929 reddiderat
749 3866 788 3927 et
801 3878 903 3927 arma
919 3878 1001 3939 sua,
1023 3848 1099 3928 visa
1120 3866 1158 3926 et
1176 3847 1382 3956 diligenter
1397 3847 1625 3939 examinata,
1644 3848 1748 3927 idem

324 3983 557 4089 prepositus,
581 4008 649 4088 per
665 3980 770 4058 curie
789 3998 917 4059 nostre
935 3979 1143 4090 judicium,
1166 3977 1464 4085 condempnatus
1481 3978 1556 4057 fuit
1577 3980 1688 4061 nobis
1709 3988 1749 4058 in

326 4112 497 4192 ducentis
514 4112 620 4191 libris
634 4113 903 4191 Parisiensibus
916 4140 985 4219 pro
1001 4110 1178 4202 emenda,
1196 4130 1235 4189 et
1256 4112 1304 4189 ad
1319 4110 1521 4189 tenendam
1539 4112 1748 4217 prisionem

325 4244 509 4323 firmatam
524 4272 593 4352 per
608 4242 704 4321 duos
722 4270 887 4334 menses,
907 4242 1087 4333 Parisius,
1112 4244 1153 4319 in
1174 4241 1376 4321 Castelleto
1399 4260 1530 4321 nostro
1547 4260 1585 4319 et
1609 4243 1658 4319 ad
1678 4242 1749 4319 sol·

325 4377 488 4455 rendum
505 4374 722 4483 quindecim
739 4374 854 4452 libras
868 4374 1094 4453 Parisienses
1105 4403 1176 4481 pro
1196 4374 1366 4480 expensis
1383 4372 1603 4450 auditorum
1621 4390 1661 4449 et
1673 4389 1748 4449 tes-

325 4506 417 4583 tium
437 4507 611 4616 inqueste
628 4506 809 4614 predicte.

378 4640 490 4718 Lune
502 4638 685 4747 predicta.

379 4904 454 4982 Lll.
485 4906 660 5013 lnquesta
685 4902 858 4982 inchoa-ta
879 4901 980 4980 inter
1002 4902 1181 4980 comitem
1208 4898 1579 4992 Clementem,
1606 4926 1651 4977 ex
1671 4928 1747 4977 una

328 5052 447 5137 parte,
471 5052 510 5115 et
531 5034 737 5143 capitulum
762 5034 1005 5126 Belvacense,
1034 5060 1079 5113 ex
1100 5034 1232 5124 altera,
1254 5060 1368 5139 super
1385 5032 1499 5140 garda
1522 5050 1560 5110 et
1581 5046 1746 5111 ressorto
1874 5132 1882 5140 ι
