<?xml version="1.0" encoding="UTF-8"?>
<!DOCTYPE html PUBLIC "-//W3C//DTD XHTML 1.0 Transitional//EN"
    "http://www.w3.org/TR/xhtml1/DTD/xhtml1-transitional.dtd">
<html xmlns="http://www.w3.org/1999/xhtml" xml:lang="en" lang="en">
 <head>
  <title>
</title>
<meta http-equiv="Content-Type" content="text/html;charset=utf-8" />
  <meta name='ocr-system' content='tesseract 3.04.00' />
  <meta name='ocr-capabilities' content='ocr_page ocr_carea ocr_par ocr_line ocrx_word'/>
</head>
<body>
  <div class='ocr_page' id='page_1' title='image "./lesolimouregist00parigoog_0221.png"; bbox 0 0 4450 6209; ppageno 0'>
   <div class='ocr_carea' id='block_1_1' title="bbox 523 711 1368 788">
    <p class='ocr_par' dir='ltr' id='par_1_1' title="bbox 523 711 1368 788">
     <span class='ocr_line' id='line_1_1' title="bbox 523 711 1368 788; baseline 0 -2"><span class='ocrx_word' id='word_1_1' title='bbox 523 716 593 786; x_wconf 81' lang='lat'><strong>122</strong></span> <span class='ocrx_word' id='word_1_2' title='bbox 1107 715 1198 786; x_wconf 79' lang='lat' dir='ltr'><strong>LES</strong></span> <span class='ocrx_word' id='word_1_3' title='bbox 1228 711 1368 788; x_wconf 89' lang='lat' dir='ltr'>OLIM.</span> 
     </span>
    </p>
   </div>
   <div class='ocr_carea' id='block_1_2' title="bbox 289 852 1974 2915">
    <p class='ocr_par' dir='ltr' id='par_1_2' title="bbox 289 852 1974 2915">
     <span class='ocr_line' id='line_1_2' title="bbox 289 852 1951 964; baseline 0.005 -33"><span class='ocrx_word' id='word_1_4' title='bbox 289 865 479 926; x_wconf 65' lang='lat' dir='ltr'><strong>rorensem,</strong></span> <span class='ocrx_word' id='word_1_5' title='bbox 517 854 685 964; x_wconf 80' lang='lat' dir='ltr'><strong>genteria</strong></span> <span class='ocrx_word' id='word_1_6' title='bbox 715 852 1281 946; x_wconf 75' lang='lat' dir='ltr'><strong>Sancti-Hilarii-le-Hascuit,</strong></span> <span class='ocrx_word' id='word_1_7' title='bbox 1309 871 1438 936; x_wconf 90' lang='lat' dir='ltr'><strong>contra</strong></span> <span class='ocrx_word' id='word_1_8' title='bbox 1463 855 1660 936; x_wconf 86' lang='lat' dir='ltr'><strong>Galterum</strong></span> <span class='ocrx_word' id='word_1_9' title='bbox 1684 857 1883 948; x_wconf 85' lang='lat' dir='ltr'><strong>Corbelin,</strong></span> <span class='ocrx_word' id='word_1_10' title='bbox 1911 891 1951 939; x_wconf 85' lang='lat' dir='ltr'><strong>ex</strong></span> 
     </span>
     <span class='ocr_line' id='line_1_3' title="bbox 353 957 1952 1094; baseline 0.005 -31"><span class='ocrx_word' id='word_1_11' title='bbox 353 957 416 999; x_wconf 49' lang='grc' dir='ltr'><strong>Μ’</strong></span> <span class='ocrx_word' id='word_1_12' title='bbox 519 985 786 1076; x_wconf 83' lang='lat' dir='ltr'><strong>commissione</strong></span> <span class='ocrx_word' id='word_1_13' title='bbox 806 1003 949 1075; x_wconf 86' lang='lat' dir='ltr'><strong>nostra,</strong></span> <span class='ocrx_word' id='word_1_14' title='bbox 971 1016 1040 1094; x_wconf 88' lang='lat' dir='ltr'><strong>per</strong></span> <span class='ocrx_word' id='word_1_15' title='bbox 1058 1005 1180 1069; x_wconf 90' lang='lat' dir='ltr'><strong>certos</strong></span> <span class='ocrx_word' id='word_1_16' title='bbox 1200 987 1394 1069; x_wconf 75' lang='lat' dir='ltr'><strong>auditores</strong></span> <span class='ocrx_word' id='word_1_17' title='bbox 1411 987 1546 1072; x_wconf 75' lang='lat' dir='ltr'><strong>lactem</strong></span> <span class='ocrx_word' id='word_1_18' title='bbox 1567 1004 1606 1069; x_wconf 88' lang='lat' dir='ltr'><strong>et</strong></span> <span class='ocrx_word' id='word_1_19' title='bbox 1626 989 1729 1068; x_wconf 89' lang='lat' dir='ltr'><strong>curie</strong></span> <span class='ocrx_word' id='word_1_20' title='bbox 1744 1008 1871 1070; x_wconf 77' lang='lat' dir='ltr'><strong>nostre</strong></span> <span class='ocrx_word' id='word_1_21' title='bbox 1897 1023 1952 1071; x_wconf 90' lang='lat' dir='ltr'><strong>re·</strong></span> 
     </span>
     <span class='ocr_line' id='line_1_4' title="bbox 519 1118 1948 1227; baseline 0.003 -30"><span class='ocrx_word' id='word_1_22' title='bbox 519 1136 721 1226; x_wconf 84' lang='lat' dir='ltr'><strong>portatam,</strong></span> <span class='ocrx_word' id='word_1_23' title='bbox 750 1118 868 1198; x_wconf 85' lang='lat' dir='ltr'><strong>rideri</strong></span> <span class='ocrx_word' id='word_1_24' title='bbox 897 1137 1045 1225; x_wconf 88' lang='lat' dir='ltr'><strong>peteret</strong></span> <span class='ocrx_word' id='word_1_25' title='bbox 1071 1137 1111 1197; x_wconf 89' lang='lat' dir='ltr'><strong>et</strong></span> <span class='ocrx_word' id='word_1_26' title='bbox 1130 1119 1315 1227; x_wconf 80' lang='lat' dir='ltr'><strong>judicari3</strong></span> <span class='ocrx_word' id='word_1_27' title='bbox 1342 1137 1379 1199; x_wconf 86' lang='lat' dir='ltr'><strong>et</strong></span> <span class='ocrx_word' id='word_1_28' title='bbox 1407 1138 1578 1200; x_wconf 89' lang='lat' dir='ltr'><strong>econtra</strong></span> <span class='ocrx_word' id='word_1_29' title='bbox 1605 1118 1729 1201; x_wconf 89' lang='lat' dir='ltr'><strong>dictus</strong></span> <span class='ocrx_word' id='word_1_30' title='bbox 1756 1122 1948 1216; x_wconf 86' lang='lat' dir='ltr'><strong>Galterns,</strong></span> 
     </span>
     <span class='ocr_line' id='line_1_5' title="bbox 517 1250 1949 1359; baseline 0.002 -28"><span class='ocrx_word' id='word_1_31' title='bbox 517 1250 693 1358; x_wconf 89' lang='lat' dir='ltr'><strong>pluribus</strong></span> <span class='ocrx_word' id='word_1_32' title='bbox 704 1251 925 1340; x_wconf 80' lang='lat' dir='ltr'><strong>¹nacionibus</strong></span> <span class='ocrx_word' id='word_1_33' title='bbox 944 1271 1161 1358; x_wconf 85' lang='lat' dir='ltr'><strong>proponens</strong></span> <span class='ocrx_word' id='word_1_34' title='bbox 1182 1251 1321 1330; x_wconf 92' lang='lat' dir='ltr'><strong>dictam</strong></span> <span class='ocrx_word' id='word_1_35' title='bbox 1346 1253 1561 1359; x_wconf 83' lang='lat' dir='ltr'><strong>inquestam</strong></span> <span class='ocrx_word' id='word_1_36' title='bbox 1586 1268 1624 1331; x_wconf 89' lang='lat' dir='ltr'><strong>et</strong></span> <span class='ocrx_word' id='word_1_37' title='bbox 1647 1254 1949 1336; x_wconf 75' lang='lat' dir='ltr'>commissionem</span> 
     </span>
     <span class='ocr_line' id='line_1_6' title="bbox 517 1382 1948 1493; baseline 0.004 -33"><span class='ocrx_word' id='word_1_38' title='bbox 517 1382 725 1491; x_wconf 84' lang='lat' dir='ltr'><strong>predictam</strong></span> <span class='ocrx_word' id='word_1_39' title='bbox 756 1382 901 1461; x_wconf 89' lang='lat' dir='ltr'><strong>dehere</strong></span> <span class='ocrx_word' id='word_1_40' title='bbox 927 1383 1096 1463; x_wconf 88' lang='lat' dir='ltr'><strong>totaliter</strong></span> <span class='ocrx_word' id='word_1_41' title='bbox 1131 1383 1312 1473; x_wconf 87' lang='lat' dir='ltr'><strong>anullari,</strong></span> <span class='ocrx_word' id='word_1_42' title='bbox 1343 1412 1460 1492; x_wconf 90' lang='lat' dir='ltr'><strong>seque</strong></span> <span class='ocrx_word' id='word_1_43' title='bbox 1492 1384 1590 1465; x_wconf 84' lang='lat' dir='ltr'><strong>dicta</strong></span> <span class='ocrx_word' id='word_1_44' title='bbox 1625 1386 1844 1493; x_wconf 75' lang='lat' dir='ltr'><strong>serjenteria</strong></span> <span class='ocrx_word' id='word_1_45' title='bbox 1872 1389 1948 1466; x_wconf 90' lang='lat' dir='ltr'><strong>sine</strong></span> 
     </span>
     <span class='ocr_line' id='line_1_7' title="bbox 518 1514 1946 1623; baseline 0.005 -31"><span class='ocrx_word' id='word_1_46' title='bbox 518 1543 629 1594; x_wconf 88' lang='lat' dir='ltr'><strong>cause</strong></span> <span class='ocrx_word' id='word_1_47' title='bbox 653 1514 873 1623; x_wconf 84' lang='lat' dir='ltr'><strong>cognicione</strong></span> <span class='ocrx_word' id='word_1_48' title='bbox 894 1532 932 1596; x_wconf 88' lang='lat' dir='ltr'><strong>et</strong></span> <span class='ocrx_word' id='word_1_49' title='bbox 952 1533 1081 1593; x_wconf 87' lang='lat' dir='ltr'><strong>contra</strong></span> <span class='ocrx_word' id='word_1_50' title='bbox 1100 1523 1222 1622; x_wconf 86' lang='lat' dir='ltr'><strong>patrie</strong></span> <span class='ocrx_word' id='word_1_51' title='bbox 1240 1516 1560 1598; x_wconf 82' lang='lat' dir='ltr'><strong>consuetudinem</strong></span> <span class='ocrx_word' id='word_1_52' title='bbox 1580 1516 1802 1600; x_wconf 89' lang='lat' dir='ltr'><strong>desaisitum</strong></span> <span class='ocrx_word' id='word_1_53' title='bbox 1821 1517 1946 1608; x_wconf 71' lang='lat' dir='ltr'><strong>trisse,</strong></span> 
     </span>
     <span class='ocr_line' id='line_1_8' title="bbox 517 1648 1948 1758; baseline 0.006 -35"><span class='ocrx_word' id='word_1_54' title='bbox 517 1648 728 1756; x_wconf 80' lang='lat' dir='ltr'><strong>requireret</strong></span> <span class='ocrx_word' id='word_1_55' title='bbox 750 1648 875 1752; x_wconf 88' lang='lat' dir='ltr'><strong>quod,</strong></span> <span class='ocrx_word' id='word_1_56' title='bbox 903 1648 1081 1728; x_wconf 86' lang='lat' dir='ltr'><strong>anullatis</strong></span> <span class='ocrx_word' id='word_1_57' title='bbox 1104 1648 1370 1736; x_wconf 79' lang='lat' dir='ltr'><strong>commissione</strong></span> <span class='ocrx_word' id='word_1_58' title='bbox 1393 1664 1432 1728; x_wconf 90' lang='lat' dir='ltr'><strong>et</strong></span> <span class='ocrx_word' id='word_1_59' title='bbox 1454 1649 1628 1756; x_wconf 81' lang='lat' dir='ltr'><strong>inquesta</strong></span> <span class='ocrx_word' id='word_1_60' title='bbox 1650 1650 1848 1757; x_wconf 77' lang='lat' dir='ltr'><strong>predictis,</strong></span> <span class='ocrx_word' id='word_1_61' title='bbox 1873 1652 1948 1758; x_wconf 87' lang='lat' dir='ltr'><strong>ipse</strong></span> 
     </span>
     <span class='ocr_line' id='line_1_9' title="bbox 517 1780 1949 1889; baseline 0.003 -33"><span class='ocrx_word' id='word_1_62' title='bbox 517 1796 767 1886; x_wconf 82' lang='lat' dir='ltr'><strong>reponeretur</strong></span> <span class='ocrx_word' id='word_1_63' title='bbox 789 1780 829 1857; x_wconf 91' lang='lat' dir='ltr'><strong>in</strong></span> <span class='ocrx_word' id='word_1_64' title='bbox 843 1780 979 1859; x_wconf 78' lang='lat' dir='ltr'><strong>saisina</strong></span> <span class='ocrx_word' id='word_1_65' title='bbox 994 1786 1221 1889; x_wconf 56' lang='lat' dir='ltr'><strong>serpentaria</strong></span> <span class='ocrx_word' id='word_1_66' title='bbox 1242 1781 1454 1889; x_wconf 88' lang='lat' dir='ltr'><strong>supradicte</strong></span> <span class='ocrx_word' id='word_1_67' title='bbox 1469 1780 1691 1874; x_wconf 87' lang='lat' dir='ltr'><strong>:·Tandem,</strong></span> <span class='ocrx_word' id='word_1_68' title='bbox 1712 1782 1850 1864; x_wconf 85' lang='lat' dir='ltr'><strong>auditis</strong></span> <span class='ocrx_word' id='word_1_69' title='bbox 1864 1784 1949 1864; x_wconf 88' lang='lat' dir='ltr'><strong>hinc</strong></span> 
     </span>
     <span class='ocr_line' id='line_1_10' title="bbox 518 1911 1949 2021; baseline 0.003 -33"><span class='ocrx_word' id='word_1_70' title='bbox 518 1911 610 1994; x_wconf 90' lang='lat' dir='ltr'><strong>inde</strong></span> <span class='ocrx_word' id='word_1_71' title='bbox 635 1912 854 2018; x_wconf 83' lang='lat' dir='ltr'><strong>propositis,</strong></span> <span class='ocrx_word' id='word_1_72' title='bbox 881 1912 1033 2019; x_wconf 83' lang='lat' dir='ltr'><strong>visaque</strong></span> <span class='ocrx_word' id='word_1_73' title='bbox 1062 1913 1162 1995; x_wconf 89' lang='lat' dir='ltr'><strong>dicta</strong></span> <span class='ocrx_word' id='word_1_74' title='bbox 1188 1914 1379 2021; x_wconf 84' lang='lat' dir='ltr'><strong>inquesta,</strong></span> <span class='ocrx_word' id='word_1_75' title='bbox 1406 1942 1557 1992; x_wconf 82' lang='lat' dir='ltr'><strong>necnon</strong></span> <span class='ocrx_word' id='word_1_76' title='bbox 1582 1912 1851 1992; x_wconf 83' lang='lat' dir='ltr'><strong>commissione</strong></span> <span class='ocrx_word' id='word_1_77' title='bbox 1871 1943 1949 2021; x_wconf 88' lang='lat' dir='ltr'><strong>pre·</strong></span> 
     </span>
     <span class='ocr_line' id='line_1_11' title="bbox 518 2043 1948 2154; baseline 0.001 -32"><span class='ocrx_word' id='word_1_78' title='bbox 518 2043 634 2135; x_wconf 82' lang='lat' dir='ltr'><strong>dicta,</strong></span> <span class='ocrx_word' id='word_1_79' title='bbox 652 2073 694 2120; x_wconf 89' lang='lat' dir='ltr'><strong>ac</strong></span> <span class='ocrx_word' id='word_1_80' title='bbox 708 2043 895 2124; x_wconf 74' lang='lat' dir='ltr'><strong>relacione</strong></span> <span class='ocrx_word' id='word_1_81' title='bbox 911 2044 1132 2130; x_wconf 79' lang='lat' dir='ltr'><strong>auditorum</strong></span> <span class='ocrx_word' id='word_1_82' title='bbox 1146 2046 1420 2152; x_wconf 83' lang='lat' dir='ltr'><strong>predictorum,</strong></span> <span class='ocrx_word' id='word_1_83' title='bbox 1439 2045 1538 2126; x_wconf 86' lang='lat' dir='ltr'><strong>dicta</strong></span> <span class='ocrx_word' id='word_1_84' title='bbox 1556 2046 1746 2152; x_wconf 70' lang='lat' dir='ltr'><strong>inquens,</strong></span> <span class='ocrx_word' id='word_1_85' title='bbox 1765 2075 1856 2124; x_wconf 89' lang='lat' dir='ltr'><strong>cum</strong></span> <span class='ocrx_word' id='word_1_86' title='bbox 1870 2047 1948 2154; x_wconf 86' lang='lat' dir='ltr'><strong>ejus</strong></span> 
     </span>
     <span class='ocr_line' id='line_1_12' title="bbox 518 2177 1948 2285; baseline 0.001 -31"><span class='ocrx_word' id='word_1_87' title='bbox 518 2177 804 2266; x_wconf 83' lang='lat' dir='ltr'><strong>commissione,</strong></span> <span class='ocrx_word' id='word_1_88' title='bbox 825 2205 892 2283; x_wconf 91' lang='lat' dir='ltr'><strong>per</strong></span> <span class='ocrx_word' id='word_1_89' title='bbox 905 2177 1009 2257; x_wconf 90' lang='lat' dir='ltr'><strong>curie</strong></span> <span class='ocrx_word' id='word_1_90' title='bbox 1024 2191 1153 2262; x_wconf 84' lang='lat' dir='ltr'><strong>nostre</strong></span> <span class='ocrx_word' id='word_1_91' title='bbox 1163 2177 1369 2285; x_wconf 86' lang='lat' dir='ltr'><strong>judicium,</strong></span> <span class='ocrx_word' id='word_1_92' title='bbox 1386 2179 1511 2259; x_wconf 75' lang='lat' dir='ltr'><strong>extitit</strong></span> <span class='ocrx_word' id='word_1_93' title='bbox 1530 2178 1713 2266; x_wconf 83' lang='lat' dir='ltr'><strong>molleta,</strong></span> <span class='ocrx_word' id='word_1_94' title='bbox 1735 2195 1774 2256; x_wconf 88' lang='lat' dir='ltr'><strong>et</strong></span> <span class='ocrx_word' id='word_1_95' title='bbox 1786 2206 1948 2284; x_wconf 92' lang='lat' dir='ltr'><strong>pronun·</strong></span> 
     </span>
     <span class='ocr_line' id='line_1_13' title="bbox 518 2307 1974 2424; baseline 0.001 -39"><span class='ocrx_word' id='word_1_96' title='bbox 518 2310 657 2396; x_wconf 88' lang='lat' dir='ltr'><strong>ciatum</strong></span> <span class='ocrx_word' id='word_1_97' title='bbox 678 2308 752 2396; x_wconf 78' lang='lat' dir='ltr'><strong>luit</strong></span> <span class='ocrx_word' id='word_1_98' title='bbox 767 2309 909 2388; x_wconf 88' lang='lat' dir='ltr'><strong>dictum</strong></span> <span class='ocrx_word' id='word_1_99' title='bbox 926 2307 1123 2393; x_wconf 85' lang='lat' dir='ltr'><strong>Galternm</strong></span> <span class='ocrx_word' id='word_1_100' title='bbox 1143 2308 1182 2389; x_wconf 89' lang='lat' dir='ltr'><strong>in</strong></span> <span class='ocrx_word' id='word_1_101' title='bbox 1200 2307 1336 2424; x_wconf 84' lang='lat' dir='ltr'><strong>saisina¹</strong></span> <span class='ocrx_word' id='word_1_102' title='bbox 1354 2339 1421 2389; x_wconf 89' lang='lat' dir='ltr'><strong>sna</strong></span> <span class='ocrx_word' id='word_1_103' title='bbox 1443 2310 1543 2391; x_wconf 86' lang='lat' dir='ltr'><strong>dicte</strong></span> <span class='ocrx_word' id='word_1_104' title='bbox 1564 2310 1794 2418; x_wconf 82' lang='lat' dir='ltr'><strong>sergentcrie</strong></span> <span class='ocrx_word' id='word_1_105' title='bbox 1812 2309 1947 2390; x_wconf 85' lang='lat' dir='ltr'><strong>debere</strong></span> <span class='ocrx_word' id='word_1_106' title='bbox 1967 2347 1974 2376; x_wconf 81' lang='grc' dir='ltr'>ι</span> 
     </span>
     <span class='ocr_line' id='line_1_14' title="bbox 518 2438 1948 2554; baseline 0.003 -37"><span class='ocrx_word' id='word_1_107' title='bbox 518 2440 668 2546; x_wconf 89' lang='lat' dir='ltr'><strong>reponi,</strong></span> <span class='ocrx_word' id='word_1_108' title='bbox 690 2438 792 2527; x_wconf 83' lang='lat' dir='ltr'><strong>salvo</strong></span> <span class='ocrx_word' id='word_1_109' title='bbox 810 2441 899 2547; x_wconf 88' lang='lat' dir='ltr'><strong>jure</strong></span> <span class='ocrx_word' id='word_1_110' title='bbox 917 2440 1034 2546; x_wconf 88' lang='lat' dir='ltr'><strong>partis</strong></span> <span class='ocrx_word' id='word_1_111' title='bbox 1058 2440 1255 2548; x_wconf 88' lang='lat' dir='ltr'><strong>utriusque</strong></span> <span class='ocrx_word' id='word_1_112' title='bbox 1281 2469 1396 2546; x_wconf 86' lang='lat' dir='ltr'><strong>super</strong></span> <span class='ocrx_word' id='word_1_113' title='bbox 1420 2441 1518 2523; x_wconf 79' lang='lat' dir='ltr'><strong>dicta</strong></span> <span class='ocrx_word' id='word_1_114' title='bbox 1541 2440 1790 2554; x_wconf 73' lang='lat' dir='ltr'><strong>sergenteria,</strong></span> <span class='ocrx_word' id='word_1_115' title='bbox 1811 2457 1889 2520; x_wconf 87' lang='lat' dir='ltr'><strong>tam</strong></span> <span class='ocrx_word' id='word_1_116' title='bbox 1912 2441 1948 2521; x_wconf 78' lang='lat' dir='ltr'><strong>is</strong></span> 
     </span>
     <span class='ocr_line' id='line_1_15' title="bbox 518 2546 1211 2682; baseline -0.001 -31"><span class='ocrx_word' id='word_1_117' title='bbox 518 2546 753 2679; x_wconf 72' lang='lat' dir='ltr'><strong>possessione</strong></span> <span class='ocrx_word' id='word_1_118' title='bbox 773 2603 889 2680; x_wconf 91' lang='lat' dir='ltr'><strong>quam</strong></span> <span class='ocrx_word' id='word_1_119' title='bbox 909 2574 948 2650; x_wconf 92' lang='lat' dir='ltr'><strong>in</strong></span> <span class='ocrx_word' id='word_1_120' title='bbox 967 2575 1211 2682; x_wconf 84' lang='lat' dir='ltr'><strong>proprietate.</strong></span> 
     </span>
     <span class='ocr_line' id='line_1_16' title="bbox 575 2706 1946 2812; baseline -0.001 -28"><span class='ocrx_word' id='word_1_121' title='bbox 575 2706 739 2784; x_wconf 83' lang='lat' dir='ltr'><strong>Sabbato</strong></span> <span class='ocrx_word' id='word_1_122' title='bbox 763 2724 851 2812; x_wconf 90' lang='lat' dir='ltr'><strong>post</strong></span> <span class='ocrx_word' id='word_1_123' title='bbox 872 2707 1175 2791; x_wconf 82' lang='lat' dir='ltr'><strong>Decollacionem</strong></span> <span class='ocrx_word' id='word_1_124' title='bbox 1196 2707 1313 2787; x_wconf 88' lang='lat' dir='ltr'><strong>sancti</strong></span> <span class='ocrx_word' id='word_1_125' title='bbox 1336 2707 1534 2794; x_wconf 81' lang='lat' dir='ltr'><strong>lobannis,</strong></span> <span class='ocrx_word' id='word_1_126' title='bbox 1562 2731 1661 2786; x_wconf 88' lang='lat' dir='ltr'><strong>anno</strong></span> <span class='ocrx_word' id='word_1_127' title='bbox 1684 2707 1946 2786; x_wconf 82' lang='lat' dir='ltr'><strong>trecentesimo</strong></span> 
     </span>
     <span class='ocr_line' id='line_1_17' title="bbox 517 2857 648 2915; baseline -0.008 0"><span class='ocrx_word' id='word_1_128' title='bbox 517 2857 648 2915; x_wconf 78' lang='lat' dir='ltr'><strong>tercio.</strong></span> 
     </span>
    </p>
   </div>
   <div class='ocr_carea' id='block_1_3' title="bbox 439 3102 1947 5188">
    <p class='ocr_par' dir='ltr' id='par_1_3' title="bbox 518 3102 1947 3871">
     <span class='ocr_line' id='line_1_18' title="bbox 576 3102 1947 3214; baseline 0.001 -33"><span class='ocrx_word' id='word_1_129' title='bbox 576 3104 638 3181; x_wconf 88' lang='lat' dir='ltr'><strong>XI.</strong></span> <span class='ocrx_word' id='word_1_130' title='bbox 667 3102 809 3180; x_wconf 86' lang='lat' dir='ltr'><strong>Balliro</strong></span> <span class='ocrx_word' id='word_1_131' title='bbox 828 3102 1123 3210; x_wconf 77' lang='lat' dir='ltr'><strong>Rothomageasi</strong></span> <span class='ocrx_word' id='word_1_132' title='bbox 1141 3135 1150 3179; x_wconf 76' lang='lat' dir='ltr'><em>z</em></span> <span class='ocrx_word' id='word_1_133' title='bbox 1170 3104 1268 3182; x_wconf 91' lang='lat' dir='ltr'><strong>Cum</strong></span> <span class='ocrx_word' id='word_1_134' title='bbox 1289 3131 1402 3212; x_wconf 89' lang='lat' dir='ltr'><strong>super</strong></span> <span class='ocrx_word' id='word_1_135' title='bbox 1422 3105 1588 3214; x_wconf 89' lang='lat' dir='ltr'><strong>eoquod</strong></span> <span class='ocrx_word' id='word_1_136' title='bbox 1609 3133 1693 3195; x_wconf 84' lang='lat' dir='ltr'><strong>nos,</strong></span> <span class='ocrx_word' id='word_1_137' title='bbox 1713 3121 1866 3182; x_wconf 80' lang='lat' dir='ltr'><strong>vacante</strong></span> <span class='ocrx_word' id='word_1_138' title='bbox 1883 3133 1947 3182; x_wconf 93' lang='lat' dir='ltr'><strong>nu·</strong></span> 
     </span>
     <span class='ocr_line' id='line_1_19' title="bbox 518 3233 1945 3345; baseline -0.001 -33"><span class='ocrx_word' id='word_1_139' title='bbox 518 3264 586 3342; x_wconf 92' lang='lat' dir='ltr'><strong>per</strong></span> <span class='ocrx_word' id='word_1_140' title='bbox 597 3234 767 3342; x_wconf 86' lang='lat' dir='ltr'><strong>prioratu</strong></span> <span class='ocrx_word' id='word_1_141' title='bbox 781 3233 984 3341; x_wconf 88' lang='lat' dir='ltr'><strong>leprosarie</strong></span> <span class='ocrx_word' id='word_1_142' title='bbox 1000 3235 1271 3345; x_wconf 85' lang='lat' dir='ltr'><strong>Sancti-Egidii</strong></span> <span class='ocrx_word' id='word_1_143' title='bbox 1287 3236 1335 3314; x_wconf 93' lang='lat' dir='ltr'><strong>de</strong></span> <span class='ocrx_word' id='word_1_144' title='bbox 1352 3235 1708 3326; x_wconf 85' lang='lat' dir='ltr'><strong>Ponte-Andomari,</strong></span> <span class='ocrx_word' id='word_1_145' title='bbox 1723 3235 1771 3312; x_wconf 88' lang='lat' dir='ltr'><strong>ad</strong></span> <span class='ocrx_word' id='word_1_146' title='bbox 1785 3235 1945 3314; x_wconf 88' lang='lat' dir='ltr'><strong>eundem</strong></span> 
     </span>
     <span class='ocr_line' id='line_1_20' title="bbox 519 3367 1946 3474; baseline 0.001 -28"><span class='ocrx_word' id='word_1_147' title='bbox 519 3368 728 3473; x_wconf 84' lang='lat' dir='ltr'><strong>prioratum</strong></span> <span class='ocrx_word' id='word_1_148' title='bbox 760 3382 1108 3474; x_wconf 83' lang='lat' dir='ltr'><strong>presentareramus</strong></span> <span class='ocrx_word' id='word_1_149' title='bbox 1142 3367 1355 3448; x_wconf 88' lang='lat' dir='ltr'><strong>lohannem</strong></span> <span class='ocrx_word' id='word_1_150' title='bbox 1389 3368 1524 3457; x_wconf 82' lang='lat' dir='ltr'><strong>Rabot,</strong></span> <span class='ocrx_word' id='word_1_151' title='bbox 1559 3381 1790 3474; x_wconf 83' lang='lat' dir='ltr'><strong>conquestus</strong></span> <span class='ocrx_word' id='word_1_152' title='bbox 1820 3367 1946 3448; x_wconf 82' lang='lat' dir='ltr'><strong>firisset</strong></span> 
     </span>
     <span class='ocr_line' id='line_1_21' title="bbox 521 3497 1945 3606; baseline 0.001 -30"><span class='ocrx_word' id='word_1_153' title='bbox 521 3498 680 3579; x_wconf 86' lang='lat' dir='ltr'><strong>dilectus</strong></span> <span class='ocrx_word' id='word_1_154' title='bbox 699 3515 738 3576; x_wconf 91' lang='lat' dir='ltr'><strong>et</strong></span> <span class='ocrx_word' id='word_1_155' title='bbox 756 3497 880 3576; x_wconf 87' lang='lat' dir='ltr'><strong>fidelis</strong></span> <span class='ocrx_word' id='word_1_156' title='bbox 899 3517 1028 3578; x_wconf 88' lang='lat' dir='ltr'><strong>noster</strong></span> <span class='ocrx_word' id='word_1_157' title='bbox 1048 3500 1247 3606; x_wconf 88' lang='lat' dir='ltr'><strong>episeopus</strong></span> <span class='ocrx_word' id='word_1_158' title='bbox 1270 3501 1523 3588; x_wconf 82' lang='lat' dir='ltr'><strong>Lexoriensis,</strong></span> <span class='ocrx_word' id='word_1_159' title='bbox 1548 3499 1678 3583; x_wconf 88' lang='lat' dir='ltr'><strong>dicens</strong></span> <span class='ocrx_word' id='word_1_160' title='bbox 1700 3498 1832 3578; x_wconf 81' lang='lat' dir='ltr'><strong>fratres</strong></span> <span class='ocrx_word' id='word_1_161' title='bbox 1853 3497 1945 3578; x_wconf 88' lang='lat' dir='ltr'><strong>dicte</strong></span> 
     </span>
     <span class='ocr_line' id='line_1_22' title="bbox 519 3630 1946 3740; baseline -0.004 -29"><span class='ocrx_word' id='word_1_162' title='bbox 519 3631 721 3737; x_wconf 89' lang='lat' dir='ltr'><strong>leprosarie</strong></span> <span class='ocrx_word' id='word_1_163' title='bbox 744 3659 824 3707; x_wconf 86' lang='lat' dir='ltr'><strong>csse</strong></span> <span class='ocrx_word' id='word_1_164' title='bbox 844 3631 885 3706; x_wconf 94' lang='lat' dir='ltr'><strong>in</strong></span> <span class='ocrx_word' id='word_1_165' title='bbox 905 3630 1040 3714; x_wconf 85' lang='lat' dir='ltr'><strong>saisina</strong></span> <span class='ocrx_word' id='word_1_166' title='bbox 1055 3630 1219 3740; x_wconf 84' lang='lat' dir='ltr'><strong>eligendi</strong></span> <span class='ocrx_word' id='word_1_167' title='bbox 1239 3632 1309 3710; x_wconf 89' lang='lat' dir='ltr'><strong>sibi</strong></span> <span class='ocrx_word' id='word_1_168' title='bbox 1328 3633 1496 3738; x_wconf 89' lang='lat' dir='ltr'><strong>priorem</strong></span> <span class='ocrx_word' id='word_1_169' title='bbox 1512 3647 1550 3710; x_wconf 88' lang='lat' dir='ltr'><strong>et</strong></span> <span class='ocrx_word' id='word_1_170' title='bbox 1570 3631 1738 3710; x_wconf 87' lang='lat' dir='ltr'><strong>eundem</strong></span> <span class='ocrx_word' id='word_1_171' title='bbox 1749 3630 1854 3708; x_wconf 88' lang='lat' dir='ltr'><strong>dioto</strong></span> <span class='ocrx_word' id='word_1_172' title='bbox 1872 3631 1946 3737; x_wconf 91' lang='lat' dir='ltr'><strong>epi·</strong></span> 
     </span>
     <span class='ocr_line' id='line_1_23' title="bbox 519 3761 1945 3871; baseline -0.001 -31"><span class='ocrx_word' id='word_1_173' title='bbox 519 3792 634 3868; x_wconf 88' lang='lat' dir='ltr'><strong>scopo</strong></span> <span class='ocrx_word' id='word_1_174' title='bbox 654 3763 914 3869; x_wconf 86' lang='lat' dir='ltr'><strong>presentandi‚</strong></span> <span class='ocrx_word' id='word_1_175' title='bbox 935 3780 975 3838; x_wconf 80' lang='lat' dir='ltr'><strong>&#39;et</strong></span> <span class='ocrx_word' id='word_1_176' title='bbox 989 3763 1115 3870; x_wconf 88' lang='lat' dir='ltr'><strong>ipsum</strong></span> <span class='ocrx_word' id='word_1_177' title='bbox 1137 3765 1356 3871; x_wconf 90' lang='lat' dir='ltr'><strong>episcopum</strong></span> <span class='ocrx_word' id='word_1_178' title='bbox 1375 3791 1456 3842; x_wconf 88' lang='lat' dir='ltr'><strong>esse</strong></span> <span class='ocrx_word' id='word_1_179' title='bbox 1475 3765 1514 3840; x_wconf 92' lang='lat' dir='ltr'><strong>in</strong></span> <span class='ocrx_word' id='word_1_180' title='bbox 1532 3763 1668 3843; x_wconf 85' lang='lat' dir='ltr'><strong>saisina</strong></span> <span class='ocrx_word' id='word_1_181' title='bbox 1684 3761 1830 3844; x_wconf 86' lang='lat' dir='ltr'><strong>dictum</strong></span> <span class='ocrx_word' id='word_1_182' title='bbox 1848 3762 1945 3869; x_wconf 91' lang='lat' dir='ltr'><strong>prio-</strong></span> 
     </span>
    </p>

    <p class='ocr_par' dir='ltr' id='par_1_4' title="bbox 447 3891 1945 4531">
     <span class='ocr_line' id='line_1_24' title="bbox 447 3891 1945 4002; baseline 0.003 -34"><span class='ocrx_word' id='word_1_183' title='bbox 447 3942 451 3950; x_wconf 91' lang='lat'><em>·</em></span> <span class='ocrx_word' id='word_1_184' title='bbox 519 3923 619 3981; x_wconf 85' lang='lat' dir='ltr'><strong>rem,</strong></span> <span class='ocrx_word' id='word_1_185' title='bbox 633 3894 686 3973; x_wconf 89' lang='lat' dir='ltr'><strong>sic</strong></span> <span class='ocrx_word' id='word_1_186' title='bbox 700 3891 880 3983; x_wconf 91' lang='lat' dir='ltr'><strong>electum,</strong></span> <span class='ocrx_word' id='word_1_187' title='bbox 895 3895 1118 3983; x_wconf 83' lang='lat' dir='ltr'><strong>instituendi</strong></span> <span class='ocrx_word' id='word_1_188' title='bbox 1133 3897 1173 3974; x_wconf 94' lang='lat' dir='ltr'><strong>in</strong></span> <span class='ocrx_word' id='word_1_189' title='bbox 1186 3896 1388 4002; x_wconf 84' lang='lat' dir='ltr'><strong>leprosaria</strong></span> <span class='ocrx_word' id='word_1_190' title='bbox 1399 3896 1631 4002; x_wconf 85' lang='lat' dir='ltr'><strong>supradicta;</strong></span> <span class='ocrx_word' id='word_1_191' title='bbox 1644 3913 1682 3974; x_wconf 87' lang='lat' dir='ltr'><strong>et</strong></span> <span class='ocrx_word' id='word_1_192' title='bbox 1693 3925 1763 4002; x_wconf 88' lang='lat' dir='ltr'><strong>per</strong></span> <span class='ocrx_word' id='word_1_193' title='bbox 1773 3893 1945 3974; x_wconf 87' lang='lat' dir='ltr'><strong>informa·</strong></span> 
     </span>
     <span class='ocr_line' id='line_1_25' title="bbox 520 4026 1941 4134; baseline 0.001 -31"><span class='ocrx_word' id='word_1_194' title='bbox 520 4026 668 4105; x_wconf 88' lang='lat' dir='ltr'><strong>cionem</strong></span> <span class='ocrx_word' id='word_1_195' title='bbox 693 4054 807 4134; x_wconf 84' lang='lat' dir='ltr'><strong>super</strong></span> <span class='ocrx_word' id='word_1_196' title='bbox 830 4028 904 4106; x_wconf 89' lang='lat' dir='ltr'><strong>hoc</strong></span> <span class='ocrx_word' id='word_1_197' title='bbox 923 4027 971 4110; x_wconf 87' lang='lat' dir='ltr'><strong>de</strong></span> <span class='ocrx_word' id='word_1_198' title='bbox 996 4029 1174 4118; x_wconf 83' lang='lat' dir='ltr'><strong>mandato</strong></span> <span class='ocrx_word' id='word_1_199' title='bbox 1198 4047 1328 4109; x_wconf 88' lang='lat' dir='ltr'><strong>nostro</strong></span> <span class='ocrx_word' id='word_1_200' title='bbox 1353 4027 1485 4106; x_wconf 87' lang='lat' dir='ltr'><strong>laetam</strong></span> <span class='ocrx_word' id='word_1_201' title='bbox 1511 4029 1706 4109; x_wconf 89' lang='lat' dir='ltr'><strong>inventum</strong></span> <span class='ocrx_word' id='word_1_202' title='bbox 1729 4027 1803 4106; x_wconf 82' lang='lat' dir='ltr'><strong>tuit</strong></span> <span class='ocrx_word' id='word_1_203' title='bbox 1827 4026 1941 4134; x_wconf 93' lang='lat' dir='ltr'><strong>quod,</strong></span> 
     </span>
     <span class='ocr_line' id='line_1_26' title="bbox 519 4158 1941 4268; baseline 0.001 -35"><span class='ocrx_word' id='word_1_204' title='bbox 519 4174 670 4249; x_wconf 80' lang='lat' dir='ltr'><strong>vacante</strong></span> <span class='ocrx_word' id='word_1_205' title='bbox 696 4158 796 4236; x_wconf 89' lang='lat' dir='ltr'><strong>dicto</strong></span> <span class='ocrx_word' id='word_1_206' title='bbox 821 4159 1008 4264; x_wconf 89' lang='lat' dir='ltr'><strong>prioratu,</strong></span> <span class='ocrx_word' id='word_1_207' title='bbox 1034 4160 1167 4238; x_wconf 80' lang='lat' dir='ltr'><strong>fratres</strong></span> <span class='ocrx_word' id='word_1_208' title='bbox 1194 4161 1365 4268; x_wconf 87' lang='lat' dir='ltr'><strong>ejusdem</strong></span> <span class='ocrx_word' id='word_1_209' title='bbox 1392 4160 1594 4267; x_wconf 87' lang='lat' dir='ltr'><strong>leprosarie</strong></span> <span class='ocrx_word' id='word_1_210' title='bbox 1619 4160 1775 4240; x_wconf 88' lang='lat' dir='ltr'><strong>suntin</strong></span> <span class='ocrx_word' id='word_1_211' title='bbox 1798 4158 1941 4246; x_wconf 84' lang='lat' dir='ltr'><strong>saisina,</strong></span> 
     </span>
     <span class='ocr_line' id='line_1_27' title="bbox 518 4288 1943 4400; baseline -0.001 -35"><span class='ocrx_word' id='word_1_212' title='bbox 518 4289 656 4371; x_wconf 86' lang='lat' dir='ltr'><strong>vocatis</strong></span> <span class='ocrx_word' id='word_1_213' title='bbox 681 4290 729 4368; x_wconf 91' lang='lat' dir='ltr'><strong>ad</strong></span> <span class='ocrx_word' id='word_1_214' title='bbox 753 4291 826 4376; x_wconf 88' lang='lat' dir='ltr'><strong>hoc</strong></span> <span class='ocrx_word' id='word_1_215' title='bbox 845 4291 1064 4374; x_wconf 86' lang='lat' dir='ltr'><strong>vicecomite</strong></span> <span class='ocrx_word' id='word_1_216' title='bbox 1082 4309 1125 4372; x_wconf 82' lang='lat' dir='ltr'><strong>‚et</strong></span> <span class='ocrx_word' id='word_1_217' title='bbox 1141 4291 1283 4400; x_wconf 86' lang='lat' dir='ltr'><strong>majore</strong></span> <span class='ocrx_word' id='word_1_218' title='bbox 1303 4292 1392 4372; x_wconf 82' lang='lat' dir='ltr'><strong>ville</strong></span> <span class='ocrx_word' id='word_1_219' title='bbox 1414 4291 1783 4382; x_wconf 76' lang='lat' dir='ltr'><strong>Pontis-Andomari,</strong></span> <span class='ocrx_word' id='word_1_220' title='bbox 1806 4318 1874 4398; x_wconf 89' lang='lat' dir='ltr'><strong>pro</strong></span> <span class='ocrx_word' id='word_1_221' title='bbox 1894 4288 1943 4365; x_wconf 88' lang='lat' dir='ltr'><strong>eis</strong></span> 
     </span>
     <span class='ocr_line' id='line_1_28' title="bbox 519 4418 1942 4531; baseline -0.003 -33"><span class='ocrx_word' id='word_1_222' title='bbox 519 4422 762 4504; x_wconf 89' lang='lat' dir='ltr'><strong>consulendis</strong></span> <span class='ocrx_word' id='word_1_223' title='bbox 771 4440 810 4503; x_wconf 90' lang='lat' dir='ltr'><strong>et</strong></span> <span class='ocrx_word' id='word_1_224' title='bbox 818 4423 1013 4505; x_wconf 86' lang='lat' dir='ltr'><strong>violenciis</strong></span> <span class='ocrx_word' id='word_1_225' title='bbox 1023 4420 1258 4517; x_wconf 80' lang='lat' dir='ltr'><strong>amovendis,</strong></span> <span class='ocrx_word' id='word_1_226' title='bbox 1272 4423 1437 4531; x_wconf 85' lang='lat' dir='ltr'><strong>eligendi</strong></span> <span class='ocrx_word' id='word_1_227' title='bbox 1449 4422 1521 4502; x_wconf 89' lang='lat' dir='ltr'><strong>sibi</strong></span> <span class='ocrx_word' id='word_1_228' title='bbox 1534 4422 1717 4529; x_wconf 88' lang='lat' dir='ltr'><strong>priorem,</strong></span> <span class='ocrx_word' id='word_1_229' title='bbox 1732 4437 1772 4498; x_wconf 89' lang='lat' dir='ltr'><strong>et</strong></span> <span class='ocrx_word' id='word_1_230' title='bbox 1780 4418 1942 4500; x_wconf 76' lang='lat' dir='ltr'><strong>eundem</strong></span> 
     </span>
    </p>

    <p class='ocr_par' dir='ltr' id='par_1_5' title="bbox 439 4547 1942 5188">
     <span class='ocr_line' id='line_1_29' title="bbox 439 4547 1940 4661; baseline -0.005 -32"><span class='ocrx_word' id='word_1_231' title='bbox 439 4597 443 4603; x_wconf 86' lang='lat'><strong>·</strong></span> <span class='ocrx_word' id='word_1_232' title='bbox 520 4553 619 4630; x_wconf 88' lang='lat' dir='ltr'><strong>dicto</strong></span> <span class='ocrx_word' id='word_1_233' title='bbox 641 4555 837 4660; x_wconf 88' lang='lat' dir='ltr'><strong>episcopo,</strong></span> <span class='ocrx_word' id='word_1_234' title='bbox 858 4553 1009 4633; x_wconf 89' lang='lat' dir='ltr'><strong>racione</strong></span> <span class='ocrx_word' id='word_1_235' title='bbox 1030 4554 1302 4661; x_wconf 81' lang='lat' dir='ltr'><strong>spiritualitatis</strong></span> <span class='ocrx_word' id='word_1_236' title='bbox 1322 4554 1421 4634; x_wconf 88' lang='lat' dir='ltr'><strong>dicte</strong></span> <span class='ocrx_word' id='word_1_237' title='bbox 1442 4553 1664 4659; x_wconf 89' lang='lat' dir='ltr'><strong>leprosarie,</strong></span> <span class='ocrx_word' id='word_1_238' title='bbox 1686 4547 1940 4657; x_wconf 87' lang='lat' dir='ltr'><strong>presentandi,</strong></span> 
     </span>
     <span class='ocr_line' id='line_1_30' title="bbox 520 4677 1942 4793; baseline -0.004 -32"><span class='ocrx_word' id='word_1_239' title='bbox 520 4687 585 4790; x_wconf 92' lang='lat' dir='ltr'><strong>qni</strong></span> <span class='ocrx_word' id='word_1_240' title='bbox 602 4686 718 4792; x_wconf 90' lang='lat' dir='ltr'><strong>prior,</strong></span> <span class='ocrx_word' id='word_1_241' title='bbox 738 4714 808 4792; x_wconf 89' lang='lat' dir='ltr'><strong>per</strong></span> <span class='ocrx_word' id='word_1_242' title='bbox 820 4687 1044 4793; x_wconf 83' lang='lat' dir='ltr'><strong>episcopum</strong></span> <span class='ocrx_word' id='word_1_243' title='bbox 1058 4685 1300 4793; x_wconf 87' lang='lat' dir='ltr'><strong>approbatus,</strong></span> <span class='ocrx_word' id='word_1_244' title='bbox 1320 4685 1369 4762; x_wconf 93' lang='lat' dir='ltr'><strong>ad</strong></span> <span class='ocrx_word' id='word_1_245' title='bbox 1385 4712 1455 4763; x_wconf 89' lang='lat' dir='ltr'><strong>nos</strong></span> <span class='ocrx_word' id='word_1_246' title='bbox 1471 4713 1540 4791; x_wconf 91' lang='lat' dir='ltr'><strong>pro</strong></span> <span class='ocrx_word' id='word_1_247' title='bbox 1555 4682 1834 4790; x_wconf 82' lang='lat' dir='ltr'><strong>temporalitate</strong></span> <span class='ocrx_word' id='word_1_248' title='bbox 1850 4677 1942 4758; x_wconf 87' lang='lat' dir='ltr'><strong>dicte</strong></span> 
     </span>
     <span class='ocr_line' id='line_1_31' title="bbox 520 4815 1941 4926; baseline -0.004 -34"><span class='ocrx_word' id='word_1_249' title='bbox 520 4816 657 4894; x_wconf 88' lang='lat' dir='ltr'><strong>domus</strong></span> <span class='ocrx_word' id='word_1_250' title='bbox 674 4819 868 4896; x_wconf 87' lang='lat' dir='ltr'><strong>consuevit</strong></span> <span class='ocrx_word' id='word_1_251' title='bbox 882 4817 1026 4905; x_wconf 85' lang='lat' dir='ltr'><strong>venire,</strong></span> <span class='ocrx_word' id='word_1_252' title='bbox 1037 4818 1270 4900; x_wconf 85' lang='lat' dir='ltr'><strong>mandamus</strong></span> <span class='ocrx_word' id='word_1_253' title='bbox 1282 4818 1353 4898; x_wconf 91' lang='lat' dir='ltr'><strong>tihi</strong></span> <span class='ocrx_word' id='word_1_254' title='bbox 1369 4817 1545 4926; x_wconf 86' lang='lat' dir='ltr'><strong>quatinus</strong></span> <span class='ocrx_word' id='word_1_255' title='bbox 1561 4815 1714 4895; x_wconf 86' lang='lat' dir='ltr'><strong>eosdem</strong></span> <span class='ocrx_word' id='word_1_256' title='bbox 1729 4815 1941 4923; x_wconf 88' lang='lat' dir='ltr'><strong>episcopum</strong></span> 
     </span>
     <span class='ocr_line' id='line_1_32' title="bbox 521 4930 1941 5057; baseline -0.004 -35"><span class='ocrx_word' id='word_1_257' title='bbox 521 4963 558 5022; x_wconf 90' lang='lat' dir='ltr'><strong>et</strong></span> <span class='ocrx_word' id='word_1_258' title='bbox 582 4945 712 5025; x_wconf 87' lang='lat' dir='ltr'><strong>fratres</strong></span> <span class='ocrx_word' id='word_1_259' title='bbox 738 4948 836 5025; x_wconf 90' lang='lat' dir='ltr'><strong>dicta</strong></span> <span class='ocrx_word' id='word_1_260' title='bbox 859 4949 1111 5057; x_wconf 84' lang='lat' dir='ltr'><strong>possessione,</strong></span> <span class='ocrx_word' id='word_1_261' title='bbox 1141 4949 1350 5027; x_wconf 88' lang='lat' dir='ltr'><strong>secundum</strong></span> <span class='ocrx_word' id='word_1_262' title='bbox 1376 4948 1481 5056; x_wconf 91' lang='lat' dir='ltr'><strong>qnod</strong></span> <span class='ocrx_word' id='word_1_263' title='bbox 1508 4947 1732 5056; x_wconf 90' lang='lat' dir='ltr'><strong>premissum</strong></span> <span class='ocrx_word' id='word_1_264' title='bbox 1759 4930 1842 5038; x_wconf 77' lang='lat' dir='ltr'><strong>est,¹</strong></span> <span class='ocrx_word' id='word_1_265' title='bbox 1855 4969 1941 5048; x_wconf 86' lang='lat' dir='ltr'><strong>gau-</strong></span> 
     </span>
     <span class='ocr_line' id='line_1_33' title="bbox 521 5061 1740 5188; baseline 0.002 -36"><span class='ocrx_word' id='word_1_266' title='bbox 521 5077 609 5154; x_wconf 89' lang='lat' dir='ltr'><strong>dere</strong></span> <span class='ocrx_word' id='word_1_267' title='bbox 629 5080 840 5184; x_wconf 78' lang='lat' dir='ltr'><strong>permittas,</strong></span> <span class='ocrx_word' id='word_1_268' title='bbox 861 5079 958 5179; x_wconf 78' lang='lat' dir='ltr'><strong>salva</strong></span> <span class='ocrx_word' id='word_1_269' title='bbox 977 5081 1015 5158; x_wconf 92' lang='lat' dir='ltr'><strong>in</strong></span> <span class='ocrx_word' id='word_1_270' title='bbox 1034 5061 1255 5188; x_wconf 88' lang='lat' dir='ltr'><strong>hujusmodi</strong></span> <span class='ocrx_word' id='word_1_271' title='bbox 1275 5082 1471 5186; x_wconf 88' lang='lat' dir='ltr'><strong>questione</strong></span> <span class='ocrx_word' id='word_1_272' title='bbox 1490 5080 1740 5186; x_wconf 82' lang='lat' dir='ltr'><strong>proprietatis.</strong></span> 
     </span>
    </p>
   </div>
   <div class='ocr_carea' id='block_1_4' title="bbox 0 0 2230 6209">
    <p class='ocr_par' dir='ltr' id='par_1_6' title="bbox 0 0 2230 6209">
     <span class='ocr_line' id='line_1_34' title="bbox 0 0 2230 6209; baseline 0 0"><span class='ocrx_word' id='word_1_273' title='bbox 0 0 2230 6209; x_wconf 95' lang='lat' dir='ltr'><strong> </strong></span> 
     </span>
    </p>
   </div>
  </div>
 </body>
</html>
