4450 6209
782 713 1050 821 uuoutrss
1074 732 1140 803 ar
1167 711 1371 807 auochs.
1398 698 1404 707 ’
1714 736 1788 809 aas

362 876 506 984 ligiosis
519 875 559 951 in
574 874 712 952 saisina
724 874 891 980 predicta
907 872 1092 980 ponendi,
1114 871 1281 953 habendi
1297 890 1336 953 et
1350 873 1526 953 tradendi
1546 872 1662 953 dictas
1680 902 1789 951 men·
1828 882 1958 937 aarum
1971 885 2014 949 lv,

362 1036 468 1085 suras
487 1007 526 1083 iu
548 1004 638 1084 villa
659 1004 845 1112 predicta,
866 1002 1132 1082 tantummodo
1156 1006 1383 1117 appositum,
1407 1006 1570 1085 amoveri
1592 1004 1732 1083 debere
1752 1022 1790 1083 et
1891 973 1954 1017 lm

362 1139 517 1217 eosdem
533 1136 581 1214 de
602 1135 712 1213 dietis
730 1136 917 1213 mensuris
937 1162 1017 1212 esse
1040 1136 1308 1228 resaisieudos,
1328 1135 1428 1215 salvo
1444 1137 1530 1244 jure
1547 1154 1694 1226 nostro,
1712 1153 1788 1215 tam

361 1272 401 1348 in
418 1269 500 1347 aliis
518 1295 631 1376 quam
648 1268 687 1343 in
703 1268 777 1345 alta
793 1268 945 1374 justicia
964 1266 1135 1343 locorum
1154 1266 1429 1373 predictorum,
1449 1296 1491 1345 ac
1508 1268 1604 1347 salva
1621 1268 1732 1349 uobis
1748 1269 1786 1343 in

362 1398 548 1477 mensuris
563 1396 743 1504 predictis
759 1395 958 1503 questione
977 1397 1239 1503 proprietatis.¹
1334 1454 1339 1466 -

418 1530 548 1609 Martis
561 1545 649 1637 post
665 1526 817 1606 octabas
834 1524 1056 1605 Candelose.

418 1662 519 1766 Roya
535 1656 749 1763 reportavit„

418 1924 530 2001 XXX
561 1922 679 2010 Cum,
701 1922 749 1998 de
762 1920 941 1999 mandato
960 1919 1088 1999 ballivi
1103 1919 1429 2013 viromandensis,
1447 1923 1659 2029 prepositus
1674 1925 1787 2005 Pero-⁴

364 2053 511 2140 nensis,
535 2053 575 2130 iu
591 2052 822 2159 quibusdam
841 2048 982 2129 lactum
996 2050 1202 2131 maletolte
1218 2051 1317 2131 dicte
1332 2052 1419 2131 ville
1432 2054 1689 2162 tangentibus,
1704 2082 1789 2162 pro-

364 2184 500 2261 cedere
516 2181 648 2274 vellet,
664 2185 745 2289 ipse
758 2210 887 2260 secum
904 2181 1089 2261 decanum
1106 2184 1383 2277 Peronensem,
1401 2184 1619 2291 Philippum
1635 2186 1682 2263 de
1696 2186 1789 2276 Har-

365 2314 590 2405 den·Curia,
610 2312 828 2421 Philippum
844 2314 954 2406 bote,
978 2312 1231 2393 smillelmum
1258 2313 1466 2405 Germanii,
1492 2315 1631 2396 milites
1655 2313 1790 2395 fideles

363 2464 530 2537 nostros,
540 2463 586 2522 ut
596 2444 809 2524 consulcius
823 2463 951 2555 ageret
962 2446 1003 2521 in
1019 2445 1090 2523 hac
1102 2460 1223 2551 parte,
1239 2446 1380 2523 vocavit
1394 2460 1453 2534 ut,
1475 2444 1522 2523 de
1542 2446 1616 2523 hiis
1631 2474 1705 2552 que
1723 2474 1791 2552 per

363 2578 490 2683 ipsum
513 2575 666 2667 fierent,
684 2575 898 2683 possent,si
916 2604 1014 2682 opus
1032 2592 1145 2665 esset,
1163 2576 1425 2654 testimonium
1446 2576 1667 2682 perhibere,
1685 2605 1791 2655 cum-

364 2736 440 2815 que
450 2708 521 2814 ipsi
529 2710 578 2786 ad
588 2710 748 2787 domum
758 2734 1003 2786 communem
1014 2706 1113 2784 dicte
1123 2706 1229 2797 ville,
1244 2736 1330 2785 cum
1343 2707 1444 2785 dieto
1454 2708 1662 2813 preposito,
1677 2736 1792 2785 acces-

363 2838 508 2928 sissent,
520 2839 600 2929 ubi,
612 2838 808 2917 adseram
818 2864 1007 2943 campane,
1020 2838 1191 2945 majorct
1197 2839 1311 2946 jurati
1325 2854 1364 2915 et
1373 2855 1454 2917 tota
1465 2838 1679 2917 communia
1692 2838 1790 2915 dicte

365 2967 452 3045 ville
466 2985 726 3060 convenerant,
741 2968 844 3045 ide·
856 2966 1083 3074 prepositus,
1099 2994 1185 3045 cum
1201 2966 1391 3072 predictis,
1411 2976 1512 3045 stans
1528 2966 1576 3043 ad
1593 2966 1789 3060 fenestras,

365 3116 404 3177 et
422 3098 553 3178 dicens
574 3126 615 3177 se
636 3096 731 3176 velle
756 3100 979 3177 mandatum
1000 3096 1208 3202 adimplere
1232 3096 1471 3203 predictum,
1492 3097 1586 3175 vidit
1604 3098 1790 3203 populum

365 3246 683 3320 murmurantem,
708 3245 749 3306 et
766 3227 970 3307 duodecim
991 3225 1050 3303 vel
1074 3226 1223 3303 circiter
1243 3225 1291 3303 de
1311 3226 1561 3333 grossioribus
1585 3225 1683 3305 dicte
1707 3227 1791 3306 ville

366 3360 432 3467 qui
447 3389 487 3438 se
500 3360 550 3437 ad
563 3377 710 3466 partem
721 3366 931 3470 traxerunt,
947 3374 987 3434 et
1000 3357 1124 3433 metim
1141 3384 1274 3433 omnes
1286 3356 1336 3434 dc
1349 3359 1582 3447 communia,
1596 3359 1702 3464 quasi
1717 3386 1791 3437 una

366 3518 472 3580 voce,
490 3491 669 3579 clamare,
685 3508 724 3567 et
744 3489 890 3567 dietum
912 3489 1149 3596 prepositum
1167 3487 1286 3565 huare
1303 3505 1502 3593 oeperunt,
1522 3488 1690 3566 dicentes
1706 3520 1714 3564 ε
1733 3488 1792 3566 Ad

367 3622 480 3701 scalas
491 3625 500 3697 Ι
513 3624 561 3699 ad
573 3621 708 3700 scalas!
723 3622 954 3699 moriautur!
969 3622 1191 3697 commune!
1211 3644 1414 3697 commuue
1429 3622 1489 3695 tet
1499 3636 1603 3707 tuuc,
1618 3646 1703 3695 oum
1719 3619 1792 3697 dic-

366 3769 429 3829 tus
445 3753 662 3858 prepositus
676 3770 715 3829 et
728 3750 886 3859 predicti
902 3749 1071 3856 perteriti
1086 3748 1383 3841 descendissent,
1400 3749 1526 3828 statim
1546 3749 1636 3826 dicti
1654 3777 1792 3855 prepo-

367 3883 460 3961 situs
471 3899 519 3959 ·et
533 3882 697 3959 decanus
714 3881 868 3959 atribus
884 3880 1056 3959 millibus
1074 3878 1173 3957 dicte
1188 3879 1405 3957 communie
1419 3879 1479 3957 vel
1498 3879 1593 3957 circa
1605 3878 1739 3957 inclusi
1756 3898 1794 3957 et

368 4013 415 4088 ad
433 4012 771 4119 terram-prostrati
792 4011 963 4101 fuerunt,
986 4025 1025 4087 et
1046 4010 1212 4119 graviora
1236 4009 1308 4087 sibi
1330 4009 1459 4087 timuit
1483 4008 1605 4087 dictus
1630 4008 1792 4087 decanus

368 4144 516 4232 inferri,
532 4161 578 4220 nt
598 4142 707 4230 dicit,
729 4142 801 4219 nisi
822 4141 869 4219 ab
887 4140 1077 4248 aliquibus
1094 4140 1278 4219 auxilium
1298 4140 1508 4229 habuisset,
1524 4168 1636 4247 super
1653 4141 1792 4246 quibus

368 4274 627 4351 mandavimus
640 4274 835 4350 veritatem
856 4272 995 4378 inquiri
1013 4300 1022 4345 ε
1040 4272 1127 4349 Visa
1143 4271 1257 4379 igitur
1274 4270 1577 4376 inquestasuper
1592 4269 1664 4347 hoe
1679 4268 1790 4361 lacta,

369 4404 583 4482 racionibus
608 4420 646 4481 et
670 4402 955 4481 defensionibus
982 4400 1170 4479 dictorum
1196 4399 1348 4507 majoris
1363 4462 1371 4491 ,
1389 4401 1602 4507 juratorum
1629 4414 1667 4475 et
1689 4426 1793 4477 com-

368 4536 497 4613 munie
532 4534 732 4642 diligenter
761 4534 929 4622 attentis,
958 4559 1028 4639 per
1053 4532 1156 4608 curie
1188 4546 1313 4607 nostre
1340 4529 1546 4635 judicium,
1577 4530 1793 4605 communia

368 4663 466 4742 dicte
489 4665 577 4743 ville
605 4666 676 4743 luit
704 4665 813 4743 uobis
840 4666 880 4741 in
905 4662 1011 4741 mille
1041 4661 1152 4741 libris·
1173 4688 1372 4767 parvorum
1398 4659 1697 4747 Turonensium,
1724 4688 1792 4738 no-

369 4794 474 4870 mine
494 4794 669 4887 emendo,
691 4795 984 4901 condempnata,
1006 4810 1047 4871 et
1062 4793 1164 4871 dicto
1187 4792 1330 4869 decano
1353 4790 1506 4869 nomine
1529 4816 1598 4867 suo
1617 4806 1655 4869 et
1674 4790 1790 4869 eccle-

369 4923 425 5001 sie
449 4951 537 5012 sue,
555 4950 627 5029 pro
643 4923 791 5033 injuriis
806 4922 1001 5032 predictis,
1023 4924 1064 4999 in
1084 4920 1368 5028 quadringentis
1389 4919 1496 5003 libris
1518 4937 1670 5002 monete
1693 4920 1792 5027 ejus-

370 5052 481 5141 dem,
503 5069 649 5133 retento
669 5055 774 5161 quod
800 5070 930 5135 contra
956 5052 1165 5161 singulares
1190 5078 1367 5157 personas
1387 5078 1463 5157 que
1483 5049 1631 5129 invente
1652 5048 1792 5129 fuerint
