4450 6209
728 727 1002 836 sNthrss
1028 745 1094 816 111
1121 727 1328 819 esoces.
1673 749 1744 822 159

313 903 352 969 et
378 887 568 995 sexaginta
596 886 814 994 quindecim
843 887 1027 966 librarum
1055 889 1356 978 Turonensium,
1387 917 1409 970 a
1440 889 1542 970 dicto
1573 890 1745 970 lohanne
1783 899 1970 966 Patauium,

314 1021 422 1100 dictis
438 1017 615 1097 fratribus
628 1018 763 1098 factam
778 1041 904 1117 001001
919 1019 1114 1126 preposito
1131 1037 1169 1100 et
1182 1020 1403 1102 hominibus
1418 1023 1742 1118 Sancti-Quintini,
1846 993 1907 1034 M

313 1152 474 1261 pervim
493 1151 671 1260 prisionis
691 1169 872 1231 extortam
893 1150 1025 1242 luisse,
1047 1152 1146 1232 dicta
1166 1152 1352 1260 obligacio
1372 1183 1440 1233 seu
1459 1157 1692 1264 recognitio,
1709 1175 1746 1234 et

313 1285 440 1363 omnia
465 1299 641 1362 contenta
664 1285 704 1360 in
731 1283 894 1392 quadam
920 1282 1046 1362 littera
1068 1313 1184 1390 super
1203 1285 1277 1362 hoc
1297 1284 1481 1378 conlecta,
1510 1287 1640 1395 sigillis
1659 1317 1744 1396 pre-

312 1418 425 1525 positi
455 1433 495 1494 et
519 1416 722 1495 hominum
741 1416 1002 1526 predictorum
1026 1415 1205 1522 sigillata,
1235 1416 1409 1507 luerunt,
1431 1447 1499 1524 per
1522 1419 1620 1497 dicte
1642 1422 1744 1498 curie

314 1565 440 1630 nostre
455 1547 663 1655 judicium,
684 1547 852 1628 totaliter
871 1545 1051 1640 anullata,
1073 1546 1168 1626 salva
1186 1547 1295 1626 (110110
1311 1548 1489 1628 fratribus
1507 1549 1743 1660 ohligacione

313 1679 417 1758 mille
441 1678 643 1768 librarum,
669 1697 845 1759 contenta
870 1679 909 1754 in
933 1679 1155 1787 cirographo
1179 1681 1369 1787 predicto,
1395 1699 1434 1758 et
1457 1681 1565 1760 salvis
1590 1683 1660 1790 ipsi
1680 1685 1745 1762 Jo-

313 1813 428 1890 hanni
453 1811 532 1892 suis
555 1811 844 1919 exceptionibus
868 1827 907 1892 et
926 1810 1229 1902 defensionibus,
1251 1830 1326 1890 tam
1353 1841 1467 1919 super
1485 1815 1745 1896 solucionihus

314 1943 418 2021 lactis
443 1971 514 2049 per
539 1944 663 2049 ipsum
693 1943 742 2022 de
766 1971 914 2022 summa
938 1943 1127 2022 dictarum
1146 1943 1249 2022 mille
1268 1943 1472 2035 librarum,
1495 1974 1610 2053 quam
1630 1977 1744 2054 super

315 2075 394 2154 01110
411 2103 525 2182 super
542 2074 685 2181 quibus
706 2074 774 2156 fiet
792 2074 939 2154 bonum
960 2093 1179 2184 compotum
1194 2075 1294 2154 inter
1312 2077 1429 2184 ipsos,
1452 2093 1491 2155 01
1505 2078 1602 2156 salva
1618 2078 1743 2156 eidem

312 2209 472 2288 lohanni
498 2207 697 2315 questione
723 2235 839 2315 super
861 2205 1037 2314 dampnis
1060 2224 1099 2285 01
1125 2208 1296 2316 expensis
1320 2238 1396 2316 qua
1421 2209 1502 2316 ipse
1521 2211 1742 2290 sustinuisse

315 2340 452 2422 dicitur
471 2339 667 2420 occasione
684 2340 970 2448 premissorum.

370 2472 545 2552 Mercurii
566 2489 652 2579 post
671 2472 936 2554 luvencionem
956 2472 1091 2550 Sancte
1110 2471 1255 2550 Crucis.

368 2740 428 2818 lV.
460 2738 557 2817 Cum
575 2737 726 2845 questio
743 2753 952 2816 veneretur
967 2737 1066 2816 inter
1080 2737 1271 2814 Thomam
1290 2738 1338 2814 de
1353 2735 1614 2815 Calvo-Monte
1636 2755 1673 2816 et
1685 2740 1747 2816 Jo-

314 2871 478 2948 hannem
499 2870 762 2964 Besa-Veisin,
785 2870 834 2947 de
854 2869 1198 2958 SanctoGervasio,
1218 2897 1262 2948 ex
1279 2896 1355 2946 una
1368 2887 1490 2975 parte,
1508 2888 1546 2948 et
1562 2871 1744 2979 majorem

314 3018 351 3080 et
374 3003 632 3080 communiam
665 3003 712 3080 de
736 3002 1041 3092 Calvo-Monte,
1069 3029 1113 3079 ex
1138 3001 1277 3094 altera,
1307 3029 1421 3108 super
1446 3029 1492 3080 00
1518 3003 1625 3110 quod
1655 3003 1743 3081 dicti

313 3134 480 3212 Thomas
506 3151 545 3212 et
569 3133 761 3212 lohannes
785 3135 964 3213 dicebant
985 3163 1026 3213 se
1046 3161 1128 3212 esse
1152 3134 1191 3213 10
1216 3134 1314 3212 hona
1340 3134 1474 3212 saisina
1500 3135 1633 3224 cundi,
1656 3163 1746 3212 0110-

312 3265 419 3343 randi
439 3282 479 3344 et
496 3266 661 3344 ducendi
679 3267 850 3372 proprias
875 3293 1019 3344 merces
1043 3293 1130 3343 suas
1155 3264 1296 3356 libere,
1318 3281 1357 3342 et
1381 3264 1524 3371 absque
1550 3265 1744 3345 solucione

311 3399 463 3476 traversi
482 3398 614 3505 majori
636 3414 674 3474 et
694 3397 910 3475 communie
925 3397 1122 3504 predictis,
1134 3395 1320 3474 veniendo
1340 3397 1431 3473 citra
1451 3395 1654 3504 calceyam,
1669 3425 1744 3502 que

314 3528 708 3618 diciturJuliusCesar,
719 3557 847 3606 versus
855 3525 1292 3634 Calvum-Montemque
1302 3527 1434 3632 incipit
1443 3527 1544 3635 apud
1554 3529 1746 3608 Sanctum-

313 3659 485 3748 Clarum,
507 3659 695 3739 veniendo
715 3689 783 3768 per
803 3659 982 3765 capellam
1002 3677 1104 3736 recte
1126 3659 1172 3736 ad
1193 3657 1458 3737 molendinum
1483 3659 1530 3736 de
1550 3660 1741 3751 Planehia,

314 3792 404 3870 citra
428 3792 569 3872 dictam
596 3793 842 3902 chauceyam‚
869 3791 964 3872 infra
987 3819 1082 3899 quas
1101 3790 1350 3898 mctas‘prisia
1376 3789 1581 3884 lactescit,
1604 3793 1744 3898 (10(100

314 3939 393 4002 erat
414 3924 614 4002 contencio
638 3925 739 4002 inter
760 3941 885 4031 partes
908 3924 1097 4033 predictas
1122 3922 1249 4002 eundo
1274 3939 1376 4001 recte
1402 3923 1449 4000 ad
1475 3922 1745 4030 Spinam-Pou·

313 4056 434 4147 leuse,
453 4057 641 4134 veniendo
661 4055 710 4134 de
731 4055 913 4164 Gysorcio
932 4055 981 4134 ad
998 4054 1487 4144 Ulmetellum-Concavum,
1504 4055 1572 4161 qui
1592 4057 1743 4133 termini

313 4190 452 4267 suntin
463 4186 677 4266 castellania
693 4186 741 4266 de
756 4187 1025 4276 CalvoMonte,
1042 4186 1214 4293 quamvis
1232 4185 1329 4265 dicte
1344 4213 1489 4264 merces
1504 4187 1580 4263 sint
1590 4205 1742 4264 0001010

314 4335 414 4398 extra
440 4320 582 4399 dictam
606 4318 859 4399 castellaniam
884 4336 922 4397 et
945 4347 1015 4425 per
1038 4316 1288 4396 castellaniam
1308 4317 1515 4425 predictam
1536 4317 1741 4406 conducta,

314 4451 424 4528 dictis
443 4452 587 4559 majore
607 4469 645 4530 et
664 4449 880 4530 communia
899 4449 1131 4528 contrarium
1151 4446 1404 4526 asserentibus
1423 4447 1528 4554 quod
1550 4445 1744 4555 quociens·

314 4611 464 4689 casuque
485 4581 638 4661 devenit
655 4583 704 4661 ad
722 4580 901 4661 noticiam
921 4607 1046 4673 suam,
1063 4578 1123 4656 vel
1144 4578 1299 4657 illorum
1317 4577 1383 4684 qui
1404 4605 1472 4684 pro
1492 4577 1582 4684 ipsis
1601 4577 1743 4656 (1101010

312 4731 518 4792 traversum
542 4711 789 4819 recipiebant,
815 4710 976 4818 predicti
996 4710 1162 4790 Thomas
1188 4724 1226 4787 et
1248 4708 1457 4801 lohannes,
1482 4709 1522 4786 in
1548 4737 1636 4786 casu
1658 4737 1744 4815 pre-

314 4845 430 4935 dicto,
458 4843 663 4922 dimidium
684 4861 895 4924 traversum
920 4841 1114 4922 solverunt
1137 4841 1307 4920 eisdem:
1332 4841 1507 4948 lnquesta
1533 4869 1646 4949 super
1672 4842 1743 4919 hoc

313 4973 406 5051 facta
425 4975 502 5052 visa
522 4992 560 5052 et
579 4973 781 5083 diligenter
799 4973 1021 5063 examinata,
1043 5001 1112 5081 per
1126 4972 1318 5080 judicium
1333 4973 1438 5050 curie
1452 4989 1581 5050 nostre
1598 4973 1743 5049 dictum

313 5105 385 5184 luit
403 5106 527 5184 dictos
544 5108 730 5184 Thomam
752 5124 789 5184 et
808 5107 1021 5186 lohannem
1040 5105 1158 5183 nichil
1179 5105 1391 5211 probavisse
1411 5105 1504 5210 quin
1519 5104 1606 5210 ipsi,
1624 5122 1743 5180 trans-
