4450 6209
772 671 1039 781 auoceris
1064 692 1129 765 nr
1155 670 1360 765 Procas.
1706 696 1779 765 277

360 831 672 939 Sancti-Dyonisii
692 833 733 909 in
753 833 921 923 Francia,
943 831 1103 910 nornine.
1115 859 1185 909 sno
1206 848 1246 909 et
1259 830 1534 909 dicte-ecclesie
1554 852 1784 939 proponeret
1822 842 2009 909 rmrrssrrv,

360 961 480 1040 dictos
498 940 696 1070 religiosos
715 990 795 1041 esse
816 979 853 1045 et
869 961 984 1063 fuisse
1003 962 1043 1039 in
1063 963 1164 1041 bona
1183 963 1319 1039 saisina
1332 964 1552 1070 justiciandi
1572 993 1706 1044 omnes
1725 996 1784 1043 ca-
1884 934 1948 977 Μ’

359 1121 423 1171 sus
447 1092 520 1170 alte
541 1110 580 1172 ct
598 1095 703 1171 basse
719 1093 888 1201 justicie,
909 1092 1101 1172 venientes
1120 1093 1170 1170 ad
1189 1120 1322 1171 eorum
1348 1094 1543 1184 noticiam,
1569 1096 1609 1172 in
1628 1095 1715 1173 villa
1734 1096 1783 1173 de

358 1222 612 1313 Chalcvanne,
641 1224 781 1317 inviis,
802 1223 993 1302 territorio
1014 1241 1051 1302 at
1071 1224 1313 1331 pertinenciis
1333 1215 1531 1334 ejusdem,
1548 1255 1616 1332 per
1634 1230 1783 1305 tantum

358 1372 508 1461 tempus
534 1354 639 1462 quod
663 1354 776 1433 debet
800 1354 970 1433 sufficere
994 1354 1043 1431 ad
1064 1356 1206 1433 bonam
1228 1356 1402 1433 saisinam
1426 1357 1708 1463 acquirendam,
1734 1359 1784 1435 ad

359 1483 468 1562 illum
484 1484 600 1563 finem
618 1486 724 1591 quod
745 1486 897 1592 quidam
915 1514 1037 1592 equus
1054 1503 1092 1563 et
1110 1485 1307 1576 sandalias,
1328 1487 1424 1594 capti
1442 1516 1510 1594 per
1528 1504 1661 1595 gentes
1679 1516 1782 1577 suas,

241 1697 247 1711 ,
360 1614 400 1691 in
412 1615 497 1693 loco
514 1615 562 1692 de
580 1644 659 1721 quo
678 1614 773 1693 facta
790 1632 849 1695 est
862 1618 1043 1709 ostensio,
1056 1636 1093 1695 et
1106 1618 1352 1721 postmodum
1365 1620 1414 1695 ad
1425 1648 1581 1697 manum
1598 1636 1781 1707 nostram,

359 1763 552 1852 tamquam
572 1745 778 1853 superioris
797 1745 926 1852 positi,
948 1774 1065 1825 manu
1086 1754 1215 1823 nostra
1233 1761 1378 1835 amota,
1402 1750 1693 1826 restituerentur
1712 1751 1785 1827 eis·

360 1876 472 1965 dem,
499 1892 741 1983 procuratore
767 1893 896 1954 nostro
922 1874 962 1954 in
987 1875 1219 1955 contrarium
1240 1894 1428 1955 asserente
1457 1878 1578 1955 dictos
1602 1906 1717 1984 aqum
1746 1895 1784 1955 ct

246 2069 251 2086 .
359 2006 561 2085 fardellum
584 2036 701 2114 penes
726 2036 795 2085 nos
814 2036 1008 2085 remanere
1034 2007 1196 2098 debere,
1224 2025 1264 2085 et
1287 2009 1430 2114 ipsum,
1458 2010 1614 2087 nomine
1632 2026 1781 2115 nostro,

360 2139 407 2217 ab
420 2138 661 2244 impeticione
678 2138 869 2217 dictorum
884 2139 1149 2247 religiosorum
1171 2139 1309 2217 debere
1330 2138 1494 2218 absolvi:
1510 2139 1658 2217 Auditis
1670 2117 1785 2249 igitur

360 2296 474 2375 super
493 2269 566 2347 hoc
585 2270 758 2375 parcium
774 2269 1008 2360 nacionibus,
1037 2287 1073 2347 ct
1094 2270 1171 2347 visa
1193 2270 1368 2374 inquesta
1384 2300 1501 2377 super
1520 2271 1594 2347 hoc
1614 2270 1662 2348 de
1680 2299 1784 2347 man-

362 2400 450 2477 dato
478 2414 608 2477 nostro
631 2397 745 2485 fron,
771 2399 922 2475 attentis
948 2398 1065 2475 eciam
1089 2397 1390 2477 confessionibus
1416 2400 1602 2505 parcium,
1633 2414 1672 2477 et
1697 2399 1785 2476 visis

360 2528 563 2637 privilegiis
582 2556 649 2606 sen
668 2526 804 2607 litteris
824 2556 868 2607 ex
888 2544 992 2634 parte
1016 2528 1269 2634 procuratoris
1293 2529 1484 2607 dictorum
1502 2527 1782 2635 religiosorum,

361 2657 401 2734 in
416 2657 576 2739 modum
590 2658 829 2764 probacionis
845 2658 1058 2763 productis,
1074 2686 1145 2764 per
1159 2659 1261 2736 curie
1278 2675 1405 2739 nostre
1416 2657 1620 2764 judicium,
1640 2657 1785 2735 dictum

359 2787 434 2866 snit
448 2805 486 2867 et
497 2788 791 2895 pronunciatum
807 2789 929 2867 dictos
945 2818 1060 2895 equm
1073 2806 1110 2867 et
1124 2787 1346 2879 fardellum,
1361 2818 1440 2869 non
1453 2788 1689 2882 obstantibus
1702 2816 1786 2893 pro-

360 2919 493 3024 positis
513 2948 557 2997 ex
578 2919 753 3009 adverso,
775 2948 891 3027 penes
910 2949 980 2999 nos
998 2948 1195 2999 remanere
1218 2920 1370 2999 debere.

416 3050 617 3129 Dominica
627 3068 714 3157 post
732 3051 879 3129 octabas
897 3052 1121 3158 Epiphania.

398 3182 519 3288 ⁴Roya
538 3181 752 3287 reportavit.

418 3444 477 3523 Vl.
510 3445 607 3524 Cum
623 3446 662 3522 in
676 3472 785 3523 causa
800 3472 925 3521 coram
939 3444 1078 3523 ballivo
1096 3445 1365 3525 silvanectensi
1377 3463 1480 3548 mota
1493 3472 1608 3553 super
1622 3473 1668 3522 co
1682 3446 1788 3551 quod

363 3572 483 3681 major
503 3592 542 3653 ct
555 3575 672 3681 jurati
690 3575 908 3655 communie
922 3578 1130 3669 Pontisare,
1145 3579 1301 3655 Petrum
1316 3576 1353 3653 le
1372 3576 1564 3685 Senglier,
1578 3575 1626 3652 de
1642 3576 1787 3683 Oonya·

363 3733 423 3794 co,
449 3705 649 3785 cubantem
676 3724 714 3785 et
732 3706 924 3785 ,lavantem
941 3707 1013 3785 ssrb
1038 3707 1195 3786 domino
1222 3710 1339 3815 Rege,
1362 3706 1464 3815 apud
1481 3705 1713 3785 Pontisaram
1729 3707 1788 3783 in-

363 3850 517 3912 ventum
537 3854 728 3943 ceperant,
741 3867 809 3943 pro
826 3868 872 3917 co
884 3838 1106 3945 quodidem
1120 3841 1253 3917 Petrus
1266 3837 1463 3916 vilcniasse
1476 3835 1672 3916 dicebatur
1684 3839 1788 3944 apud

364 3962 605 4073 Oonyacum,
632 3985 734 4047 extra
758 3969 943 4049 terminos
972 3970 1069 4049 dicte
1096 3970 1333 4058 communie,
1360 3969 1565 4076 quemdam
1590 3968 1787 4073 hominem

364 4097 412 4174 de
427 4098 642 4175 communia
655 4100 840 4205 predicta,
861 4117 899 4175 et
918 4100 1085 4178 eundem
1103 4102 1157 4177 sic
1176 4117 1327 4206 captum
1344 4098 1505 4177 reddere
1523 4098 1725 4177 noluerant
1741 4100 1791 4177 ad

363 4226 582 4305 mandatum
600 4230 781 4334 prepositi
796 4229 1100 4321 silvanectensis,
1119 4231 1242 4308 dictus
1259 4229 1434 4321 ballivus,
1452 4228 1591 4307 auditis
1602 4229 1787 4335 partibus,

365 4373 402 4433 et
419 4356 494 4433 visa
511 4373 610 4471 carta
624 4356 722 4435 dicte
743 4358 982 4447 communie,
999 4376 1037 4437 et
1057 4360 1227 4468 ipsorum
1245 4358 1397 4466 majoris
1415 4377 1455 4436 ct
1468 4359 1683 4467 juratorum
1701 4384 1791 4463 pro-

363 4485 586 4565 bacionibns
604 4488 779 4595 receptis,
793 4488 1006 4595 judicatum
1025 4518 1139 4568 suum
1154 4506 1283 4568 contra
1297 4517 1363 4567 eos
1377 4517 1491 4595 sarper
1504 4487 1602 4566 facto
1619 4485 1789 4593 predicto

363 4616 529 4709 tulisset,
551 4634 588 4695 et
607 4618 695 4725 ipsi,
716 4647 737 4695 a
757 4618 858 4697 dicto
873 4619 1061 4726 judicato,
1082 4637 1263 4728 tanquam
1282 4649 1303 4696 a
1322 4618 1415 4697 falso
1436 4636 1474 4697 et
1491 4646 1620 4725 pravo,
1637 4617 1686 4693 ad
1701 4646 1787 4697 nos-

364 4762 462 4823 tram
477 4747 619 4827 curiam
639 4748 889 4857 appellassent
901 4782 909 4827 ι
921 4752 1108 4840 Tandem,
1124 4751 1164 4827 in
1185 4779 1294 4829 caum
1310 4751 1407 4828 dicte
1424 4747 1788 4857 appellacionispar-

365 4873 469 4953 tibus
488 4877 528 4952 in
543 4879 644 4957 cirria
661 4880 815 4969 auditis,
832 4881 919 4959 risis
936 4881 1174 4989 processibus
1191 4910 1306 4990 super
1318 4882 1392 4959 hoc
1411 4881 1551 4959 habitis
1570 4908 1697 4958 coram
1712 4878 1790 4956 bat-

365 5004 438 5087 liro
458 5006 628 5114 predicto
651 5027 688 5087 et
708 5028 850 5116 puncto
872 5029 972 5091 carte
996 5012 1211 5123 communie
1229 5011 1414 5119 predicto,
1437 5041 1505 5119 per
1527 5011 1632 5090 csrric
1654 5026 1783 5087 nostre
