4450 6209
731 730 1003 837 uuouurus
1029 746 1092 817 ur
1120 728 1326 819 esoces.
1668 749 1741 819 315

316 923 404 970 vum
425 891 517 969 dicti
544 888 710 995 episcopi
731 888 948 996 appellavit,
970 886 1036 994 qrri
1059 886 1220 964 ballivus
1239 887 1498 997 cognicionem
1525 906 1563 964 et
1584 888 1744 967 decisio·
1782 897 1970 957 snrrrrrrrv,

318 1050 407 1102 uem
420 1022 520 1099 dicte
531 1048 642 1098 cause
657 1020 923 1127 appeliaciouis
936 1035 1030 1095 tunc
1042 1018 1194 1097 Nicolao
1208 1018 1242 1096 le
1256 1020 1439 1097 Porteem
1449 1020 1660 1112 commisit;
1678 1022 1742 1127 qui
1846 989 1907 1029 Μ’

270 1138 282 1149 .
317 1153 694 1258 commissarius‚per
700 1151 893 1259 judicium
902 1179 1034 1239 suum,
1049 1150 1211 1255 predicti
1223 1149 1402 1257 prepositi
1408 1151 1595 1259 judicium
1607 1149 1744 1230 confir-

318 1287 450 1375 oravit,
473 1285 619 1362 dictam
632 1284 838 1361 Mariorum
851 1282 951 1360 maie
971 1281 1176 1389 appellasse
1195 1283 1498 1389 pronuncianda
1514 1312 1534 1361 a
1552 1310 1635 1390 quo
1642 1284 1745 1391 judi-

178 1404 187 1420 ⁸
318 1436 421 1505 cato,
445 1432 637 1523 tamquam
658 1444 680 1493 a
698 1414 791 1493 saiso
810 1432 851 1492 et
868 1442 996 1521 pravo,
1018 1414 1142 1491 dictus
1160 1414 1343 1493 Macistus
1366 1414 1505 1492 iterum
1527 1414 1575 1491 ad
1601 1415 1743 1493 dictum

318 1548 500 1627 bailivum
515 1546 679 1653 qiiroopi
699 1545 914 1653 appellavit3
931 1546 999 1651 qui
1012 1542 1173 1622 ballivus
1192 1545 1326 1622 iterato
1344 1544 1604 1651 cogniciouem
1621 1563 1661 1621 st
1680 1546 1746 1624 de·

319 1681 502 1762 cisiouem
518 1677 621 1754 dicte
647 1676 915 1784 appellacionis
938 1704 1048 1753 cause
1069 1674 1255 1754 Gaut'rido
1277 1675 1328 1751 de
1349 1674 1511 1755 Niur'aco
1536 1676 1742 1767 commisit,

318 1812 385 1918 qui
402 1807 625 1900 Gaufridus,
648 1834 717 1913 per
734 1807 925 1914 judicium
942 1834 1076 1895 suum,
1097 1804 1360 1911 pronunciavit
1378 1805 1523 1883 dictum
1541 1808 1743 1885 Muciorum

318 1944 418 2021 bens
438 1940 663 2049 appellasse,
688 1957 727 2039 et
741 1938 910 2047 judicata
934 1938 1104 2045 predicta
1127 1938 1318 2016 dictorum
1337 1938 1516 2045 prepositi
1539 1955 1578 2015 et
1595 1938 1746 2046 Nicolsy

319 2071 537 2161 infirmavit3
557 2099 578 2147 a
595 2098 674 2178 quo
685 2069 874 2177 judicato,
888 2087 1084 2176 tsmqusm
1104 2098 1125 2147 a
1147 2068 1239 2148 falso
1256 2085 1295 2146 et
1308 2096 1437 2175 pravo,
1462 2069 1586 2146 dictus
1603 2070 1747 2147 Goute-

319 2205 399 2281 rius
416 2202 466 2279 ad
483 2194 651 2279 nostram
668 2202 812 2279 curiam
831 2198 1032 2308 appellavit
1052 2228 1067 2279 z·
1082 2202 1180 2280 Visis
1199 2200 1314 2307 igiorr
1328 2199 1565 2307 processibus
1579 2200 1746 2277 antedic-
1841 2182 1842 2185 ¹

318 2337 385 2421 tis,
403 2350 440 2411 et
451 2333 593 2411 auditis
606 2333 822 2411 rarioribus
836 2333 1005 2439 parcium
1017 2330 1291 2439 predictarum,
1307 2358 1376 2437 per
1389 2332 1490 2409 curie
1506 2348 1633 2409 nostre
1643 2332 1743 2439 judi·

321 2466 440 2555 cium,
462 2464 607 2542 dictum
630 2464 704 2541 fuit
727 2464 872 2541 dictum
888 2462 1118 2542 Gausn'dum
1139 2461 1236 2539 male
1257 2461 1447 2568 judicasse
1473 2479 1511 2540 et
1535 2460 1746 2567 predictum

320 2594 546 2673 Gonterium
570 2596 669 2673 bene
693 2593 915 2701 appellasse3
943 2612 981 2671 ct
1004 2592 1196 2701 peridem
1216 2590 1404 2699 judiciem
1428 2590 1648 2669 confirmata
1669 2590 1748 2668 firc-

320 2744 410 2803 runt
423 2726 523 2803 dicta
537 2726 705 2834 judicata
723 2727 904 2833 prepositi
920 2744 958 2803 et
976 2725 1126 2832 Nicolay
1140 2724 1407 2830 predictorum.

377 2856 426 2936 Μ.
449 2858 493 2933 Β,
516 2855 564 2932 de
580 2858 617 2933 T
618 2854 771 2934 hibotot
788 2857 1001 2962 reportavit.

377 3120 469 3194 LXI.
500 3120 635 3197 Coram
655 3116 794 3195 ballivo
813 3118 1035 3195 bituricensi
1057 3118 1254 3223 proposuit
1268 3118 1487 3222 procurator
1506 3133 1644 3206 noster,
1666 3142 1751 3193 cou-

321 3266 377 3324 tra
397 3245 571 3325 abbatem
592 3266 631 3325 et
647 3264 873 3325 conventum
897 3247 944 3325 de
965 3246 1262 3353 Burgc-Dolensi
1284 3263 1473 3323 eteorum
1491 3262 1749 3352 preceptorem

323 3378 611 3486 Sancti-Hylasii,
623 3378 730 3483 quod
743 3378 897 3484 quidam
913 3378 1087 3455 monachi
1108 3378 1207 3455 dicte
1229 3375 1399 3467 abbacie,
1417 3392 1550 3453 euntes
1564 3378 1693 3452 armati
1713 3395 1750 3453 et
1862 3418 1864 3425 ·

324 3538 411 3585 cum
437 3509 609 3597 ensibus,
634 3506 747 3586 clavis
768 3525 806 3585 et
829 3508 990 3597 baculis,
1013 3509 1062 3585 de
1085 3526 1263 3615 precepto
1289 3524 1328 3584 et
1348 3506 1544 3584 voluntate·
1563 3507 1751 3585 dictorum

324 3639 471 3719 abbatis
491 3656 531 3718 ot
549 3658 757 3719 conventus
777 3668 819 3717 sc
838 3640 1084 3746 prorupturis,
1102 3666 1177 3716 uua
1194 3666 1280 3717 cum
1296 3636 1449 3715 Nicolao
1465 3636 1565 3715 dicto
1580 3636 1618 3713 le
1633 3638 1748 3728 Beue,

324 3773 508 3849 serviente
533 3789 681 3861 nostro,
703 3788 889 3848 venerunt
906 3770 955 3848 ad
978 3771 1184 3878 quemdam
1205 3770 1331 3848 locum
1351 3768 1467 3847 situm
1493 3770 1532 3843 iu
1553 3768 1752 3874 parrochia

324 3903 430 3980 dela
451 3904 718 3994 Brswuuiere,
741 3932 851 3981 causa
875 3903 1024 3981 levandi
1049 3921 1087 3982 et
1113 3900 1344 4010 percipiendi
1369 3899 1554 3979 decimam
1582 3900 1621 3977 in
1649 3898 1750 3977 dicto

325 4034 410 4109 loco
421 4093 429 4120 ,
442 4050 669 4109 cumtamen
680 4060 794 4138 super
810 4035 1046 4138 possessione
1062 4031 1296 4139 percipiendi
1310 4030 1448 4108 dictam
1461 4029 1647 4107 decimam
1662 4048 1751 4105 tuuc

327 4180 425 4240 esset
445 4162 625 4258 debstum
646 4163 744 4239 iuter
765 4163 883 4269 ipsos,
909 4192 953 4239 er
970 4193 1045 4241 uns
1065 4181 1189 4269 parte,
1212 4180 1250 4241 et
1267 4160 1443 4241 abbatem
1465 4178 1502 4237 et
1525 4177 1749 4239 corrveutum

326 4294 595 4370 Maciacsusem
623 4320 834 4399 eorumque
856 4296 1021 4401 priorem
1048 4294 1097 4370 de
1124 4292 1368 4375 bretonnsria
1391 4307 1433 4368 ct
1456 4306 1626 4367 miratum
1656 4290 1752 4395 ejus·

328 4424 417 4501 dem
435 4423 527 4517 loci,
542 4452 587 4501 es
600 4424 730 4513 alters,
746 4426 810 4532 qui
826 4426 929 4532 prior
940 4442 982 4501 et
996 4441 1147 4504 curatus
1161 4452 1204 4499 ac
1219 4438 1438 4529 procurator
1451 4420 1598 4499 abbatis
1614 4438 1652 4496 et
1666 4448 1752 4497 cou-

326 4572 460 4634 vontus
471 4555 729 4661 predictorum
748 4556 1034 4634 Maciaceusium
1047 4572 1139 4632 tunc
1159 4570 1265 4631 erant
1278 4553 1317 4629 in
1332 4552 1435 4629 dicto
1454 4551 1556 4639 ioco,
1574 4578 1648 4627 uua
1659 4577 1750 4627 cum

329 4687 494 4793 Symone
506 4686 613 4767 dicto
632 4687 743 4779 Dur-i,
765 4688 949 4765 serviente
969 4705 1115 4774 nostro,
1139 4684 1484 4788 eisdemdcputato
1504 4680 1552 4756 sd
1567 4681 1753 4761 tenendos

329 4817 433 4921 ipsos
454 4818 493 4890 in
518 4819 595 4921 saris
612 4818 725 4926 justis
748 4819 1048 4925 possessionibus
1070 4836 1107 4894 et
1131 4846 1152 4894 a
1176 4814 1368 4894 vicimrciis
1391 4829 1429 4888 et
1448 4812 1753 4919 oppressionibus

331 4944 627 5037 deffendendum
652 4978 814 5055 cumque
839 4968 997 5055 utraque
1025 4974 1111 5055 pars
1137 4948 1257 5025 levare
1286 4964 1324 5023 ot
1346 4943 1538 5051 percipere
1568 4944 1754 5021 niteretur

332 5078 518 5154 decimam
532 5080 677 5159 deloco
686 5081 858 5187 predicto
868 5142 877 5169 ,
889 5082 1012 5157 dictus
1029 5080 1188 5189 Symon,
1206 5096 1359 5184 propter
1372 5074 1551 5154 debatum
1564 5076 1749 5179 parcium,

1577 5236 1626 5297 lto.
