4450 6209
723 726 989 837 euoutrus
1016 744 1080 815 nr
1106 727 1312 818 rancus.
1657 744 1731 822 ass

308 887 417 967 nobis
434 905 470 965 et
490 888 675 995 armigero
692 886 900 996 allegatam,
923 902 1108 995 quantum
1130 886 1179 962 ad
1198 914 1324 963 casum
1345 887 1392 965 de
1410 888 1632 996 quoagitur,
1651 916 1731 966 esse
1770 910 1901 964 Parnm
1914 908 1959 976 tv,

307 1017 518 1128 probatam,
541 1035 578 1096 et
593 1018 737 1096 dictum
753 1020 958 1127 Symonem
977 1016 1292 1096 consuetudinem
1307 1016 1515 1125 predictam
1526 1046 1596 1124 per
1609 1019 1732 1124 ipsum
1831 1002 1886 1045 ¹⁸⁰⁹

307 1149 504 1259 allegatam
528 1146 758 1227 sufficienler
779 1149 976 1255 probasse,
1005 1176 1073 1255 per
1098 1148 1201 1227 curie
1227 1165 1353 1225 nostre
1374 1148 1565 1255 judicium
1589 1150 1732 1228 dictum

309 1280 381 1359 luit
403 1280 508 1387 quod
533 1308 670 1359 manus
686 1296 829 1371 nostra,
860 1281 900 1357 in
925 1281 1036 1359 bonis
1063 1279 1154 1357 dicti
1179 1279 1361 1358 lobannis
1389 1279 1425 1356 le
1450 1281 1654 1372 Prouhain‚
1678 1310 1735 1359 ra·

311 1412 418 1488 cione
440 1411 712 1518 premissorum
733 1411 917 1517 apposita,
938 1413 1027 1490 inde
1047 1409 1285 1489 amovebitur
1303 1436 1423 1517 usque
1442 1410 1491 1488 ad
1510 1438 1737 1489 concurren-

311 1558 389 1621 tem
410 1570 595 1621 summam
613 1542 710 1620 dicte
731 1541 830 1621 dotis
846 1543 975 1648 petite.

367 1672 468 1750 lovis
485 1689 572 1780 post
589 1672 702 1753 Oculi
722 1672 819 1749 mei·

370 1802 471 1911 Roye
487 1802 696 1909 reportavit.

370 2066 477 2145 LXll.
508 2069 611 2174 Mota
629 2064 714 2160 lite,
737 2066 775 2144 in
801 2094 910 2147 causa
929 2066 1193 2176 appellacionis
1210 2067 1405 2174 interjecta
1425 2094 1494 2173 per
1515 2066 1738 2146 Michaelem

314 2202 458 2277 Fourre
480 2216 518 2277 et
538 2198 789 2278 Guillelmum
810 2199 859 2276 de
878 2202 1001 2307 Pynu‚
1023 2216 1114 2275 tunc
1134 2200 1336 2276 servientes
1364 2215 1513 2276 nostros
1532 2200 1571 2277 in
1591 2198 1740 2275 ballivia

315 2329 613 2420 Constanciensi,
629 2356 741 2436 super
751 2326 925 2435 pluribus
940 2327 1350 2433 condempnacionibus
1363 2327 1468 2405 factis
1482 2344 1611 2405 contra
1621 2329 1738 2433 ipsos,

314 2476 392 2537 tam
404 2489 473 2565 pro
491 2459 618 2547 nobis,
639 2486 753 2566 quam
769 2486 839 2565 pro
853 2476 957 2563 parte
971 2459 1206 2564 requirente,
1221 2485 1290 2563 per
1304 2457 1500 2563 magistros
1514 2460 1554 2533 P.
1570 2457 1618 2535 de
1632 2456 1742 2534 Arre-

315 2588 444 2697 blayo,
466 2590 774 2668 archidiaconum
795 2576 1076 2667 borbonensem
1089 2589 1127 2664 in
1142 2588 1298 2665 ecclesia
1309 2588 1549 2679 Bituricensi,
1564 2604 1603 2664 et
1616 2588 1743 2666 Marti·

317 2748 410 2798 num
430 2720 481 2799 de
498 2720 704 2827 (imperio,
728 2719 885 2797 clericos
905 2735 1071 2811 nostros,
1097 2719 1298 2824 deputatos
1319 2746 1339 2796 a
1360 2718 1471 2797 nobis
1490 2719 1538 2795 ad
1558 2718 1743 2826 supplica·
1874 2809 1877 2813 ,

317 2852 466 2930 cionem
483 2852 646 2958 episcopi
661 2850 896 2958 Bryoceusis,
911 2849 1244 2957 adinquirendum
1262 2851 1309 2929 de
1322 2848 1601 2958 gravaminibus
1615 2849 1742 2927 eidem

318 2983 495 3090 episcopo
514 3000 552 3060 et
570 2982 649 3060 suis
669 2981 889 3061 hominibus
911 2981 1039 3071 illatis,
1061 2998 1105 3058 ut
1122 2980 1328 3071 dicebatur,
1350 3008 1419 3087 per
1438 2980 1640 3059 servientes
1659 3006 1745 3058 nos-

318 3132 396 3192 tros
416 3113 567 3190 ballivie
588 3112 775 3220 predicte,
794 3129 832 3190 et
853 3113 902 3191 ad
920 3110 1136 3189 laciendum
1154 3108 1238 3187 lieri
1259 3111 1457 3189 emendam
1473 3111 1582 3188 nobis
1597 3128 1635 3188 et
1649 3110 1744 3217 parti

321 3244 370 3355 de
383 3244 657 3350 gravaminibus
672 3242 912 3349 hujusmodi,
930 3241 978 3319 de
988 3241 1130 3348 quibus
1140 3256 1350 3348 appareret,
1368 3269 1517 3319 necnon
1530 3241 1579 3316 ed
1589 3242 1748 3346 punien-

323 3375 414 3453 dum
436 3374 557 3452 dictos
577 3375 793 3463 servientes,
808 3373 875 3479 qui
891 3373 1149 3452 invenirentur
1163 3372 1202 3447 in
1215 3372 1407 3477 premissis
1427 3372 1655 3476 deliquisse:
1672 3372 1747 3449 Au-

323 3505 412 3584 ditis
422 3506 462 3582 in
472 3505 574 3582 curia
587 3520 714 3582 nostra
728 3502 837 3580 dictis
848 3503 1034 3609 partibus,
1047 3502 1210 3609 visisque
1223 3530 1400 3608 processu
1411 3518 1449 3580 et
1462 3501 1748 3579 condemnacio-

321 3638 435 3715 nibus
446 3633 640 3743 predictis,
658 3651 894 3742 attenteque,
909 3635 1130 3742 perlitteras
1140 3633 1369 3712 vicecomitis
1380 3632 1632 3722 Abrincensis,
1643 3634 1749 3739 quod

323 3768 410 3846 dicti
440 3763 601 3851 Michael
624 3782 665 3877 et
688 3764 917 3844 Guillelmus
938 3764 1037 3844 dicte
1063 3794 1132 3843 sue
1153 3762 1398 3871 appellacioui
1418 3762 1748 3851 renunciavenmt,

324 3918 361 3977 et
375 3926 416 3976 se
437 3898 624 3975 dictorum
646 3896 912 4003 deputatorum
930 3913 1209 4005 supposuerunt
1223 3893 1424 3984 voluntati,
1440 3919 1604 3982 necnon,
1622 3894 1752 3971 audita

325 4030 510 4108 relacione
531 4030 797 4135 deputatorum
817 4028 1092 4134 predictorum,
1113 4056 1181 4134 per
1201 4027 1304 4105 curie
1323 4006 1449 4105 nostre
1465 4024 1654 4134 judicium
1677 4026 1754 4104 dic·

323 4179 406 4239 turn
430 4159 504 4239 fuit
522 4159 627 4268 quod
649 4159 746 4237 dicte
766 4158 1133 4264 condempnaciones
1151 4156 1339 4234 tenebunt
1357 4174 1395 4235 et
1414 4157 1630 4234 excrucioni
1646 4186 1753 4233 man·

327 4292 527 4371 dabuntur.

384 4424 484 4503 lovis
503 4441 588 4531 post
606 4422 717 4503 Oculi
729 4422 827 4499 'mei

385 4688 504 4765 LXlIl
540 4686 624 4764 Lite
645 4701 767 4774 mota,
788 4684 827 4760 in
851 4682 955 4761 curia
975 4699 1120 4771 nostra,
1148 4682 1248 4760 inter
1272 4680 1445 4760 abbatem
1467 4699 1507 4758 et
1529 4681 1754 4759 conventum

331 4819 548 4895 monasterii
569 4817 618 4894 de
637 4792 1047 4923 Sancti-Eligii·Foute,
1063 4844 1106 4892 ex
1127 4842 1203 4891 una
1218 4832 1340 4920 parte,
1359 4830 1397 4891 et
1415 4813 1589 4891 abbatem
1610 4829 1647 4890 ct
1667 4840 1757 4891 con-

330 4964 485 5026 ventum
500 4948 785 5026 Sancti-Bertini
801 4945 847 5025 de
859 4946 1243 5039 Sancto-Audemaro,
1259 4963 1297 5024 et
1311 4944 1618 5023 archidiaconum
1628 4946 1757 5023 Novio-

331 5106 517 5169 mensem,
544 5106 587 5156 er
608 5076 737 5166 altera,
760 5105 874 5183 super
895 5078 1066 5185 eoquod
1087 5106 1172 5185 pars
1193 5076 1282 5155 dicti
1303 5076 1520 5155 monasterii
1544 5074 1591 5152 de
1613 5075 1757 5153 Sancti-
