4450 6209
490 730 563 807 [198
1075 740 1163 811 Les
1193 736 1334 810 OLIM.

261 890 449 953 Pnumstv,
485 892 562 951 tam
576 876 767 982 ejusdem,
788 894 955 983 exparte
975 905 1067 965 una,
1089 894 1129 955 et
1143 878 1350 956 Roberturu
1366 878 1414 954 de
1435 880 1575 987 Borgo,
1599 877 1647 955 de
1667 880 1848 969 bernone,
1871 909 1912 956 ex

324 982 386 1025 Μ
485 1006 615 1097 altera,
637 1036 751 1116 super
769 1008 944 1116 pluribus
961 1010 1110 1117 injuriis
1131 1028 1168 1087 et
1186 1009 1462 1119 gravaminibus
1476 1029 1514 1088 et
1528 1009 1702 1115 dampnis
1721 1011 1825 1087 dicto
1844 1014 1913 1087 Ro-

485 1138 629 1219 bertoe
647 1142 818 1248 predicto
838 1142 976 1231 Adam,
997 1172 1066 1248 per
1081 1172 1123 1223 se
1138 1160 1177 1219 et
1194 1162 1326 1252 gentes
1345 1174 1447 1234 suas,
1471 1162 1513 1221 ut
1532 1143 1682 1221 dicebat
1701 1144 1826 1221 dictus
1844 1147 1915 1221 Ro

486 1270 631 1365 bertus,
643 1273 774 1353 illatis:
789 1274 903 1364 Visis,
916 1275 1136 1380 porcariam
1145 1293 1329 1363 nostram,
1344 1264 1510 1355 articulis
1524 1293 1562 1355 et
1571 1273 1787 1353 racionibus
1802 1276 1915 1381 ipsius

485 1404 656 1495 Roberti,
679 1433 827 1484 necnon
853 1404 953 1483 dicte
980 1405 1111 1485 relicte
1132 1405 1418 1486 defensionibus
1437 1426 1475 1483 et
1494 1407 1721 1514 quibusdam
1740 1406 1915 1512 judicatis

484 1536 587 1611 curie
608 1554 753 1624 nostre,
776 1566 817 1615 ex
839 1555 944 1643 parte
966 1538 1066 1617 dicte
1086 1539 1232 1629 relicte,
1255 1541 1464 1647 productis,
1486 1570 1527 1617 ae
1546 1537 1784 1647 processibus
1807 1568 1917 1644 super

485 1667 560 1745 hiis
579 1668 718 1747 habitis
737 1670 837 1747 inter
857 1686 983 1774 partes
1002 1669 1206 1777 predictas,
1229 1700 1333 1761 cum,
1355 1674 1395 1750 in
1414 1670 1653 1778 processibus
1679 1672 1914 1779 hujusmodi,

484 1798 599 1879 suerit
613 1801 809 1879 inventum
827 1801 934 1908 quod
951 1802 1051 1880 dicte
1071 1820 1214 1907 partes,
1233 1831 1345 1909 super
1364 1804 1559 1910 predictis,
1583 1821 1865 1909 supposuerunt
1879 1832 1917 1905 se

487 1933 721 2011 ordinacioni
741 1950 887 2021 nostre,
908 1962 996 2025 nos,
1017 1962 1151 2013 omnes
1174 1935 1359 2013 dictarum
1379 1936 1548 2041 parcium
1572 1935 1778 2013 discordias
1798 1964 1917 2040 usque

486 2064 533 2139 ad
554 2080 770 2171 presentem
789 2062 892 2141 diem
911 2094 981 2171 per
999 2066 1282 2145 ordinacionem
1300 2085 1465 2145 nostram
1487 2067 1644 2145 omnino
1664 2068 1867 2144 terminare
1883 2084 1919 2142 et

486 2199 610 2304 sopire
627 2198 809 2287 volentes,
828 2228 961 2279 omnes
975 2201 1194 2307 questiones
1213 2229 1280 2279 seu
1299 2202 1507 2307 peticiones
1524 2204 1623 2279 inter
1641 2220 1764 2309 partes
1780 2201 1921 2307 predic-

485 2348 541 2407 tas
560 2329 784 2436 pendentes,
804 2348 842 2407 et
857 2359 932 2438 que
946 2349 1101 2438 propter
1118 2331 1214 2410 sacta
1231 2334 1359 2410 omnia
1379 2334 1558 2411 hactenus
1573 2336 1750 2441 preterita
1767 2351 1921 2440 possent

486 2460 585 2538 inter
609 2490 670 2540 eas
694 2461 801 2552 oriri,
827 2492 896 2569 per
914 2461 1198 2542 ordinacionem
1220 2470 1387 2542 nostram'
1407 2467 1572 2545 totaliter
1590 2494 1822 2555 amovemus,
1849 2496 1923 2543 cas-

486 2621 611 2670 samus
630 2613 669 2671 et
683 2595 913 2687 anullamus,
932 2596 1173 2703 injungentes
1190 2597 1288 2673 dicte
1307 2597 1436 2675 relicte
1456 2597 1561 2704 quod
1571 2598 1648 2703 ipsa
1662 2598 1832 2705 predicto
1847 2600 1921 2674 Ro-

485 2724 611 2813 berto,
633 2726 771 2805 virtute
789 2725 973 2832 presentis
994 2726 1250 2807 ordinacionis
1274 2745 1417 2817 nostre,
1445 2745 1629 2807 trecentas
1653 2729 1767 2807 libras
1797 2730 1922 2805 Turo-

488 2885 639 2945 nenses,
661 2857 758 2936 infra
774 2858 917 2936 instans
933 2857 1073 2937 festum
1088 2859 1329 2939 Ascensionis
1343 2862 1518 2949 Domini,
1539 2863 1680 2970 integre
1701 2863 1886 2967 persolvat
1896 2870 1918 2937 ¹.

544 2990 701 3067 Veneris
720 3006 807 3067 ante
820 2992 957 3067 Ramos
976 2991 1201 3069 Psimarum.

545 3253 652 3333 Cvss.
681 3254 780 3333 Cum
796 3255 1019 3364 Radrdpbus
1032 3258 1080 3336 de
1093 3258 1237 3365 Nigelin
1253 3258 1409 3337 domino
1428 3261 1519 3368 Regi
1539 3261 1804 3339 denunciasset
1817 3261 1921 3367 quod

488 3386 679 3464 Jobannes
699 3386 747 3464 de
767 3386 885 3475 Fnlvi,
907 3388 1072 3479 scutifer,
1097 3390 1194 3468 duos
1210 3390 1328 3496 ipsius
1342 3391 1531 3498 Radulphi
1550 3392 1705 3470 velletor
1722 3393 1922 3469 vileniave-
1960 3472 1963 3477 ,

487 3535 559 3609 rat,
578 3518 772 3609 videlieet,
792 3520 1006 3601 Jobanneto
1026 3523 1169 3601 Kesnot
1188 3530 1344 3601 nervos²
1361 3526 1606 3631 junctorum,
1630 3542 1668 3601 et
1686 3526 1853 3601 Mabieto
1873 3524 1922 3600 de

487 3650 581 3727 Mari
601 3678 733 3730 aurern
752 3651 961 3729 absciderat
980 3670 1018 3731 et
1036 3652 1194 3761 injuste,
1216 3654 1449 3761 requirendo
1466 3656 1560 3733 sacta
1576 3656 1800 3764 hujusmodi
1821 3685 1924 3733 conr-

487 3798 660 3885 petenter
685 3783 898 3872 emendari,
922 3802 977 3872 et,
999 3783 1093 3861 sacta
1121 3814 1235 3893 super
1258 3786 1347 3875 hoc,
1373 3787 1446 3864 sub
1471 3806 1572 3865 certa
1594 3788 1730 3876 forma,
1753 3790 1922 3866 commis

487 3912 593 3988 sione
605 3910 744 3988 ballivo
760 3913 1065 4005 Viromandensi,
1089 3934 1127 3994 et
1141 3917 1314 4024 inquesta
1333 3948 1447 4027 super
1466 3920 1539 3997 boc
1551 3950 1621 4027 per
1638 3950 1727 3997 eum
1743 3921 1856 4010 facta,
1874 3922 1921 3996 ad

489 4043 631 4119 curiam
647 4061 851 4150 reportata,
869 4048 1088 4127 continente
1103 4050 1357 4131 confessiones
1375 4070 1413 4130 et
1427 4052 1664 4133 defensiones
1679 4054 1768 4131 dicti
1782 4055 1920 4131 Johan-

489 4175 561 4262 nis,
584 4204 628 4252 ex
653 4194 757 4282 parte
776 4177 894 4285 ipsius
913 4181 1111 4273 iohannis,
1138 4182 1268 4289 plures
1289 4183 1446 4262 suemnt
1465 4186 1656 4293 preposite
1681 4188 1849 4263 raciones
1873 4188 1919 4262 ad

488 4306 605 4383 finem
630 4307 825 4386 anullandi
854 4312 991 4390 dictam
1019 4314 1233 4421 inquestam
1260 4334 1298 4393 et
1322 4317 1441 4394 eciam
1468 4319 1667 4397 excusandi
1694 4319 1837 4395 dictum
1858 4320 1920 4394 Jo-

487 4439 652 4517 bannem
676 4468 791 4547 super
815 4441 922 4523 factis
943 4446 1138 4551 predictis,
1161 4447 1333 4554 pluribus
1353 4450 1569 4528 rationibus
1593 4480 1662 4557 per
1682 4452 1826 4531 dietum
1850 4454 1917 4528 Ra-

488 4569 676 4676 dulpbum
690 4574 893 4679 propositis
903 4606 949 4654 ex
964 4578 1119 4658 adverso
1135 4610 1143 4657 :
1160 4581 1347 4671 Tandem,
1363 4583 1502 4661 auditis
1517 4583 1705 4661 hincinde
1717 4570 1918 4690 propositis

489 4719 526 4776 et
550 4704 626 4779 visa
646 4703 819 4811 inqueste
846 4709 1014 4813 predicta
1035 4728 1074 4787 et
1098 4711 1397 4792 confessionibus
1418 4714 1506 4793 dicti
1525 4716 1706 4795 Jobannis
1725 4716 1915 4795 incudem

489 4834 689 4924 contentis,
712 4864 780 4939 per
800 4818 902 4915 curie
923 4858 1050 4918 nostre
1066 4842 1275 4950 judicium,
1293 4844 1395 4921 idem
1410 4847 1600 4925 iohannes
1620 4848 1916 4953 condempnatus

532 5014 612 5077 ¹0n
632 5017 716 5079 iiten
738 5033 859 5104 merge:
881 5026 1166 5111 oacataiibietinse·
1286 5029 1513 5092 'Liseaneruos
1563 5046 1567 5055 ’

488 5142 554 5180 rcus.
