4450 6209
526 725 599 801 568
1106 731 1196 804 LES
1231 732 1371 807 OLIM.

298 876 427 931 renim
442 877 484 938 Νι
523 876 803 953 Turonensium
819 902 1035 982 parvorum,
1052 903 1121 982 pro
1136 877 1307 981 expensis
1322 877 1421 954 dicte
1439 907 1547 956 cause
1562 879 1844 985 appellacionis,
1864 911 1943 960 con-

359 971 422 1014 ¹³¹⁰'
523 1006 758 1112 dempnavit3
776 1033 796 1082 a
811 1033 883 1113 qua
899 1004 1055 1113 quidem
1071 1007 1261 1083 sentencia
1274 1035 1360 1114 pars
1376 1025 1552 1116 utraque,
1569 1007 1609 1086 in
1625 1027 1810 1118 quantum
1823 1030 1940 1090 contra

524 1169 562 1216 se
583 1137 754 1229 faciebat,
776 1137 823 1215 ad
842 1154 1006 1214 nostram
1022 1137 1163 1214 curiam
1185 1138 1405 1244 appellarit:
1425 1141 1522 1218 Visis
1541 1143 1658 1249 igitur
1673 1140 1785 1218 dictis
1803 1119 1940 1248 proces-

523 1270 625 1346 sibus
645 1287 683 1348 et
699 1269 901 1377 diligenter
915 1269 1148 1357 examinatis,
1165 1298 1234 1376 per
1245 1269 1347 1347 curie
1362 1289 1489 1349 nostre
1497 1271 1703 1380 judicium,
1719 1273 1863 1349 dictum
1877 1275 1940 1352 suit

523 1400 734 1506 predictum
760 1402 887 1478 locum
910 1416 1102 1477 tenentem
1132 1398 1324 1478 senescalli
1347 1400 1647 1480 Carcassonensis
1666 1402 1785 1492 bene,
1809 1403 1846 1478 in
1864 1433 1939 1510 pre-

522 1531 632 1610 dictis
651 1531 841 1620 omnibus,
864 1531 1130 1638 pronunciasse
1147 1547 1185 1607 et
1203 1530 1386 1636 predictas
1405 1550 1528 1638 partes
1548 1533 1646 1609 male
1666 1532 1886 1638 appellasse,
1907 1554 1939 1612 et

521 1663 810 1741 demandabitur
829 1662 1016 1740 sentencia
1037 1662 1154 1768 ipsius
1174 1661 1300 1739 locum
1319 1664 1484 1741 tenentis
1503 1665 1729 1742 executioni.

578 1795 678 1873 lovis
693 1811 777 1902 post
797 1796 976 1872 Sanctum
997 1793 1220 1900 Georgium,
1243 1821 1341 1871 anno
1361 1797 1625 1874 trecentesimo
1644 1796 1863 1875 undecimo.

579 1929 752 2006 Decanus
772 1924 992 2004 Casletensis
1010 1925 1222 2030 reportavit.

580 2197 700 2271 LXlll.
734 2193 814 2270 Lite
831 2211 949 2283 mota,
967 2194 1006 2268 in
1021 2191 1123 2269 curia
1138 2208 1279 2281 nostra,
1295 2193 1806 2283 interlohannam,uxorem
1818 2195 1942 2271 loban

525 2327 580 2402 nis
596 2326 644 2403 de
659 2324 847 2413 Machiau,
862 2323 995 2401 militis
1011 2342 1048 2401 et
1062 2323 1284 2401 cambellani
1300 2323 1435 2414 nostri,
1450 2341 1611 2430 exparte
1625 2353 1717 2414 una,
1735 2343 1775 2402 et
1791 2325 1943 2404 Guillel·

523 2487 647 2546 mum,
663 2455 862 2533 dominum
879 2456 926 2531 de
942 2455 1106 2545 Yvriaco,
1124 2456 1303 2543 militem,
1322 2483 1365 2532 ex
1382 2454 1513 2546 altera,
1529 2484 1644 2561 super
1663 2485 1709 2532 eo
1724 2455 1831 2562 quod
1846 2474 1942 2563 pete-

523 2587 586 2664 bat
600 2588 697 2665 dicta
709 2587 894 2679 lohanna,
916 2616 1000 2664 cum
1019 2586 1239 2664 auctoritate
1258 2586 1346 2663 dicti
1363 2587 1484 2665 mariti
1502 2588 1577 2676 sui,
1597 2586 1794 2676 declarari,
1815 2605 1868 2675 et,
1884 2616 1943 2692 per

525 2720 623 2796 dicte
647 2720 748 2796 curie
775 2736 900 2796 nostre
918 2717 1125 2825 judicium,
1147 2719 1387 2825 pronunciari
1412 2717 1537 2795 villam
1562 2716 1890 2823 Sancti-Padulphi
1912 2734 1944 2793 et

524 2849 649 2926 villam
670 2849 717 2925 de
735 2849 875 2926 Nofron
893 2879 978 2925 cum
999 2847 1242 2954 pertinenciis
1259 2849 1479 2925 earumdem
1499 2866 1537 2926 et
1550 2847 1724 2955 pluribus
1739 2847 1824 2925 aliis
1838 2847 1943 2925 rebus

526 2981 761 3057 hereditariis
779 2982 817 3056 in
832 2980 996 3057 articulis
1017 2979 1133 3086 ipsius
1151 2979 1321 3058 lohanne
1340 2980 1549 3068 declaratis,
1568 3010 1612 3055 ex
1628 3009 1736 3055 causa
1750 2979 1945 3056 successio

525 3113 582 3187 nis
603 3109 777 3189 defuncte
792 3109 963 3187 lohanne
985 3110 1033 3186 de
1051 3111 1189 3199 Barris,
1210 3111 1339 3188 matris
1354 3139 1419 3186 sue
1435 3109 1644 3215 quondam,
1661 3138 1728 3186 sua
1744 3137 1827 3186 esse
1848 3127 1885 3186 et
1902 3109 1944 3183 ad

525 3271 580 3332 se,
592 3259 785 3349 tamquam
798 3243 979 3318 heredem
991 3240 1196 3318 insolidum
1211 3241 1310 3318 dicte
1324 3240 1516 3330 defuncte,
1531 3242 1737 3346 pertinere,
1755 3257 1793 3316 et
1805 3240 1942 3317 dictum

525 3374 724 3451 dominum
740 3374 787 3451 dc
803 3372 954 3450 Yvriaco
971 3371 1238 3478 condempnari
1256 3389 1294 3450 et
1308 3371 1483 3478 compelli
1500 3371 1547 3448 ad
1562 3371 1802 3448 reddendum
1824 3389 1861 3448 et
1875 3401 1944 3447 res-

524 3506 739 3583 tituendum
758 3505 882 3582 eidem
902 3504 1098 3611 premissa,
1115 3533 1191 3581 una
1211 3531 1298 3580 cum
1316 3503 1500 3580 fructibus
1521 3503 1609 3580 inde
1628 3503 1830 3609 perceptis3
1849 3503 1942 3579 dicto

525 3638 681 3714 domino
704 3637 750 3713 de
776 3636 929 3712 Yvriaco
952 3635 991 3710 in
1014 3635 1244 3712 contrarium
1265 3650 1500 3741 proponente
1525 3650 1562 3710 ct
1583 3633 1712 3711 multis
1735 3633 1942 3711 racionibus

526 3784 711 3845 asserente
732 3767 858 3844 omnia
876 3765 1055 3869 premissa
1082 3767 1128 3841 ad
1150 3793 1206 3855 se,
1228 3794 1271 3842 ex
1287 3767 1392 3873 justo
1418 3783 1455 3842 et
1479 3764 1663 3872 legittimo
1682 3763 1809 3848 titulo,
1835 3764 1943 3871 perti-

525 3925 637 3974 nere:
657 3899 766 3973 Facta
781 3895 894 4002 igitur
907 3923 1019 4002 super
1032 3897 1223 4002 premissis
1238 3897 1422 4003 inquesta,
1441 3914 1478 3974 et
1490 3897 1593 3974 curie
1605 3914 1731 3974 nostre
1744 3911 1940 4001 reportata,

526 4027 602 4103 visa
621 4044 659 4103 et
678 4024 878 4133 diligenter
896 4008 1116 4114 examinata,
1135 4027 1222 4133 quia
1240 4027 1433 4104 inventum
1454 4045 1525 4116 est,
1543 4055 1656 4134 super
1668 4025 1842 4135 pluribus
1861 4053 1943 4102 con-

526 4157 809 4248 suetudinibus,
833 4156 1041 4264 apartibus
1066 4159 1104 4234 in
1129 4158 1229 4235 dicto
1252 4185 1431 4264 processu
1451 4158 1633 4265 allegatis,
1655 4175 1768 4236 testes
1787 4159 1825 4234 in
1847 4155 1942 4236 suffi-

527 4291 639 4368 cienti
662 4317 821 4366 numero
844 4289 1148 4396 adprobandum
1178 4288 1293 4366 dictas
1313 4291 1605 4367 consuetudines
1627 4317 1704 4367 non
1723 4289 1836 4366 fuisse
1864 4316 1943 4394 pro

417 4427 421 4434 “
528 4425 676 4513 ductos,
696 4439 733 4500 et
747 4424 872 4500 minus
888 4420 1116 4500 sufficienter
1132 4423 1395 4528 interrogatos,
1412 4450 1481 4528 per
1492 4422 1593 4498 curie
1610 4437 1736 4499 nostre
1741 4419 1940 4527 judicium,

528 4555 671 4631 dictum
691 4553 764 4630 suit
783 4553 886 4660 quod
908 4553 1005 4629 dicta
1026 4555 1197 4660 inquesta
1218 4553 1267 4629 ad
1285 4581 1439 4660 presens
1457 4581 1535 4631 non
1550 4549 1793 4660 judicabitur,
1815 4550 1880 4630 sed
1899 4548 1944 4624 ad

529 4685 619 4760 alios
647 4686 838 4762 auditores
863 4685 1086 4774 remittetur,
1113 4685 1179 4790 qui
1204 4713 1319 4792 super
1343 4685 1486 4761 eisdem
1512 4683 1678 4760 articulis
1701 4681 1942 4759 sufficientem

528 4843 728 4891 numerum
740 4816 913 4903 testium,
929 4815 975 4890 ad
991 4814 1229 4921 probandum
1246 4814 1362 4891 dictas
1377 4813 1686 4902 consuetudines,
1697 4813 1802 4921 justa
1821 4809 1944 4887 stilum

529 4943 632 5020 curie
655 4961 799 5035 nostre,
821 4945 1020 5034 vocabunt,
1051 4961 1090 5021 et
1119 4973 1183 5022 eos
1207 4944 1431 5054 diligencius
1451 4943 1730 5031 examinabunt,
1755 4959 1793 5018 et
1812 4941 1944 5018 dictam
1989 5027 1995 5036 ¹

525 5075 738 5182 inquestam
753 5074 953 5180 perfectam
968 5076 1070 5152 curie
1093 5094 1217 5154 nostre
1237 5075 1494 5182 reportabunt.
