4450 6209
511 697 590 774 tat
1091 697 1182 770 LES
1212 696 1353 770 OblM.

289 847 418 904 ennam
430 847 474 910 IV·
513 839 630 916 Jehan
649 852 732 916 tout
750 834 787 914 le
804 833 905 914 droit
928 833 1018 942 qu'il
1036 835 1215 941 povoient
1232 839 1335 915 avoir
1358 836 1459 915 esdia
1480 836 1671 926 muebies,
1696 853 1735 915 et
1752 841 1873 945 parmi
1892 871 1933 919 ce

351 937 413 980 ’ω’
514 969 650 1050 acorde
675 985 732 1046 est
754 995 830 1075 que
859 965 954 1043 ledit
980 966 1101 1045 Jehan
1125 968 1251 1074 paieru
1274 968 1331 1047 les
1354 967 1487 1046 debtes
1515 996 1591 1074 que
1617 968 1647 1046 il
1674 985 1714 1046 et
1736 967 1850 1047 ladite
1871 970 1933 1050 feu

513 1101 701 1188 Jehanne,
721 1125 760 1174 aa
785 1095 900 1185 fame,
920 1095 1098 1175 devoient
1120 1125 1174 1176 ou
1195 1114 1321 1205 temps
1341 1099 1389 1176 de
1409 1126 1449 1177 sa
1469 1115 1584 1189 mort,
1609 1116 1648 1176 et
1672 1098 1729 1176 ies
1751 1098 1820 1178 luis
1838 1103 1931 1179 aussi

513 1259 587 1340 que
609 1229 723 1309 ladite
742 1228 911 1306 Jebaune
931 1225 1009 1315 fist,
1031 1245 1070 1306 et
1088 1255 1136 1305 en
1159 1258 1180 1304 a
1202 1228 1346 1335 promis
1367 1256 1388 1305 a
1412 1229 1579 1336 aequiter
1603 1247 1643 1306 et
1661 1228 1825 1308 debvrer
1842 1232 1931 1310 ledit

512 1360 728 1440 Guillaume
745 1376 838 1436 etse
858 1355 976 1448 inme,
1000 1374 1151 1465 excepte
1171 1357 1207 1436 la
1223 1374 1331 1437 rente
1345 1387 1367 1436 a
1380 1359 1537 1436 amortir
1550 1388 1626 1467 que
1645 1359 1721 1438 elle
1739 1390 1761 1436 a
1776 1359 1929 1439 laissiea

514 1492 672 1570 certains
689 1490 787 1568 lieus
805 1518 825 1566 a
840 1488 976 1567 sunder
990 1487 1162 1594 chapeles
1181 1489 1319 1595 aprier
1333 1515 1431 1596 pour
1446 1490 1555 1567 l‘ame
1571 1489 1620 1568 de
1638 1488 1707 1567 lui.
1722 1491 1866 1568 Toutes
1879 1491 1930 1569 ies

512 1623 646 1700 choses
665 1621 777 1698 desan
797 1619 895 1698 dites
915 1636 983 1697 ont
1000 1617 1155 1696 lesdites
1174 1619 1313 1725 parties
1330 1619 1473 1724 promis
1496 1648 1519 1698 a
1541 1619 1643 1698 tenir
1660 1646 1729 1726 par
1746 1617 1782 1694 ia
1802 1618 1866 1725 foy
1884 1619 1929 1696 de

512 1753 615 1831 leurs
640 1780 738 1842 cors,
764 1768 803 1830 et
826 1752 875 1829 de
895 1778 973 1829 non
992 1750 1097 1827 venir
1116 1767 1295 1828 encontre
1319 1777 1384 1828 sus
1403 1749 1642 1857 l'obligacion
1661 1749 1710 1828 de
1729 1766 1815 1826 tout
1832 1749 1930 1827 leurs

512 1884 640 1974 biens,
666 1911 708 1960 ce
728 1881 769 1960 su
787 1882 844 1958 dit
862 1899 901 1959 et
921 1880 1129 1988 prononcie
1150 1909 1218 1987 par
1235 1909 1334 1960 noua
1353 1880 1390 1959 le
1409 1880 1554 1961 samedi
1577 1907 1685 1986 apres
1707 1878 1744 1956 la
1762 1879 1930 1958 Cbande·

511 2013 608 2104 leur,
625 2013 699 2091 l’an
718 2011 786 2090 mil
800 2012 894 2091 trois
913 2039 1002 2088 cens
1023 2028 1061 2088 et
1079 2039 1185 2089 onae.
1201 2048 1215 2078 ·
1230 2010 1404 2089 Predicto
1415 2010 1585 2119 judicato
1603 2038 1673 2115 per
1692 2009 1838 2087 dictum
1852 2039 1930 2116 pre-

512 2145 677 2252 positum
697 2142 750 2221 sio
761 2141 1025 2249 pronunciata,
1049 2140 1172 2218 dictus
1183 2140 1373 2220 lohannes
1391 2141 1438 2218 ab
1457 2141 1560 2248 ipso,
1579 2157 1775 2247 umquam
1789 2140 1882 2219 falso
1896 2158 1930 2217 et

512 2303 637 2383 pravo,
649 2274 697 2350 ad
712 2289 878 2350 nostram
891 2270 1031 2347 curiam
1043 2268 1262 2377 appellavit:
1277 2269 1502 2349 Constitutia
1516 2269 1633 2378 igitur
1643 2269 1754 2346 dictis
1765 2269 1929 2375 partibus

511 2405 551 2482 in
567 2421 691 2482 nostra
717 2402 819 2482 curia
838 2401 877 2480 in
897 2429 1006 2478 causa
1027 2397 1294 2507 appellacionis
1317 2399 1502 2506 predicte,
1522 2417 1562 2477 et
1582 2398 1722 2478 auditis
1739 2397 1830 2475 hinc
1846 2399 1929 2476 inde

512 2534 729 2642 propositis,
745 2532 907 2639 visisque
921 2531 1022 2610 dicto
1034 2557 1227 2638 processu,
1243 2529 1428 2608 dinarum
1444 2545 1588 2636 septam
1605 2557 1850 2636 personarum
1868 2531 1930 2607 de·

511 2664 769 2772 posicionibus
786 2678 824 2741 et
838 2661 1008 2771 judicato
1021 2658 1208 2766 predicto,
1228 2687 1297 2765 per
1310 2659 1416 2738 curie
1430 2675 1560 2738 nosue
1572 2656 1776 2766 judicium,
1791 2659 1929 2736 dictum

511 2793 584 2874 fuit
599 2795 811 2902 predictum
828 2791 1062 2900 prepositum
1078 2790 1175 2870 bene
1191 2791 1379 2898 judicasse
1394 2807 1434 2868 et
1451 2789 1598 2868 dictam
1609 2788 1823 2868 Jobanncm
1837 2789 1929 2868 maie

511 2923 736 3031 appellasse,
756 2940 795 3002 et
812 2922 919 3030 quod
938 2923 1017 3028 ipse
1039 2922 1111 3000 hoc
1131 2921 1361 3000 emendabit.

568 3053 697 3132 Martis
715 3070 802 3160 post
821 3051 1240 3160 Sanctum-Georgium.

567 3183 753 3263 Thibotot
771 3183 984 3290 reportarit.

567 3447 692 3528 XXIII.
724 3446 824 3526 Cum
847 3445 989 3553 Agatha
1009 3443 1044 3522 la
1066 3443 1203 3533 Petite,
1225 3443 1316 3523 alias
1336 3443 1434 3522 dicta
1457 3444 1494 3521 la
1512 3444 1704 3552 bagnae,
1726 3445 1929 3552 requireret

511 3577 732 3684 porcionem
751 3577 973 3656 hereditatis
992 3603 1086 3683 que,
1109 3603 1154 3654 ex
1175 3576 1409 3654 successione
1427 3591 1603 3683 paterna,
1622 3573 1694 3654 sibi
1714 3575 1925 3665 advenerat,

511 3727 554 3787 ut
583 3708 745 3800 dicebat,
771 3737 841 3815 per
861 3706 1136 3800 Emmelotam,
1153 3705 1280 3785 'filiam
1304 3735 1430 3796 suam,
1458 3706 1656 3786 abenaum
1680 3723 1719 3784 et
1742 3707 1927 3785 venditam

510 3839 682 3917 iohanne
701 3839 738 3917 la
756 3841 887 3927 Basse,
903 3866 973 3944 pro
993 3837 1182 3946 sexaginta
1198 3839 1330 3918 solidis
1347 3841 1633 3919 Turonensibus
1648 3840 1843 3930 duntaxat,
1859 3867 1928 3949 que

512 3969 701 4079 sexaginta
715 3967 831 4046 libras
851 3984 890 4045 et
908 3967 1069 4076 amplius
1087 3968 1255 4060 valebat,
1277 3987 1321 4047 ut
1338 3970 1507 4063 dicebat,
1528 3969 1601 4049 sibi
1620 3969 1837 4060 deliberari,
1853 3997 1929 4049 nos

349 4123 353 4128 ·
512 4129 586 4209 que
598 4100 739 4209 pluries
750 4099 890 4179 ballivo
904 4099 1189 4181 Constanciensi
1200 4101 1485 4181 mandassemus
1496 4119 1558 4193 ut,
1573 4101 1711 4182 vocans
1719 4103 1927 4189 evocandis,

512 4231 723 4342 inquireret
740 4259 854 4338 super
869 4233 942 4324 hoc
954 4231 1150 4310 veritatem
1171 4247 1209 4308 et
1222 4230 1361 4309 faceret
1371 4231 1524 4340 justicia
1543 4231 1880 4338 complementum,
1895 4250 1929 4309 et

512 4361 784 4471 demum‚quia
795 4362 892 4440 dicta
901 4360 1016 4472 Agata
1027 4362 1174 4440 tociens
1184 4361 1448 4440 sollicitaverat
1456 4364 1600 4442 curiam
1610 4379 1792 4454 nostram,
1805 4362 1929 4440 dicens

512 4494 634 4599 quod,
649 4493 689 4571 in
708 4493 978 4600 prosecucione
999 4491 1220 4600 hujusmodi
1240 4493 1404 4600 negocii,
1425 4509 1543 4572 totam
1563 4521 1670 4572 snam
1684 4493 1929 4573 substanciam

512 4624 737 4715 devastarat,
758 4625 807 4704 ad
835 4625 1052 4704 evitandum
1079 4622 1197 4732 ipsius
1219 4622 1389 4717 tedium,
1410 4624 1694 4704 mandassemus
1722 4626 1928 4732 inquestam

512 4783 626 4861 super
646 4754 720 4832 hiis
738 4783 812 4864 que
832 4754 1069 4864 proponebat
1086 4773 1126 4833 et
1141 4754 1358 4835 nacionibus
1376 4756 1492 4863 partis
1512 4756 1665 4834 adverse
1683 4753 1768 4834 fieri
1792 4771 1831 4832 et
1849 4780 1930 4831 nos·

511 4902 569 4963 tre
594 4884 699 4962 curie
726 4886 927 4993 reportari,
957 4904 995 4964 et
1018 4901 1157 4993 partes,
1186 4886 1235 4964 ad
1252 4885 1460 4964 videndum
1484 4915 1567 4965 eam
1586 4884 1766 4994 judicari,
1791 4883 1928 4963 ibidem

512 5015 700 5124 adjornari
722 5045 732 5091 z
761 5015 908 5095 Auditis
927 5017 1042 5126 igitur
1060 5017 1101 5092 in
1125 5017 1228 5096 curia
1246 5032 1373 5096 nostra
1392 5017 1502 5096 dictis
1519 5015 1704 5125 partibus,
1725 5033 1764 5095 et
1783 5015 1858 5093 visa
1876 5015 1930 5091 in·
