4450 6209
523 740 595 813 lllt
1103 745 1196 818 LES
1221 743 1360 819 OLlM.

291 889 424 1024 rums
437 889 479 950 tv,
517 883 770 993 gudiaudum
789 885 932 965 dictum
953 887 1172 994 episcopum
1192 886 1389 994 deputato,
1412 902 1464 975 et,
1484 913 1551 994 per
1570 887 1743 992 aprisiam
1762 889 1852 970 inde
1874 888 1952 973 lac-

410 1011 417 1023 '
520 1031 598 1092 tam
621 1015 870 1096 demandato
888 1034 1035 1108 nosue,
1056 1015 1243 1096 fuerimus
1262 1015 1453 1099 informati
1477 1017 1584 1124 qued
1604 1018 1701 1100 dicta
1720 1019 1832 1128 priris
1854 1019 1950 1103 dicti

520 1144 557 1224 le
577 1146 658 1255 Gay
681 1146 776 1226 facta
801 1146 875 1226 luit
902 1177 1015 1256 supra
1040 1149 1240 1229 calceatam
1265 1149 1354 1228 silla
1380 1149 1739 1242 §semicorrosis
1764 1149 1949 1236 uusado

520 1278 669 1357 comitis
696 1278 993 1372 suessionensis,
1022 1281 1065 1357 in
1093 1309 1169 1388 qua
1197 1281 1288 1360 dicti
1315 1279 1437 1388 major
1463 1295 1504 1360 st
1523 1281 1640 1390 puali
1668 1279 1790 1362 lacere
1813 1283 1948 1390 prisias

519 1428 795 1491 consueverunt
821 1441 831 1487 t
862 1411 1085 1491 Mandemus
1113 1411 1184 1490 tibi
1216 1411 1414 1519 quatinus,
1443 1411 1593 1490 racione
1623 1411 1722 1492 dicte
1756 1414 1946 1521 capcionis

518 1539 712 1618 servientis
731 1541 908 1648 predicti,
929 1571 1008 1622 non
1035 1543 1240 1650 compellas
1265 1541 1421 1622 eosdem
1448 1543 1632 1652 majorem
1651 1561 1690 1624 st
1702 1545 1849 1654 juratos
1868 1545 1946 1628 sol-

517 1700 602 1749 vere
630 1669 742 1750 nobis
762 1674 979 1768 emendam,
1006 1675 1091 1765 sed,
1117 1693 1273 1783 propter
1296 1703 1429 1754 comm
1454 1674 1776 1765 inobedienciatu,
1801 1705 1872 1783 pro
1897 1705 1944 1756 eo

517 1804 623 1911 quod
636 1805 804 1883 eundem
821 1806 924 1884 dicto
937 1806 1112 1890 servienti
1125 1825 1255 1886 nostro
1270 1835 1349 1886 non
1366 1805 1618 1886 reddiderunt
1629 1806 1679 1888 ab
1695 1835 1741 1888 eo
1755 1807 1941 1916 requisiti,

502 1965 587 2044 ¹pro
606 1966 682 2044 qua
700 1937 941 2046 gagiaverunt
964 1937 1083 2015 eciam
1101 1937 1213 2017 nobis
1234 1938 1451 2030 emendam,
1474 1937 1521 2016 ab
1541 1965 1585 2015 ea
1604 1965 1683 2016 non
1703 1937 1843 2020 liberes
1859 1968 1941 2032 eos,

519 2066 588 2145 sed
604 2067 652 2145 ad
665 2097 820 2175 prusam
837 2069 1082 2175 supersedeas
1096 2069 1148 2147 de
1161 2097 1205 2148 ea
1221 2068 1392 2148 levanda.
1408 2069 1481 2148 Per
1495 2068 1572 2148 boe*
1583 2085 1711 2151 tamen
1726 2069 1852 2154 eidem
1869 2072 1943 2178 epi-

518 2227 648 2306 scopo,
669 2201 813 2309 injure
832 2229 902 2280 suo
921 2229 990 2308 per
1009 2201 1157 2282 dictum
1174 2217 1362 2281 anetum
1382 2201 1549 2310 quesitm
1570 2201 1759 2296 nolumus
1774 2200 1940 2309 prejudi-

520 2329 623 2408 cium
639 2330 796 2440 aliquod
814 2333 997 2440 generari.

576 2461 676 2541 lovis
695 2480 782 2540 ante
801 2462 1150 2544 Annunciacionem
1169 2465 1337 2546 Domini.

576 2592 718 2672 Ballivo
736 2593 993 2673 Viromandis.

576 2856 637 2935 Vl.
668 2855 810 2936 Ballivo
841 2857 1077 2936 Turonensi:
1104 2829 1165 2936 dd
1195 2858 1419 2937 instanciam
1452 2857 1581 2941 dilecti
1611 2876 1650 2939 et
1673 2856 1800 2940 fidelis
1828 2858 1941 2938 nostri

519 2988 685 3096 episcopi
711 2987 1026 3084 Cenomanensis,
1052 2991 1248 3069 asserentis
1276 2990 1383 3098 quod
1409 2991 1587 3070 custodes
1609 2989 1791 3102 regalium
1820 2991 1942 3072 Cruo-

520 3119 776 3208 manensium,
792 3121 939 3201 anobis
955 3121 1124 3229 deputati
1139 3122 1180 3202 in
1196 3120 1344 3200 duabus
1357 3122 1502 3202 rrlsimis
1516 3121 1775 3202 vacacionibus
1789 3121 1942 3202 ecclesie

517 3251 830 3342 Cenomanensis,
843 3253 1026 3345 decimas,
1037 3253 1165 3332 firmas
1175 3271 1214 3333 et
1225 3253 1426 3362 pensiones
1435 3252 1687 3362 quarumdam
1701 3251 1943 3334 sessurum

518 3381 817 3462 Cenomanensis
840 3384 1025 3493 dyocesis,
1047 3387 1095 3464 ad
1125 3386 1379 3494 episcopatum
1406 3385 1732 3465 Cenomanensem
1751 3386 1943 3492 pertinca-

519 3531 592 3601 tes,
607 3513 785 3594 videlicet
797 3515 1041 3594 ecclesianam
1057 3517 1106 3595 de
1122 3515 1335 3609 Ambitriis,
1351 3515 1399 3596 ds
1414 3515 1600 3606 Celsiaoo,
1617 3515 1665 3596 de
1679 3515 1941 3626 Monu'gneyo,

520 3645 569 3722 de
594 3645 778 3737 Gastinia,
807 3647 859 3724 de
884 3647 1057 3757 Luneyo,
1079 3647 1127 3728 de
1152 3647 1307 3741 Alneto,
1329 3647 1378 3724 ds
1401 3646 1602 3738 Brulonio,
1625 3645 1674 3724 de
1697 3647 1877 3742 lineriis,
1898 3647 1943 3729 ds

519 3776 715 3866 Fontibus,
734 3777 782 3855 de
794 3777 1034 3887 Argentreio,
1051 3778 1101 3856 de
1116 3779 1299 3886 Sauceya,
1316 3779 1365 3856 de
1379 3778 1624 3870 Chimiriaoo,
1642 3795 1681 3859 et
1692 3779 1943 3886 quarumdam

520 3906 679 3984 aliarum
700 3907 940 3986 ecclesiarum
959 3936 1052 4017 quas
1078 3910 1202 3989 dicum
1221 3910 1419 4018 episcopus
1437 3909 1624 3988 declarme
1652 3908 1833 3998 debebat,
1851 3935 1943 4018 per·

520 4056 699 4143 ceperant
723 4056 763 4117 et
788 4038 1014 4130 levaverant,
1035 4039 1125 4118 licet
1151 4040 1314 4134 decime,
1342 4038 1451 4132 firme
1483 4057 1521 4118 et
1548 4037 1749 4147 pensiones
1777 4039 1941 4146 predicte

520 4167 610 4245 alias
624 4168 663 4244 in
680 4168 819 4278 regalia
834 4197 913 4247 non
932 4171 1138 4262 venissent,
1158 4170 1416 4279 predecessori
1431 4187 1500 4249 tuo
1518 4169 1860 4260 mandarimus,
1881 4198 1941 4250 vo·

522 4299 612 4376 catis
642 4300 854 4393 evocandis,
884 4300 1087 4409 diligenter
1114 4303 1325 4410 inquireret
1354 4321 1484 4380 utmm
1513 4302 1667 4412 terminu
1704 4299 1941 4386 solucionem
2010 4365 2011 4368 ,

521 4430 771 4524 decimarum,
793 4432 989 4510 firmarum
1006 4451 1045 4511 et
1059 4434 1287 4541 pensionum
1302 4435 1574 4541 predictarum,
1597 4431 1823 4511 durantibus
1842 4460 1944 4540 rega-

521 4559 622 4640 libus
641 4565 778 4642 nostris
796 4563 887 4643 alias
904 4594 1019 4673 quam
1047 4567 1088 4642 in
1107 4566 1216 4645 dictis
1235 4565 1494 4646 suessionibus
1514 4566 1743 4658 ceciderant,
1764 4563 1883 4646 levate
1908 4579 1944 4642 et

520 4711 668 4800 recepte
686 4694 836 4774 suerunt
853 4725 923 4802 pro
941 4697 1051 4775 nobis
1067 4725 1137 4804 par
1151 4698 1326 4779 nastodes
1344 4697 1529 4806 regalium
1550 4713 1769 4778 noseorum
1787 4696 1858 4804 qui
1876 4723 1941 4803 pre

521 4839 692 4930 ternpore
710 4824 882 4921 suerunt,
902 4844 944 4905 et
960 4828 1174 4936 inquestam
1187 4830 1291 4909 curie
1310 4847 1436 4909 nostre
1457 4828 1667 4910 remitteret
1681 4829 1815 4912 farum
1831 4855 1942 4935 super

519 4954 615 5046 istis3
641 4956 717 5034 uisa
745 4957 861 5066 igitur
887 4989 956 5066 per
979 4961 1120 5045 uirium
1147 4979 1314 5051 nostram
1333 4963 1502 5070 inquesta
1529 4972 1644 5069 super
1671 4961 1746 5042 hoc
1771 4959 1868 5043 tacu
1894 4957 1939 5042 ds
2076 4957 2079 4966 ’

515 5087 698 5166 mandato
719 5108 864 5184 nostro,
879 5119 962 5199 per
984 5121 1103 5199 quam
1130 5094 1313 5199 probatur
1338 5093 1570 5201 quodlicet
1594 5121 1661 5200 per
1684 5093 1862 5175 custodes
1885 5118 1941 5170 re-
