4450 6209
514 668 587 741 332
1088 664 1180 740 LES
1208 661 1349 737 otltt.

287 817 472 881 tumult,
512 836 597 920 runs
610 806 676 913 qui
690 803 828 889 dictam
839 804 1050 910 inquestam
1062 804 1249 895 fecerunt,
1262 804 1550 913 pronunciatum
1561 802 1842 910 fuit,percurie
1853 832 1931 883 nos

346 911 409 953 ¹⁸⁰⁸·
512 954 570 1013 se
586 936 794 1045 judicum,
815 934 921 1041 quoa
939 933 1152 1042 predictum
1168 935 1381 1043 jussum
1402 934 1491 1013 uec
1515 932 1641 1013 urite
1666 936 1705 1012 n
1721 950 1845 1013 usum
1865 936 1929 1013 as-

512 1069 753 1147 mandabitur
771 1066 999 1145 execucioni.

566 1198 766 1278 Dominica
783 1196 964 1304 predicta.

567 1329 795 1409 Guillelmus
814 1328 1027 1435 reportavit.

567 1594 706 1674 LXXX.
739 1593 835 1673 Cum
864 1592 1122 1699 proposuisset
1147 1618 1271 1671 coram
1299 1591 1504 1673 senescallo
1528 1592 1820 1703 Petrsgoricensi
1844 1590 1924 1704 'syn-

510 1726 616 1804 dicus
640 1723 839 1804 consutum
863 1722 1011 1803 bastide
1031 1734 1159 1803 nostre
1182 1724 1541 1831 Montis—Caprarii,
1563 1742 1691 1803 contra
1713 1726 1924 1835 magistrum

509 1858 664 1935 Petrum
687 1852 903 1961 Mangonis,
917 1854 1088 1961 judicem
1110 1854 1292 1963 majorem
1314 1854 1468 1963 Figiaci,
1489 1853 1595 1963 quod
1612 1856 1736 1935 dictam
1759 1857 1928 1964 magister

509 1987 659 2073 Petrus,
681 1985 812 2063 dicens
838 2013 878 2063 se
900 2000 1137 2065 executorem
1163 1985 1358 2093 cujusdam
1378 1986 1536 2093 judicati
1559 2016 1629 2093 pro
1652 1988 1860 2066 Bertrando
1883 1986 1927 2065 de

509 2114 720 2195 Pestilhaco
734 2114 821 2193 sacti
837 2114 910 2195 sub
923 2114 1110 2195 velamine
1126 2115 1228 2197 dicte
1248 2117 1499 2208 execucionis,
1521 2134 1720 2223 corruptus
1732 2117 1891 2223 pecunia
1908 2146 1928 2193 a

509 2246 684 2352 pluribus
708 2246 930 2325 hominibus
953 2246 1053 2325 dicta
1075 2246 1242 2336 hestide,
1264 2246 1374 2354 plura
1397 2248 1552 2356 pignora
1577 2247 1759 2325 levaverat
1776 2248 1925 2355 injuste,

507 2378 685 2485 pluribus
711 2406 846 2457 eorum
872 2379 1028 2487 injurias
1052 2396 1090 2457 et
1117 2377 1317 2457 violencias
1340 2378 1558 2471 inferendo,
1583 2377 1711 2485 plures
1736 2406 1870 2458 eorum
1894 2396 1929 2455 et

509 2510 626 2589 eciam
641 2510 790 2616 aliquos
805 2510 1010 2589 servientes
1021 2526 1171 2589 nostros
1183 2509 1434 2600 verberando,
1448 2509 1651 2617 pluresque
1667 2508 1856 2589 dictorum
1869 2510 1927 2587 he

507 2642 656 2719 minum
681 2643 731 2725 de
752 2640 932 2721 domibus
956 2642 1034 2720 suis
1057 2640 1218 2747 ejecerat
1241 2658 1279 2718 et
1304 2641 1440 2720 domos
1462 2668 1597 2719 eorum
1619 2640 1820 2731 clauserat,
1837 2640 1927 2719 adeo

507 2771 612 2879 quod
631 2772 709 2849 duo
724 2771 849 2877 pueri,
872 2788 1028 2878 propter
1052 2770 1192 2849 sumum
1219 2772 1317 2879 ejus,
1338 2772 1612 2877 expiraverrmt,
1635 2789 1770 2879 petens
1788 2799 1809 2848 a
1831 2770 1926 2849 dicto

507 2900 713 2979 senescallo
734 2900 855 3006 quod,
882 2900 1093 2979 secundum
1113 2899 1274 2981 formam
1297 2900 1462 2981 mandati
1485 2900 1603 2981 nostri
1623 2928 1735 3007 super
1761 2900 1836 2978 hoc
1859 2898 1925 2977 sihi

472 3032 475 3035 ’
507 3030 610 3119 facti,
628 3031 676 3108 de
694 3030 876 3136 predictis
892 3030 1120 3137 inquireret,
1139 3047 1177 3109 et
1190 3030 1404 3137 inquantum
1423 3030 1557 3115 lectam
1577 3030 1690 3109 nobis
1704 3030 1922 3117 remitteret,

506 3177 548 3239 ut
569 3190 656 3238 cum
677 3160 856 3267 predictis
876 3158 1059 3267 legittime
1079 3161 1323 3267 puniremuss
1345 3161 1446 3239 dicto
1467 3162 1645 3270 magistro
1666 3162 1778 3241 Petro
1801 3188 1846 3239 ex
1864 3161 1924 3239 ad·

505 3321 611 3370 verso
631 3308 866 3399 proponente
882 3318 938 3382 se,
959 3292 1110 3371 racione
1137 3292 1236 3369 dicte
1259 3292 1513 3381 execucionis,
1533 3321 1554 3369 a
1573 3290 1747 3400 pluribus
1771 3291 1922 3398 pignora

505 3423 643 3503 levasse
657 3425 761 3532 juste
780 3440 907 3503 tamen
927 3439 967 3501 et
984 3423 1194 3504 secundum
1222 3422 1382 3502 sormam
1403 3422 1569 3503 mandati
1594 3422 1667 3502 sibi
1692 3450 1760 3529 per
1784 3422 1921 3501 dictum

504 3553 752 3634 senescallum
772 3552 875 3646 lacti,
896 3570 1029 3659 petens
1048 3582 1117 3633 eos
1134 3555 1182 3632 de
1197 3552 1392 3659 predictis,
1415 3553 1487 3631 sibi
1503 3553 1595 3632 falso
1615 3572 1654 3633 et
1672 3552 1923 3659 calumpniose

504 3684 706 3790 impositis,
716 3701 755 3761 et
764 3685 892 3761 animo
904 3679 1143 3775 diffamandi,
1156 3682 1340 3791 legittime
1355 3683 1481 3790 puniri
1495 3716 1503 3761 :
1515 3664 1600 3764 Visa
1612 3682 1728 3791 igitur
1738 3682 1920 3788 inquesta,

504 3842 618 3920 snper
629 3814 704 3893 hiis
717 3814 765 3891 de
778 3814 953 3892 mandato
965 3831 1095 3893 nostro
1105 3814 1218 3906 lacta,
1232 3843 1301 3920 per
1314 3815 1416 3895 curie
1429 3832 1555 3894 nostre
1563 3813 1920 3923 judicium,dictum

503 3946 577 4022 fuit
594 3945 808 4051 predictum
829 3943 1048 4055 magistrum
1067 3946 1220 4025 Petrum
1248 3946 1296 4023 de
1315 3945 1509 4052 predictis,
1531 3945 1602 4025 sibi
1625 3944 1827 4051 impositis,
1850 3941 1922 4021 cul·

504 4075 668 4180 pabilem
681 4104 759 4155 non
775 4076 890 4155 fuisse
902 4075 1113 4167 inventum,
1133 4076 1234 4157 etde
1249 4076 1444 4185 predictis,
1466 4104 1534 4184 per
1547 4076 1649 4155 idem
1658 4075 1863 4185 judicium,
1877 4074 1919 4151 ab

503 4207 744 4316 impeticione
758 4208 947 4286 dictorum
958 4208 1161 4287 consulum
1176 4208 1248 4289 luit
1260 4208 1475 4298 absolutus;
1491 4205 1833 4315 condempnatique
1845 4204 1922 4283 lue-

503 4357 593 4418 runt
613 4339 704 4420 dicti
726 4340 915 4433 consules,
940 4369 1009 4448 pro
1031 4340 1230 4447 predictis,
1252 4339 1290 4417 in
1314 4339 1485 4419 ducentis
1509 4338 1616 4417 libris
1635 4334 1920 4424 Parisiensibus,

501 4470 612 4549 nobis
628 4498 698 4577 pro
717 4471 900 4565 emenda,
916 4488 955 4549 et
973 4471 1013 4549 in
1032 4488 1184 4552 centum
1206 4468 1313 4551 libris
1329 4469 1616 4560 Parisiensibus,
1632 4466 1734 4547 dicto
1748 4467 1919 4574 magistro

500 4601 609 4678 Petro
630 4601 830 4681 solvendis.

516 4808 520 4813 .
554 4730 753 4844 Dominica
772 4732 952 4838 predicta,

554 4858 712 4937 Cuillier
723 4864 935 4967 reportavit.
