4450 6209
517 651 591 724 580
1100 647 1190 720 Lus
1219 644 1360 720 OLIM.

282 807 413 862 surum
432 807 476 872 iu,
515 807 714 899 ponentur,
734 805 773 866 et
791 803 990 866 teneantur
1007 815 1208 896 quousque
1224 787 1391 896 judicet·
1410 785 1524 864 luerit
1541 787 1714 894 inqueste
1734 787 1924 892 superbos

351 899 414 942 Μ’
513 921 694 1000 facienda.

569 1051 766 1132 Dominicr
783 1048 961 1156 predicta.

570 1186 620 1263 M.
641 1185 680 1260 P.
703 1182 750 1260 de
770 1181 889 1260 Monti
909 1179 1124 1287 reportavit.

570 1316 677 1392 Facto
694 1330 751 1391 est
770 1311 818 1390 de
839 1311 913 1390 hoc
933 1310 1164 1400 commissio,
1181 1327 1221 1388 et
1234 1327 1295 1390 est
1306 1327 1419 1388 tenor
1432 1310 1516 1419 ejus
1531 1310 1570 1387 in
1584 1309 1710 1389 rotulo
1726 1310 1840 1418 hujus
1851 1339 1923 1417 per·

511 1445 677 1532 iumenti.

567 1711 708 1790 LXXV.
740 1710 861 1816 Super
885 1707 1052 1816 quodam
1081 1705 1228 1785 insultu
1251 1705 1292 1782 in
1320 1705 1502 1783 nundinis
1527 1705 1921 1785 Forentanis-Mons

512 1841 596 1920 terii
615 1867 737 1946 nuper
751 1838 847 1918 secto
862 1839 961 1916 inter
973 1855 1103 1946 gentes
1124 1835 1272 1915 comitis
1286 1836 1449 1926 Pontici,
1466 1864 1510 1914 ex
1528 1863 1602 1914 una
1616 1854 1742 1944 parte,
1756 1853 1796 1915 et
1808 1855 1923 1944 gentes

513 1971 656 2050 abbatis
676 1985 714 2048 et
733 1986 938 2048 conventus
962 1967 1051 2045 dicti
1071 1967 1306 2058 monasterii,
1332 1995 1374 2045 sc
1397 1969 1551 2046 Petrum
1576 1966 1838 2076 d’Oysemont‚
1857 1996 1924 2046 ser·

511 2103 674 2180 rientem
695 2100 840 2180 domini
856 2101 984 2208 Regis,
1006 2099 1054 2176 ad
1077 2099 1287 2178 custodiam
1308 2099 1494 2177 dictarum
1512 2099 1773 2176 nundinarum
1792 2099 1922 2177 eisdem

511 2231 711 2341 religiosis,
734 2261 779 2309 ex
796 2249 902 2339 parte
921 2229 1067 2310 domini
1087 2231 1217 2338 Regis,
1239 2229 1480 2336 deputatum,
1502 2256 1547 2307 ex
1564 2228 1693 2318 altera,
1716 2230 1758 2306 in
1783 2257 1857 2337 quo
1874 2231 1923 2306 in·

511 2363 617 2442 sultu
633 2361 707 2441 fuit
733 2362 878 2442 occisus
897 2362 1085 2440 Robertus
1106 2360 1300 2467 Lenglois,
1321 2360 1485 2439 serviens
1506 2361 1655 2439 comitis
1679 2360 1856 2467 predicti,
1876 2361 1925 2436 in·

511 2511 639 2601 questa
667 2493 715 2571 de
745 2492 923 2572 mandato
944 2491 1090 2570 domini
1113 2491 1241 2599 Regis,
1269 2489 1439 2598 partibus
1469 2491 1625 2579 vocetis,
1653 2488 1767 2578 facta,
1794 2491 1867 2569 visa
1893 2507 1925 2566 et

511 2623 713 2733 diiigenter
726 2623 949 2716 examinata,
967 2651 1054 2701 eum
1073 2649 1143 2728 per
1160 2650 1244 2700 eam
1264 2623 1460 2700 inventum
1480 2620 1596 2700 fuerit
1613 2620 1844 2698 sufficienter
1853 2649 1925 2727 pro

508 2755 781 2862 batumquod,
811 2753 913 2833 dicto
933 2756 1060 2844 Petro,
1091 2754 1275 2831 serviente
1295 2752 1442 2830 domini
1469 2751 1594 2860 Regis,
1628 2779 1714 2828 cum
1739 2749 1876 2828 ballivo
1892 2766 1924 2826 et

509 2885 686 2994 gentibus
700 2885 791 2963 dicti
811 2885 1044 2974 monasterii,
1062 2900 1100 2961 et
1118 2882 1200 2962 aliis
1220 2884 1298 2962 suis
1316 2883 1580 2990 complicibus,
1593 2883 1710 2962 dictas
1728 2883 1919 2970 nundinas,

509 3033 622 3123 prout
645 3032 701 3094 est
725 3029 965 3106 consuetum,
994 3012 1313 3108 custodientibus,
1343 3031 1476 3122 gentes
1500 3014 1592 3092 dicti
1617 3013 1769 3094 comitis
1796 3014 1923 3092 invase·

314 3131 315 3136 ¹
388 3232 390 3238 ¹
510 3155 600 3225 runt
619 3146 791 3238 eosdem,
814 3162 853 3224 et
871 3145 975 3252 quod
996 3145 1119 3223 dictus
1139 3146 1343 3233 Rubor-tus,
1363 3160 1566 3250 antequam
1590 3143 1637 3221 ab
1657 3143 1787 3252 aliquo
1803 3143 1922 3222 vulne·

509 3294 611 3356 retus
635 3275 782 3368 fuisset,
806 3276 918 3356 traxit
942 3293 1070 3354 contra
1097 3304 1163 3355 eos
1186 3293 1349 3383 quotuor
1367 3276 1533 3383 sagittas,
1555 3293 1594 3354 et
1613 3303 1657 3352 ex
1679 3275 1733 3354 eis
1751 3277 1923 3384 percussit

247 3434 253 3442 ’
380 3411 381 3416 ’
430 3422 433 3428 ’
464 3391 467 3398 ’
509 3407 759 3487 Guillelmum
773 3407 1033 3516 d’Oysemont,
1051 3433 1171 3484 unum
1187 3405 1236 3482 de
1252 3404 1502 3511 complicibus
1518 3404 1759 3495 eorumdem,
1778 3423 1817 3484 et
1829 3405 1922 3513 quod

509 3538 691 3646 qsricquid
710 3539 833 3617 dictus
850 3537 1013 3616 serviens
1033 3535 1179 3614 domini
1192 3536 1304 3642 Regis
1323 3553 1362 3612 et
1380 3534 1463 3642 ejus
1478 3535 1638 3642 predicti
1658 3535 1860 3642 complices
1876 3534 1922 3611 ie·

509 3686 643 3746 cerunt
661 3669 700 3746 in
724 3667 821 3747 facto
846 3667 1031 3773 predicto,
1054 3695 1094 3744 se
1114 3665 1357 3743 defendendo
1383 3665 1568 3756 feceruut,
1594 3695 1664 3772 per
1681 3667 1787 3744 curie
1806 3654 1921 3744 nostre

504 3797 709 3905 judicium,
728 3825 860 3876 omnes
878 3795 1039 3904 predicti
1060 3795 1250 3885 custodes,
1269 3794 1317 3873 de
1336 3795 1433 3874 iacto
1450 3797 1622 3902 predicto
1642 3814 1681 3874 et
1697 3815 1823 3876 morte
1842 3795 1919 3873 dicti

509 3924 680 4017 Robet‘ti,
704 3925 867 4006 absoluti
887 3927 1057 4017 suerunt,
1076 3943 1115 4003 et
1134 3926 1279 4004 dictum
1296 3925 1370 4003 fuit
1387 3927 1493 4034 quod
1511 3927 1566 4005 ilii
1582 3927 1630 4005 de
1651 3927 1762 4005 dictis
1777 3923 1921 4031 compli-

510 4056 631 4147 cibus,
657 4057 725 4164 qui
749 4055 843 4163 cepti
870 4072 1023 4163 propter
1052 4055 1193 4135 factum
1216 4057 1430 4165 predictum
1451 4075 1638 4148 tenentur,
1664 4056 1920 4136 deliberabun-

508 4205 582 4278 tur,
599 4185 793 4266 videiicet:
809 4189 943 4265 Petrus
957 4187 1364 4278 Flaous,··-Johannes
1378 4189 1427 4266 de
1439 4189 1666 4280 Conteviile,
1678 4188 1919 4267 —Johsnnes

507 4317 693 4399 Rousselli
705 4378 713 4408 ,
725 4363 781 4378 -·
794 4317 1023 4399 Guilleimus
1041 4317 1260 4409 Blanchars,
1273 4319 1501 4397 ——Jacobus
1518 4319 1712 4410 Foukiers,
1723 4317 1917 4396 -Johan

509 4427 575 4528 nes
595 4449 751 4557 Lagnsl,
768 4495 823 4508 -
841 4448 1025 4526 Henricus
1044 4450 1241 4537 Boursete,
1257 4495 1313 4506 --
1329 4448 1478 4528 Odinus
1497 4449 1534 4526 le
1551 4449 1699 4539 Worte,
1717 4494 1775 4510 -
1790 4447 1918 4526 Johan·

507 4607 574 4658 nes
593 4579 628 4656 le
647 4581 795 4672 Werte,
819 4625 875 4640 -
892 4577 1052 4657 Jacobus
1075 4577 1252 4668 Porions,
1270 4627 1328 4637 —
1344 4579 1535 4659 Johennes
1556 4579 1717 4670 Godars,
1739 4627 1795 4638 -—
1810 4577 1916 4684 Wyes

367 4805 370 4820 Ι
508 4709 686 4800 Goulins,
702 4755 758 4772 --
773 4709 987 4788 Bernardus
1007 4708 1224 4799 d'Avesnes,
1240 4757 1298 4768 -
1312 4711 1502 4790 Johnnnes
1521 4711 1710 4821 Megllars,
1721 4709 1916 4788 -Johsn-

509 4867 577 4918 nes
594 4839 726 4929 Ballet,
743 4885 801 4900 --
815 4842 947 4918 Petrus
968 4839 1174 4948 Moysioux,
1192 4856 1233 4919 et
1250 4841 1479 4923 Guillelmus
1498 4843 1547 4923 de
1565 4844 1722 4952 Buiguy.
1743 4841 1839 4921 Cum
1856 4865 1916 4916 au·

509 4989 585 5050 tem
608 4969 730 5050 dictus
757 4969 982 5052 Guillelmus
1003 4971 1158 5079 Meysel,
1179 4973 1369 5054 Johannes
1387 4975 1415 5053 ii
1441 4975 1622 5066 Convers,
1643 4975 1727 5083 ejus
1743 4973 1862 5060 frater,
1881 4983 1914 5044 et
