4450 6209
725 730 995 842 euoutrns
1020 751 1086 825 nr
1110 729 1320 826 enonas,
1664 750 1733 822 107

309 896 390 977 sina
402 891 678 1002 pmdictom,
694 920 763 1000 pro
778 910 881 999 perte
895 919 959 971 eos
975 892 1234 1001 contingente,
1251 890 1299 969 de
1314 890 1496 999 predictis
1511 889 1649 998 injuste
1663 890 1737 968 im·
1774 897 1904 956 Parnm
1917 897 1961 964 tv,

308 1026 529 1135 pediverant
548 1040 588 1102 et
607 1023 866 1131 impediebant
885 1039 923 1101 et
940 1023 1085 1104 ibidem
1106 1025 1243 1104 multus
1258 1023 1390 1132 prisias
1409 1021 1573 1104 fecerant
1591 1051 1661 1131 per
1676 1053 1735 1112 se,
1836 990 1899 1036 ”ll

311 1159 393 1238 sine
418 1156 530 1238 dictis
554 1154 740 1267 religiosis
762 1157 822 1238 vel
843 1155 1001 1236 allocato
1021 1185 1171 1248 eorum,
1194 1157 1362 1266 predicta
1388 1157 1429 1234 in
1454 1157 1624 1266 ipsorum
1648 1156 1739 1234 reli-

312 1291 507 1402 giosorum
523 1287 778 1394 prejudicium
797 1290 1071 1396 attemptando,
1091 1306 1129 1369 et
1145 1287 1262 1370 eciam
1282 1318 1438 1368 manum
1460 1305 1626 1366 nostram
1642 1285 1741 1366 sran—
1852 1329 1856 1336 ·

313 1419 455 1532 gendo,
472 1449 564 1528 que,
580 1437 735 1531 propter
748 1421 929 1502 debatum
945 1421 1131 1531 parcium,
1149 1438 1228 1500 erat
1244 1438 1281 1500 et
1300 1420 1425 1500 adhuc
1443 1427 1498 1499 est
1516 1421 1683 1526 apposita
1700 1420 1740 1500 in

312 1552 512 1663 predictis,
526 1569 775 1662 peterentque
788 1553 877 1633 dicti
888 1553 1055 1663 religiosi
1068 1552 1235 1661 predicta
1248 1553 1541 1660 impedimenta,
1556 1551 1742 1632 incorum

314 1684 481 1765 amiculis
493 1683 643 1792 plenius
656 1713 841 1793 expressa,
856 1687 1041 1776 amoveri,
1056 1685 1264 1794 prisiasque
1278 1685 1465 1793 predictas
1479 1683 1527 1762 ad
1542 1684 1668 1763 locum
1685 1714 1744 1762 re-

315 1816 422 1927 poni,
437 1834 476 1897 et
491 1815 712 1923 hujusmodi
727 1833 946 1924 attemptata
954 1816 1001 1893 ad
1019 1814 1193 1896 debitum
1207 1833 1345 1896 statum
1359 1816 1506 1908 reduci,
1522 1843 1563 1893 ac
1579 1817 1742 1921 dampna

315 1977 385 2060 per
399 1949 487 2038 boc,
504 1965 548 2029 ut
562 1948 756 2040 dicebant,
773 1948 846 2026 sibi
862 1948 965 2026 illata
977 1976 1047 2059 per
1060 1947 1164 2053 ipsos
1177 1948 1425 2040 Pictavenses,
1444 1975 1566 2055 usque
1580 1947 1629 2024 ad
1643 1975 1745 2024 sum·

316 2109 419 2161 mam
443 2097 597 2161 centum
619 2082 854 2162 marcharum
873 2080 1017 2192 argenti
1041 2080 1113 2157 sibi
1134 2079 1268 2160 reddi:
1290 2080 1476 2172 Tandem,
1498 2078 1637 2157 auditis
1656 2076 1745 2156 hinc

317 2213 409 2293 inde
428 2213 632 2323 propositis
652 2231 690 2290 et
707 2213 784 2291 visa
802 2211 976 2320 inquesta
994 2242 1110 2320 super
1129 2211 1219 2302 biis,
1237 2212 1479 2291 demandato
1498 2211 1602 2291 curie
1618 2227 1745 2288 nostre

317 2344 430 2439 facta,
451 2373 521 2454 per
543 2345 662 2453 ipsius
686 2344 789 2426 curie
813 2364 941 2424 nostre
961 2344 1167 2452 judicium,
1195 2343 1340 2424 dictum
1364 2343 1436 2422 buit
1459 2361 1497 2421 et
1521 2342 1747 2450 pronuncia-

318 2493 403 2556 tum
419 2476 610 2584 predictos
629 2476 825 2584 religiosos
844 2476 1102 2557 intencionem
1122 2504 1228 2555 suam
1247 2503 1362 2582 super
1379 2474 1512 2554 saisina
1529 2474 1696 2582 predicta
1711 2492 1749 2552 et

319 2607 637 2719 impedimentum
652 2607 883 2690 sufficienter
895 2607 1092 2717 probasse,
1107 2608 1281 2717 dictaque
1295 2606 1567 2714 impedimenta
1585 2604 1748 2684 amoveri
1834 2687 1837 2691 ,
1970 2687 1972 2692 ,

322 2740 479 2830 debere,
498 2741 691 2850 dictasque
705 2741 838 2851 prisias
856 2770 925 2849 per
942 2741 1175 2818 Pictavenses
1194 2739 1384 2850 predictos
1404 2738 1444 2816 in
1463 2737 1642 2845 predictis
1658 2736 1751 2814 locis

322 2873 605 2964 communibus,
630 2873 774 2981 absque
800 2873 909 2951 dictis
931 2871 1118 2980 religiosis
1137 2871 1196 2968 vel
1217 2899 1349 2950 eorum
1369 2869 1544 2960 allocat0,
1566 2868 1698 2961 factas,
1720 2870 1750 2946 si

323 3023 468 3098 extent,
484 3005 653 3114 alioquin
671 3034 801 3083 earnm
815 3005 981 3084 valorem
994 3002 1199 3087 dividendo
1215 3003 1315 3083 inter
1329 3002 1446 3110 ipsos,
1462 3001 1602 3108 debere
1617 3000 1751 3107 reponi

323 3137 373 3215 nd
386 3136 531 3230 locum,
549 3154 587 3217 et
600 3153 817 3245 attemptata
831 3167 900 3244 per
919 3136 1020 3246 ipsos
1038 3136 1270 3216 Pictavenses
1284 3135 1332 3213 ad
1347 3151 1486 3214 statum
1501 3123 1678 3212 debiturn
1692 3158 1754 3210 re·

325 3267 430 3361 duci,
443 3295 560 3348 manu
571 3287 714 3359 nostra,
731 3286 885 3380 propter
901 3269 1047 3349 dictum
1062 3267 1242 3346 debatum
1257 3266 1424 3373 apposita
1438 3266 1478 3342 in
1490 3265 1670 3371 predictis
1684 3291 1752 3369 pro

324 3400 515 3508 premissis
534 3399 805 3508 adimplendis,
826 3401 915 3480 inde
934 3401 1040 3510 prius
1060 3399 1278 3478 amovenda.
1300 3399 1402 3504 Ipsos
1421 3414 1548 3474 tamen
1568 3395 1755 3475 Pictoreu-

324 3561 384 3612 ses
403 3563 424 3611 a
445 3533 633 3642 peticione
654 3533 840 3612 dictarum
865 3551 1019 3612 centum
1043 3531 1298 3618 marcharum,
1322 3529 1473 3610 racione
1501 3530 1753 3636 dampnorum

325 3666 549 3774 petitorum,
564 3695 652 3746 cum
666 3665 765 3744 dicta
778 3668 940 3777 dampna
950 3665 1046 3744 adeo
1060 3662 1292 3742 sufficienter
1302 3660 1409 3770 quod
1421 3659 1462 3736 in
1475 3660 1529 3737 eis
1541 3658 1677 3737 debeat
1687 3685 1757 3766 per
1818 3729 1820 3732 ,

327 3796 469 3877 curiam
483 3814 650 3877 nostram
662 3797 747 3878 lieri
762 3798 1058 3905 condempnacio
1072 3796 1230 3906 probata
1244 3823 1323 3872 non
1337 3792 1497 3884 fuerint,
1514 3789 1754 3869 absolvendo.

327 3929 385 4009 De
404 3958 502 4036 pena
519 3959 610 4008 vero
627 3931 797 4039 quinque
817 3930 981 4010 millium
1001 3928 1184 4007 librarum
1201 3923 1501 4016 Turonensium,
1523 3951 1597 4032 que
1620 3922 1758 4002 dicitur

329 4061 514 4142 contineri
531 4062 571 4139 in
586 4062 709 4142 littera
728 4062 891 4171 quadam
908 4061 1077 4140 confecta
1094 4087 1210 4169 super
1228 4054 1546 4137 convencionibus
1563 4052 1756 4163 quondum

328 4224 443 4302 super
462 4193 572 4274 dictis
595 4194 710 4274 rebus
734 4213 772 4274 et
789 4195 902 4273 bonis
920 4194 1059 4273 habitis
1083 4193 1183 4272 inter
1200 4191 1323 4268 dictos
1341 4189 1591 4276 Pictavenses,
1612 4213 1658 4263 ex
1681 4212 1758 4263 uua

329 4343 454 4436 parte,
481 4344 518 4405 et
540 4325 730 4434 predictos
753 4327 930 4406 Odonem
955 4344 993 4405 et
1013 4322 1256 4414 Francisiam,
1284 4349 1328 4398 ex
1351 4319 1483 4408 altera,
1504 4318 1613 4425 cujus
1633 4317 1758 4394 littere

329 4459 594 4568 transcriptum
609 4458 650 4536 in
661 4458 833 4569 inquesta
848 4457 1063 4537 continetur
1075 4454 1259 4565 predicta,
1276 4453 1376 4531 curia
1389 4467 1516 4529 nostra
1529 4446 1649 4526 nichil
1665 4447 1761 4526 dixit

332 4590 381 4670 ad
399 4619 565 4700 presens.

388 4722 567 4802 Mercurii
586 4741 672 4800 ante
692 4723 842 4800 Pascha.

389 4856 564 4936 Bocellus
581 4854 796 4966 reportavit.

392 5119 516 5202 LXIII.
546 5121 660 5211 Cum,
682 5150 727 5199 ex
750 5136 854 5229 parte
871 5116 1100 5207 Fortanerii,
1127 5114 1273 5198 domini
1299 5113 1347 5193 de
1372 5107 1586 5198 Gordonio‚
1612 5105 1760 5198 militis,

1592 5265 1638 5335 tl.
