4450 6209
759 722 1027 833 svoutrss
1053 739 1117 815 ΕΤ
1142 719 1347 816 nnocts.
1687 743 1761 816 ass

401 883 556 964 XLVIII.
578 883 893 993 lnappellacionis
905 913 1013 962 causa
1026 882 1074 960 ad
1087 901 1256 961 nostram
1267 885 1409 960 curiam
1420 883 1766 991 interpositeaqua·
1801 889 1932 946 Parnm
1946 892 1989 954 tv,

344 1016 431 1092 dam
449 1014 637 1093 sentencia
657 1014 990 1124 condempnatoria
1008 1014 1097 1105 lata,
1116 1044 1185 1121 per
1202 1014 1446 1094 senescallum
1466 1015 1762 1105 Ruthenensem‚
1865 984 1927 1025 Μ’

343 1161 471 1222 contra
490 1145 675 1253 quosdam
690 1145 865 1224 homines
882 1145 931 1222 de
951 1143 1214 1235 Boumazello,
1227 1173 1296 1250 pro
1316 1144 1426 1222 nobis
1445 1161 1482 1222 et
1499 1145 1616 1222 Petro
1630 1146 1767 1223 Mansi-

341 1275 394 1382 pii
412 1275 570 1366 divisim,
586 1303 700 1382 super
714 1303 760 1354 eo
774 1274 879 1382 quod
894 1277 1164 1354 denunciatum
1179 1274 1300 1354 iuerat
1313 1275 1414 1352 dicto
1427 1274 1634 1354 senescallo
1648 1275 1767 1354 homi·

340 1433 408 1484 nes
424 1406 524 1484 dicte
538 1406 627 1484 ville
642 1435 796 1484 manum
815 1425 980 1484 nostram
997 1399 1166 1513 fregisse,
1179 1406 1365 1513 capiendo
1380 1422 1419 1485 et
1436 1434 1565 1484 secum
1579 1406 1765 1514 portando

341 1539 389 1616 de
404 1537 625 1617 nemoribus
644 1537 735 1615 dicti
751 1537 869 1630 Petri,
888 1538 969 1644 ipso
983 1539 1109 1629 Petro,
1132 1537 1244 1615 dictis
1263 1538 1482 1616 nemoribus
1499 1567 1541 1616 ac
1556 1538 1638 1646 ejus
1654 1539 1767 1616 bonis

341 1668 423 1747 aliis
441 1667 572 1775 positis
591 1685 629 1745 et
651 1668 896 1746 existentibus
918 1668 957 1744 in
978 1668 1128 1775 speciali
1152 1669 1265 1777 garda
1284 1683 1426 1758 nostra3
1444 1697 1465 1744 a
1484 1695 1559 1774 qua
1576 1672 1766 1748 sentencia

340 1816 499 1906 utraque
512 1829 597 1907 pars
608 1800 656 1876 ad
669 1801 810 1878 curiam
819 1817 985 1878 nostram
998 1799 1258 1907 appellaverat,
1268 1799 1443 1876 videlicet
1452 1819 1672 1907 procurator
1681 1830 1767 1881 nos-

339 1948 397 2008 ter
410 1959 480 2037 pro
503 1930 629 2019 nobis,
650 1947 688 2008 et
703 1932 826 2009 dictus
843 1931 975 2006 Petrus
996 1957 1065 2036 pro
1086 1959 1138 2022 se,
1154 1947 1345 2038 tamquam
1360 1959 1381 2006 a
1398 1929 1547 2008 modica
1558 1921 1766 2038 condemp-

340 2062 507 2152 nacione,
530 2076 568 2137 et
590 2059 680 2139 dicti
702 2060 894 2152 homines,
913 2077 1107 2168 tamquam
1127 2059 1173 2138 ab
1196 2061 1343 2168 iniqua3
1368 2089 1482 2169 quam
1502 2061 1766 2168 appellacicnis

339 2221 487 2270 causam
504 2191 764 2270 commisimus
775 2191 895 2298 judici
917 2191 1109 2271 ordinario
1125 2191 1262 2298 Figiaci
1276 2191 1526 2281 audiendam,
1544 2193 1766 2271 mandantes

341 2323 465 2400 eidem
480 2321 586 2429 quod
599 2349 747 2399 causam
763 2320 997 2430 hujusmodi,
1009 2322 1181 2429 partibus
1194 2321 1344 2411 auditis,
1358 2320 1589 2400 sufficienter
1604 2323 1764 2401 instruc-

337 2470 432 2543 tam,
447 2481 532 2531 cum
549 2479 727 2559 processu
743 2452 842 2530 dicte
858 2480 967 2530 cause
982 2451 1218 2560 principalis,
1231 2452 1333 2530 curie
1344 2469 1472 2531 nostre
1487 2453 1697 2540 remitteret
1704 2455 1767 2561 ju·

339 2583 556 2662 dicandam:
573 2583 749 2690 Inquesta
760 2582 876 2691 igitur
885 2611 999 2690 super
1014 2583 1111 2662 dicta
1122 2581 1387 2692 appellacionis
1397 2611 1505 2662 causa
1517 2583 1764 2691 per‘enndem

338 2714 432 2792 lacta
449 2732 502 2804 et,
519 2743 607 2792 cum
625 2714 726 2792 dicto
741 2741 919 2821 processu
940 2742 1048 2792 cause
1067 2713 1302 2821 principalis,
1322 2714 1426 2792 curie
1446 2731 1573 2793 nostre
1590 2715 1761 2806 remissa,

339 2873 457 2953 eaque
477 2863 516 2922 et
535 2845 637 2922 dicto
655 2872 833 2950 processu
848 2873 959 2949 cause
977 2843 1191 2953 principalis
1209 2845 1296 2922 visis
1313 2843 1525 2953 diligenter,
1548 2845 1763 2954 auditisque

338 2974 448 3054 dictis
463 2976 633 3084 partibus
650 2992 688 3054 et
705 2975 879 3083 inspectis
894 2975 1109 3055 nacionibus
1127 2977 1366 3065 eammdcm,
1383 2975 1473 3083 quia
1494 2994 1689 3084 repertum
1709 2997 1765 3055 est

337 3106 442 3213 quod
472 3093 848 3186 dicaus'senescaltus
874 3105 1062 3185 dictorum
1083 3106 1448 3213 condempnatorum
1475 3108 1658 3214 quosdam
1680 3137 1763 3216 pre·

338 3252 462 3314 sentes
475 3264 600 3313 coram
612 3263 669 3325 se,
681 3264 750 3342 per
760 3264 893 3313 eornm
908 3235 1180 3327 confessiones,
1199 3254 1238 3315 et
1250 3237 1344 3314 alios
1353 3237 1543 3326 absentes,
1559 3267 1631 3346 per
1644 3239 1764 3317 dicto·

337 3396 422 3444 rum
439 3364 677 3474 presencium
691 3364 959 3456 consessiones,
977 3367 1284 3474 condempnavit,
1303 3367 1495 3473 dictasque
1510 3368 1763 3448 confessiones

337 3499 463 3575 minus
476 3497 705 3576 sufficientes
724 3495 837 3574 luisse
856 3498 903 3575 ad
919 3497 1134 3576 laciendum
1147 3497 1531 3605 condempnacionem
1541 3499 1759 3606 predictam,

336 3658 404 3736 per
424 3629 525 3706 curie
545 3645 673 3706 nostre
687 3627 894 3736 judicium,
917 3629 1060 3707 dictum
1076 3629 1149 3707 luit
1163 3629 1375 3735 predictum
1394 3629 1641 3708 senescallum
1661 3630 1760 3708 male

330 3761 531 3866 judicasse,
555 3761 751 3867 dictosque
772 3760 944 3838 homines
962 3760 1062 3839 bene
1086 3760 1313 3867 appellasse,
1336 3762 1447 3840 etsie
1467 3762 1654 3840 dictorum
1674 3790 1761 3868 pro·

337 3891 517 3968 curatoris
535 3891 652 3968 nostri
673 3907 711 3966 et
729 3889 1137 3996 Petriappellacionem
1153 3890 1356 3970 subsistere
1374 3919 1451 3968 non
1466 3891 1618 3969 debere.

391 4021 490 4098 Jovis
504 4019 684 4127 predicta.

393 4153 555 4257 Mangon
575 4149 787 4258 reportavit.

391 4417 517 4494 XLIX.
541 4415 639 4494 Cum
647 4415 727 4523 jam
741 4414 886 4492 dudum
894 4415 1332 4524 judicatumquoddanr,
1344 4447 1412 4523 per
1421 4419 1563 4496 curiam
1573 4435 1762 4511 nostram,-

337 4547 468 4624 datum
488 4545 619 4625 fuisset
638 4563 765 4624 contra
784 4546 965 4632 Iacobum
992 4548 1040 4628 de
1066 4547 1303 4658 Peligniaco,
1324 4549 1521 4627 custodem
1546 4549 1645 4630 muri
1672 4551 1760 4629 Car-

337 4703 501 4766 cassone,
517 4694 555 4756 et
564 4675 748 4783 quosdam
764 4676 858 4754 alios
873 4677 912 4755 in
933 4677 1033 4756 dicto
1044 4678 1216 4788 judicato
1231 4696 1439 4772 contentos,
1457 4680 1520 4787 qui
1533 4679 1642 4787 plura
1659 4680 1760 4760 bona

336 4834 411 4914 que
438 4806 548 4884 nobis
578 4824 683 4884 erant
713 4808 910 4886 commissa
935 4807 1065 4886 illicite
1091 4808 1327 4898 detinebant,
1345 4839 1458 4918 super
1476 4811 1617 4918 quibus
1640 4811 1757 4889 eciam

337 4952 465 5013 nostre
485 4937 649 5042 quedam
666 4937 976 5015 confirmaciones
988 4937 1138 5016 lucrant
1152 4938 1323 5029 obtente,
1341 4969 1410 5047 per
1424 4943 1536 5050 quod·
1544 4941 1757 5051 judicatum

334 5065 624 5172 pronunciatum
645 5067 716 5146 luit
738 5067 838 5144 bona
861 5068 1026 5175 predicta
1049 5069 1097 5149 ud
1122 5097 1192 5146 nos
1215 5071 1351 5149 reverti
1367 5089 1408 5149 et
1430 5073 1541 5152 nobis
1564 5099 1758 5150 remanere
