4450 6209
257 888 444 949 rnrcmrtv,
541 866 602 945 lv.
634 867 732 956 Cum
745 894 814 974 per
827 865 1138 944 Bartholomeum
1155 867 1203 944 de
1219 865 1363 957 Grecis,
1378 866 1605 975 burgensem
1623 867 1670 945 de
1686 866 1847 974 Figiaco,
1863 894 1913 945 sc·
2003 952 2005 957 ,

319 982 384 1025 1³10.

485 720 558 797 508
1064 724 1155 797 LES
1190 722 1330 797 OLIM.

485 998 649 1077 nescallo
662 999 879 1079 Caturcensi
891 998 1161 1105 denunciatum
1179 998 1310 1077 fixisset
1321 1000 1428 1105 quod
1441 998 1663 1106 Austorgius
1675 998 1838 1089 bebrua,
1854 998 1911 1077 ba-

478 1130 586 1237 julus
597 1130 995 1237 abbatisFigiacensis,
1011 1160 1099 1207 cum
1109 1129 1338 1238 quibusdam
1353 1132 1431 1210 suis
1444 1130 1707 1238 complicibus,
1723 1132 1771 1207 de
1784 1148 1909 1223 nocte,

485 1260 630 1342 dictum
642 1262 953 1342 Bartholomeum
968 1264 1015 1341 de
1032 1261 1132 1341 lecto
1148 1292 1217 1341 suo
1228 1264 1418 1371 jacentem
1430 1262 1581 1342 nudum
1598 1280 1805 1341 extraxerat
1817 1280 1854 1340 et
1867 1265 1911 1341 ad

483 1412 623 1474 terram
648 1397 872 1505 projecerat,
893 1412 932 1473 et
947 1394 1053 1502 quod
1073 1395 1220 1473 ibidem
1241 1396 1460 1473 vulneratus
1480 1395 1617 1484 suerat,
1637 1393 1764 1472 fractis
1781 1394 1912 1473 hostiis

483 1527 619 1605 domus
634 1558 718 1618 sue,
732 1557 799 1635 per
809 1526 1014 1635 predictos,
1027 1545 1065 1604 et
1079 1527 1183 1634 quod
1194 1528 1448 1633 postmodum,
1461 1526 1661 1616 trahendo,
1675 1526 1780 1603 abrxit
1790 1527 1911 1633 ipsum

481 1688 601 1767 usque
611 1661 661 1739 ad
671 1688 858 1738 carcerem
872 1660 962 1737 dicti
973 1660 1135 1751 abbatis,
1149 1660 1215 1737 ubi
1226 1660 1497 1738 incarceratum
1509 1660 1633 1747 tenuit
1647 1658 1814 1736 eundem
1825 1661 1910 1736 Bar-

481 1791 720 1870 tholomeum
730 1819 799 1899 per
812 1809 928 1869 totam
944 1808 1094 1869 noctem
1110 1806 1149 1867 et
1162 1818 1281 1896 usque
1298 1792 1343 1869 ad
1357 1791 1575 1882 meridiem,
1593 1790 1694 1867 dicto
1713 1790 1910 1895 Austorgio

483 1923 532 1999 ad
545 1924 713 2030 predicta
731 1922 957 2001 denunciata
974 1940 1102 2001 oontra
1123 1922 1247 2029 ipsum
1267 1924 1519 2029 respondente
1535 1922 1641 2029 quod
1664 1921 1809 2000 dictum
1825 1923 1910 1999 Bar-

484 2053 723 2133 tholomeum
734 2072 883 2161 ceperat
893 2073 932 2131 et
945 2055 984 2129 in
1002 2082 1148 2131 carcere
1165 2054 1333 2159 predicto
1347 2074 1523 2159 posuerat
1531 2054 1632 2161 juste
1652 2068 1690 2129 et
1704 2052 1821 2136 licite,
1836 2071 1912 2129 tan-

483 2214 597 2290 quam
606 2184 757 2294 bajulus
775 2186 865 2263 dicti
878 2185 1040 2274 abbatis,
1058 2184 1201 2262 utendo
1216 2184 1481 2290 jurisdictione
1497 2214 1580 2272 sua,
1596 2183 1807 2263 secundum
1823 2182 1910 2259 dicti

482 2316 557 2395 loci
577 2318 892 2396 consuetudinem
916 2316 1102 2394 notoriam
1123 2334 1161 2394 et
1181 2316 1363 2394 hactenus
1388 2317 1636 2403 observatam,
1659 2343 1728 2420 pro
1750 2342 1795 2392 eo
1817 2312 1912 2391 vide-

480 2448 572 2526 licet
590 2449 678 2556 qnia
694 2449 839 2527 dictum
853 2447 1183 2538 Bartholomeum,
1201 2449 1388 2555 jacentem
1407 2450 1445 2525 in
1463 2448 1560 2527 lecto
1576 2476 1645 2527 suo
1660 2446 1807 2523 nudum
1827 2474 1912 2523 cum

480 2580 643 2687 quadam
660 2582 821 2659 muliere
835 2580 1025 2672 maritata,
1042 2579 1082 2655 in
1102 2580 1288 2657 adulterio
1307 2581 1518 2670 inveneram
1539 2580 1691 2657 tandem
1713 2579 1836 2655 dictus
1856 2605 1913 2655 se-

481 2712 682 2803 nescallus,
699 2715 898 2798 occasione,
909 2714 1191 2820 premissorum,
1209 2741 1285 2790 non
1303 2712 1539 2791 obstantibus
1556 2741 1668 2819 supra
1686 2738 1754 2817 per
1769 2708 1911 2787 dictum

482 2845 725 2953 Austorgium
741 2843 954 2951 propositis,
971 2844 1017 2921 ad
1033 2844 1293 2922 defensionem
1310 2846 1492 2953 ejusdem,
1511 2844 1655 2922 dictum
1670 2840 1912 2946 Austorgium

483 2974 584 3054 dicto
599 2975 867 3054 Bartholomeo
882 2975 922 3050 in
937 2975 1183 3083 quadraginta
1204 2977 1310 3054 libris
1329 2980 1362 3054 T
1363 2975 1630 3067 uronensibus‚
1651 3003 1720 3081 pro
1740 2973 1913 3078 dampnis

467 3123 522 3183 ¹et
533 3105 681 3214 injuriis
695 3106 820 3183 eidem
836 3105 961 3195 illatis,
978 3124 1016 3183 et
1030 3108 1141 3184 nobis
1156 3107 1194 3183 in
1210 3108 1396 3217 sexaginta
1409 3107 1515 3185 libris
1531 3105 1827 3196 Turonensibus,
1845 3132 1912 3211 pro

484 3239 661 3331 emenda,
683 3237 961 3316 sentencialiter
987 3240 1297 3347 condempnavit3
1324 3268 1343 3315 a
1366 3268 1438 3347 qua
1460 3239 1652 3317 sentencia
1677 3236 1799 3315 dictus
1821 3235 1912 3313 Aus-
2024 3250 2027 3259 “

482 3370 642 3476 torgius,
661 3389 842 3478 tanquam
856 3370 903 3449 ab
921 3371 1070 3478 iniqua,
1088 3371 1137 3449 ad
1151 3389 1316 3450 nostram
1339 3372 1481 3449 curiam
1494 3369 1715 3479 appellavit:
1732 3368 1829 3449 Visis
1844 3368 1912 3474 igi-

481 3519 545 3579 tur
563 3502 761 3610 utriusque
782 3532 890 3581 cause
910 3503 1164 3610 processibus,
1187 3505 1275 3611 quia
1294 3521 1487 3609 repertum
1513 3501 1691 3611 estquod
1712 3500 1808 3577 dicta
1828 3528 1913 3577 mu-

483 3631 564 3723 lier,
587 3663 674 3712 cum
691 3664 766 3741 qua
787 3634 912 3713 dictus
932 3635 1223 3714 bartholomeus
1239 3636 1292 3713 sic
1308 3636 1481 3714 inventus
1496 3634 1635 3723 suerat,
1653 3650 1731 3711 erat
1744 3633 1913 3709 maritata

483 3762 670 3870 capcionis
688 3783 860 3871 tempore
879 3766 1107 3871 supradicte,
1132 3782 1170 3843 et
1189 3766 1242 3843 sic
1259 3765 1381 3844 dictus
1400 3766 1622 3872 Austorgius
1631 3766 1735 3872 juste
1754 3781 1792 3840 et
1811 3762 1912 3839 licite

484 3910 522 3969 et
536 3894 746 3971 secundum
765 3897 1080 3975 consuetudinem
1094 3898 1167 3975 loci
1183 3898 1342 4004 predicti
1363 3899 1565 3986 notoriam,
1588 3896 1732 3974 utendo
1743 3894 1913 4000 jurisdio

483 4026 587 4103 tione
609 4025 699 4103 dicti
719 4026 880 4118 abbatis,
904 4046 947 4107 ut
970 4029 1121 4136 bajulus
1139 4029 1277 4108 fecerat
1297 4060 1372 4139 que
1392 4048 1520 4109 contra
1542 4030 1664 4136 ipsam]
1689 4025 1912 4105 denunciata

483 4157 658 4264 superius
673 4159 943 4266 exprimuntur,
961 4190 1029 4269 per
1042 4180 1168 4241 nostre
1182 4163 1285 4241 curie
1294 4162 1501 4271 judicium,
1520 4162 1665 4239 dictum
1680 4158 1752 4236 suit
1767 4158 1911 4235 dictum

483 4291 729 4369 senescallum
750 4294 848 4371 male
867 4297 1149 4401 pronunciasse,
1175 4313 1213 4373 et
1232 4297 1375 4375 dictum
1397 4294 1642 4403 Austorgium
1663 4289 1911 4397 beneappel-

482 4422 597 4512 lasse,
620 4442 658 4502 et
675 4425 781 4533 quod
801 4426 899 4504 dicta
916 4429 1105 4507 sentencia
1125 4456 1203 4507 non
1223 4428 1465 4509 mandabitur
1485 4425 1711 4508 execucioni.

537 4556 696 4635 Veneris
716 4577 803 4664 post
821 4577 992 4638 sanctum
1007 4560 1265 4640 Vincencium.

538 4686 588 4763 M.
609 4689 651 4764 R.
671 4688 718 4764 de
740 4690 1099 4770 Sancto-Benedicto
1119 4694 1330 4799 reportavit.

538 4950 581 5026 V.
613 4952 827 5058 Proposito,
855 4982 900 5033 ex
922 4975 1028 5062 parte
1055 4958 1249 5035 senescalli
1275 4958 1498 5048 Tholosani,
1526 4974 1654 5037 contra
1679 4955 1849 5037 consules
1876 4972 1912 5032 et

481 5080 762 5184 universitatem
783 5086 830 5162 de
853 5086 1049 5183 Gimonte,
1072 5090 1176 5197 quod
1196 5108 1358 5197 quatuor
1378 5092 1425 5169 de
1445 5089 1665 5169 consulibus
1685 5088 1783 5166 dicte
1804 5084 1908 5173 ville,
