4450 6209
499 633 573 707 too
1078 632 1169 703 LES
1203 629 1336 703 OLIM.

269 784 458 846 rernmw.
498 789 934 879 nem‚percusserant‚et
943 771 1106 879 quedam
1119 773 1290 881 pignora,
1303 798 1513 881 que‚suum
1522 766 1688 849 officium
1699 772 1917 864 exercendo,

328 875 396 928 lm
499 921 665 1011 ceperat,
678 904 804 981 eidem
817 920 1085 990 rescusserant‚
1098 921 1136 981 et
1149 901 1460 1009 baculum‚signo
1475 899 1579 1008 regio
1592 900 1918 1009 signatum‚quem

498 1034 621 1141 palam
636 1053 676 1113 et
694 1034 845 1142 publice
864 1034 1075 1123 deferebat,
1098 1034 1224 1113 eidem
1246 1032 1479 1111 abstulerant
1497 1048 1536 1109 et
1555 1032 1594 1107 in
1614 1030 1740 1109 lutum
1759 1034 1918 1142 projece-

499 1182 600 1258 rant;
619 1182 657 1243 et
672 1182 827 1271 propter
846 1166 919 1242 hoc
933 1165 1157 1244 castellanus
1172 1164 1482 1253 Montis-Albani,
1503 1192 1547 1241 ex
1567 1164 1834 1243 commissione
1849 1166 1916 1243 sibi

499 1326 519 1373 a
538 1296 743 1373 senescallo
762 1295 1056 1406 Petragoricensi
1075 1295 1186 1388 facta,
1201 1296 1338 1387 secatis
1354 1294 1561 1375 Guillelma
1577 1312 1616 1373 et
1631 1294 1711 1373 aliis
1724 1296 1915 1402 predictis,

498 1427 766 1535 inquisivisset,
789 1445 827 1507 et
846 1428 983 1506 auditis
1003 1426 1181 1505 omnibus
1201 1456 1274 1533 que
1296 1426 1395 1503 dicte
1415 1442 1540 1533 partes
1558 1425 1646 1503 hinc
1671 1425 1760 1503 inde
1781 1455 1916 1535 propo-

471 1613 473 1618 ·
497 1558 826 1648 convaluerunt,
849 1557 988 1634 dictam
1007 1557 1251 1637 Guillelmam
1271 1558 1311 1633 in
1334 1572 1487 1633 centum
1507 1556 1615 1634 libris
1637 1555 1767 1647 nobis,
1785 1574 1825 1635 et
1840 1584 1918 1637 cen·

497 1706 579 1767 tum
593 1688 724 1767 solidis
734 1690 830 1795 parti
841 1749 850 1777 ‚
861 1690 1129 1776 bertrandum,
1146 1689 1227 1795 ejus
1241 1688 1382 1777 lilium,
1398 1688 1440 1763 in
1452 1705 1607 1766 centum
1620 1688 1729 1767 libris
1742 1688 1868 1779 nobis,
1883 1707 1919 1767 et

498 1836 651 1897 centum
664 1820 797 1899 solidis
810 1820 925 1926 parti,
944 1837 983 1897 et
998 1820 1143 1898 dictum
1157 1818 1407 1897 Guillelmum
1425 1818 1472 1897 de
1490 1819 1622 1925 Bogias
1642 1835 1682 1896 et
1693 1817 1916 1909 meldum,

391 2026 395 2031 .
499 1952 580 2059 ejus
594 1948 736 2043 filium,
756 1952 795 2027 in
815 1968 968 2029 centum
991 1950 1098 2028 libris
1116 1950 1241 2039 nobis,
1256 1966 1295 2027 et
1314 1966 1464 2027 centum
1483 1948 1613 2027 solidis
1627 1950 1723 2058 parti
1744 1949 1834 2027 dicti
1847 1978 1920 2030 ser-

497 2082 651 2168 vientis,
673 2081 1003 2188 condempnasset,
1025 2110 1138 2188 aqua
1158 2081 1348 2159 sentencia
1369 2079 1459 2157 dicti
1478 2078 1747 2188 condempnati
1765 2082 1815 2158 ad
1834 2109 1919 2160 nos·

498 2230 594 2290 tram
610 2212 751 2289 curiam
768 2209 1023 2317 appellarunt3
1045 2210 1323 2288 commissarius
1338 2227 1464 2288 autem
1482 2240 1500 2287 a
1517 2212 1627 2291 nobis
1644 2211 1684 2289 in
1698 2240 1808 2289 causa
1824 2212 1918 2291 dicte

498 2340 763 2450 appellacionis
778 2341 905 2430 datus,
922 2342 1130 2447 procedens
1151 2341 1189 2417 in
1210 2369 1269 2430 ea,
1286 2339 1492 2446 predictam
1507 2342 1737 2419 sentenciam
1756 2371 1919 2449 pronun-

497 2474 606 2551 ciavit
618 2501 697 2550 esse
711 2472 871 2561 nullam3
892 2502 1001 2579 aqna
1015 2472 1204 2549 sentencie
1218 2472 1401 2551 nullitatis
1419 2492 1639 2579 procurator
1655 2490 1784 2552 noster
1800 2504 1920 2553 senes-

498 2603 604 2681 callio
624 2602 936 2713 Petregoricensis
951 2604 1001 2681 ad
1016 2621 1182 2707 nostram
1201 2603 1342 2680 curiam
1363 2603 1581 2709 appellavit:
1594 2604 1690 2684 Visis
1709 2606 1825 2713 igitur
1839 2634 1919 2685 om·

498 2735 611 2811 nibus
630 2733 866 2839 processibus
891 2733 1134 2838 supradictis,
1161 2734 1451 2839 pronunciatum
1470 2734 1557 2827 luit,
1579 2763 1649 2841 per
1671 2736 1775 2816 curie
1796 2754 1919 2815 nostre

493 2864 700 2973 judicium,
722 2864 866 2940 dictum
887 2879 1170 2970 procuratorem
1189 2882 1361 2943 nostrum
1380 2864 1479 2943 bene
1497 2865 1701 2972 appellasse
1722 2884 1760 2944 et
1780 2868 1918 2946 dictum

499 2993 797 3071 commissarium
813 2993 909 3071 male
920 2994 1125 3100 judicasse,
1137 3010 1178 3071 'et
1191 2994 1263 3073 luit
1276 2992 1493 3075 confirmata
1507 2997 1627 3104 prima
1640 2999 1830 3077 sentencia
1842 3028 1919 3104 pre·

406 3130 409 3138 '
477 3125 614 3214 diota,
637 3142 676 3202 et
692 3124 936 3201 mandabitur
955 3124 1183 3203 execucioni.
1790 3136 1793 3140 '

554 3258 661 3335 Lune
679 3273 767 3363 post
784 3258 916 3335 Letare
932 3255 1151 3335 Jerusalem.

553 3386 712 3465 Cuillier
731 3387 941 3496 reportavit.
1091 3376 1094 3381 ⁵

554 3652 679 3729 LXIX.
711 3654 793 3730 Lite
809 3669 912 3729 mota
931 3653 1030 3729 inter
1043 3652 1241 3730 dominum
1264 3654 1311 3731 de
1330 3656 1505 3747 buxeria,
1521 3682 1564 3733 ex
1583 3672 1686 3761 parte
1703 3684 1795 3746 una,
1811 3674 1850 3735 et
1862 3660 1919 3736 la·

499 3781 639 3859 cobum
659 3781 708 3859 de
728 3782 1037 3871 Sancto-Poncio,
1059 3782 1238 3875 militem,
1260 3812 1304 3861 ex
1325 3786 1456 3874 altera,
1479 3812 1655 3891 supereo
1675 3786 1780 3893 quod
1801 3789 1918 3868 dictus

501 3910 680 3987 dominus
693 3912 740 3992 de
755 3912 911 3989 buxeria
926 3911 1073 3990 dicebat
1086 3914 1206 4020 quod,
1223 3916 1270 3992 de
1283 3915 1556 3994 consuetudine
1568 3916 1821 4023 approbata-in
1837 3918 1917 3995 loco

500 4039 547 4116 de
566 4042 740 4132 Buxeria,
753 4042 881 4120 nullus
902 4042 1090 4121 edifficare
1102 4062 1227 4151 potest
1241 4045 1466 4124 fortalicium
1481 4046 1578 4124 infra
1589 4046 1684 4125 fines
1701 4076 1769 4126 sue
1788 4047 1917 4126 castel·

498 4171 614 4259 lanio,
637 4172 708 4249 nisi
729 4172 776 4252 de
795 4175 982 4280 permissu
1002 4174 1189 4282 ejusdem,
1211 4194 1248 4253 et
1262 4177 1367 4284 quod
1385 4178 1464 4285 ipse
1481 4194 1539 4255 est
1556 4178 1596 4254 in
1617 4180 1751 4257 saisina
1768 4179 1917 4287 pacifica

499 4300 675 4379 diruendi
686 4302 868 4382 fortalicia
881 4305 1026 4383 ibidem
1042 4323 1253 4383 constructa
1262 4324 1388 4413 preter
1402 4309 1484 4416 ejus
1499 4308 1748 4399 voluntatem,
1766 4328 1805 4389 et
1820 4311 1914 4403 ideo,

496 4462 583 4510 cum
605 4433 740 4511 domus
760 4434 809 4513 de
826 4438 992 4513 Fumeto
1021 4438 1070 4513 sit
1090 4438 1227 4515 domus
1250 4437 1356 4517 lortis
1379 4456 1417 4517 et
1437 4437 1606 4516 edificata
1633 4440 1679 4517 de
1702 4468 1800 4519 novo
1826 4441 1917 4519 infra

496 4562 593 4640 fines
605 4564 818 4644 castellanis
829 4594 896 4643 sne
909 4568 1091 4673 predicte,
1108 4585 1234 4645 contra
1247 4568 1327 4676 ejus
1339 4568 1583 4659 voluntatem,
1595 4570 1747 4677 petebat
1760 4572 1914 4649 eandem

499 4690 693 4784 demoliri,
706 4696 844 4773 virtute
863 4698 1148 4776 consuetudinis
1165 4699 1395 4805 supradicte3
1413 4701 1515 4779 dicto
1534 4702 1673 4780 Jacobo
1692 4705 1916 4782 contrarirun

496 4840 702 4912 asserente,
725 4844 764 4903 et
782 4826 893 4932 plura
911 4827 958 4904 ad
979 4830 1036 4906 sni
1058 4827 1318 4909 defensionem
1337 4850 1592 4939 proponente:
1611 4833 1788 4940 lnquesta
1807 4835 1915 4941 igitur

495 4979 610 5059 super
629 4953 703 5034 hiis
721 4956 770 5036 de
786 4959 967 5037 mandato
979 4960 1081 5041 curie
1101 4978 1228 5041 nostre
1244 4960 1356 5052 lacta,
1371 4964 1447 5043 visa
1463 4980 1502 5041 et
1518 4963 1719 5073 diligenter
1733 4964 1912 5072 inspecta,
2107 5022 2108 5031 ἢ
