4450 6209
751 703 1022 812 anunrus
1047 721 1111 794 ur
1136 703 1343 798 ruoous
1687 730 1761 801 ars

339 868 415 955 cio,
432 881 579 943 retenta
593 862 709 941 fuisse
722 892 794 972 per
808 866 1013 972 Symonem
1028 864 1278 960 Brise-Teste,
1301 864 1478 955 militem,
1496 869 1689 976 quondam
1706 899 1763 949 se·
1799 880 1929 935 Ριιιιιιι
1943 882 1985 943 tv,

338 994 544 1075 nescallum
561 993 802 1084 Carcassone,
823 994 949 1073 minus
966 995 1070 1103 juste
1090 996 1187 1073 etin
1207 995 1459 1105 prejudicium
1480 996 1568 1076 dicti
1587 998 1765 1078 Almarri-

338 1129 434 1219 neti,
452 1126 501 1205 ad
519 1142 687 1205 nostram
708 1125 850 1203 curiam
872 1142 1072 1234 asportata,
1090 1126 1219 1205 visset
1238 1126 1438 1235 diligenter
1456 1130 1675 1223 examinata,
1695 1160 1765 1240 per
1852 1101 1858 1120 ⁵

1862 972 1924 1015 1808.

339 1258 443 1337 curie
456 1274 585 1335 nostre
593 1256 799 1364 judicium,
814 1256 958 1377 dictum
972 1256 1044 1335 fuit
1056 1257 1157 1337 dicta
1169 1275 1287 1335 castra
1298 1258 1399 1337 licite
1413 1259 1529 1338 luisse
1541 1290 1610 1369 per
1620 1264 1763 1343 dictum

338 1386 583 1469 senescallum
597 1404 742 1465 retenta
754 1414 824 1493 pro
836 1386 963 1477 nobis,
975 1404 1015 1465 et
1023 1389 1144 1496 quod,
1156 1390 1323 1497 inspecta
1332 1390 1542 1497 specialiter
1551 1395 1668 1499 patrie
1683 1424 1765 1473 con-

338 1519 557 1608 suetudine,
572 1518 670 1595 dicta
680 1536 797 1597 castra
811 1536 1004 1625 tamquam
1018 1536 1145 1597 nostra
1156 1519 1257 1628 juste
1272 1547 1474 1627 possumus
1482 1522 1762 1631 imperpetuum

337 1652 518 1742 retinere,
533 1648 724 1727 mediante
735 1649 864 1755 precio
877 1677 947 1754 pro
962 1648 1074 1726 nobis
1086 1679 1157 1757 per
1167 1650 1312 1729 dictum
1323 1651 1571 1730 senescallum
1584 1654 1672 1732 inde
1684 1683 1765 1762 per-

338 1781 464 1860 soluto
480 1781 520 1859 in
535 1778 695 1886 pecunia
713 1795 908 1857 numerata
926 1779 1083 1857 domino
1103 1778 1308 1858 Bertrando
1322 1780 1523 1874 Bochardi‚
1541 1785 1606 1890 qui
1623 1805 1765 1864 emerat

337 1913 438 1990 dicta
454 1926 586 2001 castra,
602 1908 703 1988 salvo
721 1927 850 1987 tamen
862 1909 950 2016 jure
971 1910 1062 1987 dicti
1082 1910 1323 1989 Alruarrineti
1346 1911 1385 1989 in
1405 1911 1578 1991 ducentis
1598 1931 1636 1992 et
1655 1918 1765 2023 quin-

336 2041 515 2149 quaginta
529 2040 637 2117 libris
653 2040 845 2119 bonorum
859 2040 1156 2147 Turonensium,
1174 2070 1242 2150 pro
1261 2042 1415 2121 residuo
1435 2045 1550 2150 precii
1574 2044 1763 2125 dictorum

337 2190 566 2263 castrorum,
597 2171 703 2278 quod
729 2170 926 2250 residuum
953 2171 1079 2250 dictus
1109 2171 1336 2259 senescallus
1363 2173 1488 2251 eidem
1512 2174 1762 2255 Almarrineto

336 2330 531 2409 nunquam
550 2302 743 2409 persolvit,
762 2301 852 2379 licet
866 2303 941 2381 hoe
955 2303 1028 2381 sibi
1047 2302 1288 2409 promisisset.
1318 2358 1321 2366 ·

395 2434 559 2513 Sahbato
572 2450 661 2539 post
678 2433 943 2511 Reminiscere.

394 2565 445 2645 Μ.
461 2567 503 2643 L.
518 2564 567 2643 de
577 2563 708 2672 Voyssi
722 2563 933 2671 reportavit.

393 2829 516 2908 LVIII.
546 2828 646 2906 Cum
665 2826 825 2907 bellivos
845 2828 1138 2935 Andegavensis,
1155 2830 1309 2908 nomine
1325 2831 1470 2909 domini
1489 2833 1632 2921 Karoli,
1648 2834 1764 2912 comi-

334 2962 384 3039 tis
399 2958 690 3068 Andegavensis,
707 2987 875 3038 asserens
890 2958 1032 3037 dictum
1046 2960 1226 3038 comitem
1242 2978 1280 3039 et
1293 2962 1374 3069 ejus
1388 2963 1671 3069 predecessores
1683 2992 1763 3041 esse

336 3110 376 3169 et
391 3090 523 3182 luisse,
544 3109 738 3197 tamquam
762 3090 992 3197 superiores,
1010 3091 1051 3166 in
1069 3091 1204 3170 saisina
1216 3090 1434 3198 justiciandi
1453 3122 1513 3173 res
1533 3112 1572 3173 et
1590 3096 1765 3173 homines

333 3223 502 3333 magistri
522 3238 562 3300 et
578 3222 735 3300 fratrum
757 3221 961 3327 Hospitalis
980 3221 1309 3301 Sancti-lobannis
1327 3222 1618 3302 lerosolimitani
1643 3225 1682 3301 in
1703 3253 1760 3301 co·

332 3355 471 3432 mitatu
484 3352 758 3462 Andagavensi,
775 3380 922 3430 necnon
937 3368 975 3429 et
988 3352 1156 3431 habendi
1170 3368 1378 3430 ressortum
1394 3369 1433 3430 et
1443 3352 1596 3460 gardam
1615 3382 1765 3430 eorum-

335 3484 444 3574 dem,
466 3501 613 3590 peteret
634 3510 789 3559 manum
819 3498 1005 3572 nostram,
1024 3498 1218 3589 tamquam
1244 3482 1467 3589 superioris,
1489 3483 1697 3588 appositam
1724 3484 1764 3560 in

334 3615 452 3693 rebus
470 3642 563 3721 quas
584 3612 726 3691 habent
748 3628 787 3690 et
800 3629 934 3690 tenent
952 3612 1041 3689 dicti
1064 3611 1196 3689 fratres
1215 3611 1256 3688 in
1271 3610 1372 3689 dicto
1388 3610 1584 3700 comitatu,
1602 3616 1765 3691 amoveri

332 3748 387 3824 ita
399 3746 506 3853 quod
520 3747 599 3853 ipse
615 3774 741 3823 comes
758 3745 878 3852 possit
897 3744 1053 3853 gardare
1073 3762 1112 3822 et
1127 3744 1354 3850 explantare,
1372 3760 1565 3849 tamquam
1579 3746 1760 3851 superior,

334 3878 376 3956 in
396 3877 604 3986 premissis,
625 3894 867 3983 procuratore
893 3876 1083 3954 dictorum
1103 3875 1369 3983 religiosorum
1391 3876 1429 3953 in
1450 3876 1675 3954 contrarium
1700 3904 1765 3983 pe-
1851 3881 1861 3899 “

332 4027 439 4087 tente
462 4008 637 4088 homines
650 4035 755 4097 suos,
769 4007 869 4085 bona
883 4035 951 4084 sua
969 4024 1008 4084 et
1026 4007 1227 4085 hominum
1243 4033 1402 4109 suorum
1422 4026 1543 4114 capta,
1558 4006 1674 4085 levata
1694 4035 1762 4085 seu

334 4139 516 4246 impedita
536 4138 576 4216 in
598 4137 699 4215 dicto
718 4137 898 4214 comitatu
918 4165 986 4242 per
998 4135 1177 4215 comitem
1191 4134 1405 4241 predictum
1426 4164 1493 4214 seu
1513 4136 1595 4242 ejus
1614 4152 1759 4243 gentes,

336 4270 481 4378 quiete,
495 4270 615 4349 libere
635 4286 673 4347 et
689 4268 831 4375 absque
846 4266 1117 4371 impedimento
1133 4263 1204 4343 sibi
1220 4264 1368 4343 restitui
1382 4292 1451 4371 per
1464 4292 1552 4353 nos,
1570 4280 1761 4370 tamquam

336 4402 571 4507 superiorem
587 4418 626 4478 et
644 4399 895 4508 gardiatorem
915 4422 1048 4475 eorum
1060 4426 1070 4471 t
1084 4395 1172 4472 Visa
1189 4394 1363 4500 inquesta
1376 4422 1491 4501 super
1504 4393 1578 4471 hoc
1592 4392 1641 4469 de
1660 4418 1763 4469 man-

338 4532 424 4611 dato
441 4533 545 4627 curie
563 4532 691 4610 nostre
707 4529 818 4615 facta,
832 4555 902 4633 per
916 4527 1020 4603 curie
1040 4544 1167 4605 nostm
1182 4522 1388 4634 judicium,
1407 4523 1549 4601 dietum
1566 4522 1638 4603 fuit
1656 4521 1763 4627 quod

339 4662 437 4741 dicta
455 4664 645 4769 inquesta,
670 4676 827 4766 propter
844 4658 993 4764 aliquos
1014 4655 1182 4735 defectus
1201 4656 1240 4735 in
1259 4682 1303 4733 ea
1321 4670 1506 4761 repertos,
1522 4652 1661 4759 etquis
1676 4652 1761 4731 nul·-

337 4791 401 4870 lus
416 4791 624 4897 compa‘ruit
639 4790 679 4866 in
693 4809 738 4867 e'a
754 4818 824 4896 pro
839 4789 997 4867 domino
1012 4790 1113 4896 Rege
1127 4784 1315 4879 defensor,
1330 4813 1408 4864 non
1415 4783 1662 4894 judicabitur,
1675 4782 1757 4871 sed,

337 4920 476 5000 vocatis
492 4917 687 4997 defensore
701 4919 846 4999 domini
861 4918 972 5026 Regis
988 4935 1028 4996 et
1042 4917 1127 4996 aliis
1141 4916 1353 5004 evocandis,
1371 4916 1420 4995 de
1436 4943 1534 4994 novo
1547 4914 1762 5021 inquiretur

339 5080 454 5162 super
472 5048 662 5159 predictis.

425 5228 479 5272 uss
501 5226 587 5270 ortu.
611 5226 656 5265 ιιι.
1596 5202 1635 5265 to
