<?xml version="1.0" encoding="UTF-8"?>
<!DOCTYPE html PUBLIC "-//W3C//DTD XHTML 1.0 Transitional//EN"
    "http://www.w3.org/TR/xhtml1/DTD/xhtml1-transitional.dtd">
<html xmlns="http://www.w3.org/1999/xhtml" xml:lang="en" lang="en">
 <head>
  <title>
</title>
<meta http-equiv="Content-Type" content="text/html;charset=utf-8" />
  <meta name='ocr-system' content='tesseract 3.04.00' />
  <meta name='ocr-capabilities' content='ocr_page ocr_carea ocr_par ocr_line ocrx_word'/>
</head>
<body>
  <div class='ocr_page' id='page_1' title='image "./lesolimouregist00parigoog_0133.png"; bbox 0 0 4450 6209; ppageno 0'>
   <div class='ocr_carea' id='block_1_1' title="bbox 534 742 1379 817">
    <p class='ocr_par' dir='ltr' id='par_1_1' title="bbox 534 742 1379 817">
     <span class='ocr_line' id='line_1_1' title="bbox 534 742 1379 817; baseline -0.002 0"><span class='ocrx_word' id='word_1_1' title='bbox 534 744 583 817; x_wconf 72' lang='lat'>311</span> <span class='ocrx_word' id='word_1_2' title='bbox 1118 742 1209 817; x_wconf 85' lang='lat' dir='ltr'>LES</span> <span class='ocrx_word' id='word_1_3' title='bbox 1237 742 1379 817; x_wconf 89' lang='lat' dir='ltr'><strong>OLIM.</strong></span> 
     </span>
    </p>
   </div>
   <div class='ocr_carea' id='block_1_2' title="bbox 305 882 1953 1105">
    <p class='ocr_par' dir='ltr' id='par_1_2' title="bbox 305 882 1953 1105">
     <span class='ocr_line' id='line_1_2' title="bbox 305 882 1953 995; baseline -0.002 -32"><span class='ocrx_word' id='word_1_4' title='bbox 305 900 326 952; x_wconf 85' lang='grc' dir='ltr'><strong>Ρ</strong></span> <span class='ocrx_word' id='word_1_5' title='bbox 328 916 436 954; x_wconf 67' lang='grc' dir='ltr'>ιιιιιιι</span> <span class='ocrx_word' id='word_1_6' title='bbox 449 898 491 961; x_wconf 73' lang='grc' dir='ltr'>Ν,</span> <span class='ocrx_word' id='word_1_7' title='bbox 531 888 768 995; x_wconf 76' lang='lat' dir='ltr'>proprietatis</span> <span class='ocrx_word' id='word_1_8' title='bbox 784 888 823 964; x_wconf 90' lang='lat' dir='ltr'>in</span> <span class='ocrx_word' id='word_1_9' title='bbox 834 886 1002 993; x_wconf 76' lang='lat' dir='ltr'>predicte</span> <span class='ocrx_word' id='word_1_10' title='bbox 1006 886 1289 993; x_wconf 87' lang='lat' dir='ltr'>jurisdictione,</span> <span class='ocrx_word' id='word_1_11' title='bbox 1305 912 1393 962; x_wconf 88' lang='lat' dir='ltr'>cum</span> <span class='ocrx_word' id='word_1_12' title='bbox 1407 884 1457 961; x_wconf 90' lang='lat' dir='ltr'>de</span> <span class='ocrx_word' id='word_1_13' title='bbox 1476 910 1520 961; x_wconf 89' lang='lat' dir='ltr'>ea</span> <span class='ocrx_word' id='word_1_14' title='bbox 1533 882 1768 963; x_wconf 87' lang='lat' dir='ltr'>voluerimus</span> <span class='ocrx_word' id='word_1_15' title='bbox 1783 884 1953 991; x_wconf 81' lang='lat' dir='ltr'>experiri.</span> 
     </span>
     <span class='ocr_line' id='line_1_3' title="bbox 367 992 1513 1105; baseline -0.003 -7"><span class='ocrx_word' id='word_1_16' title='bbox 367 992 431 1035; x_wconf 53' lang='grc' dir='ltr'><em>Μ</em></span> <span class='ocrx_word' id='word_1_17' title='bbox 588 1020 745 1099; x_wconf 84' lang='lat' dir='ltr'>Veneris</span> <span class='ocrx_word' id='word_1_18' title='bbox 763 1016 850 1097; x_wconf 77' lang='lat' dir='ltr'>ante</span> <span class='ocrx_word' id='word_1_19' title='bbox 868 1019 1105 1105; x_wconf 80' lang='lat' dir='ltr'>andones,</span> <span class='ocrx_word' id='word_1_20' title='bbox 1127 1044 1257 1095; x_wconf 86' lang='lat' dir='ltr'>mense</span> <span class='ocrx_word' id='word_1_21' title='bbox 1277 1015 1513 1095; x_wconf 73' lang='lat' dir='ltr'><strong>Februario.»</strong></span> 
     </span>
    </p>
   </div>
   <div class='ocr_carea' id='block_1_3' title="bbox 526 1277 1951 4007">
    <p class='ocr_par' dir='ltr' id='par_1_3' title="bbox 526 1277 1951 3880">
     <span class='ocr_line' id='line_1_4' title="bbox 587 1277 1951 1388; baseline 0.001 -30"><span class='ocrx_word' id='word_1_22' title='bbox 587 1282 711 1358; x_wconf 86' lang='lat' dir='ltr'><strong>XLIII.</strong></span> <span class='ocrx_word' id='word_1_23' title='bbox 741 1279 828 1358; x_wconf 88' lang='lat' dir='ltr'>Visa</span> <span class='ocrx_word' id='word_1_24' title='bbox 853 1281 1027 1388; x_wconf 84' lang='lat' dir='ltr'>inquesta</span> <span class='ocrx_word' id='word_1_25' title='bbox 1045 1278 1139 1357; x_wconf 82' lang='lat' dir='ltr'>lacte</span> <span class='ocrx_word' id='word_1_26' title='bbox 1163 1297 1293 1359; x_wconf 81' lang='lat' dir='ltr'>eontra</span> <span class='ocrx_word' id='word_1_27' title='bbox 1318 1278 1404 1359; x_wconf 88' lang='lat' dir='ltr'>illos</span> <span class='ocrx_word' id='word_1_28' title='bbox 1426 1280 1493 1387; x_wconf 85' lang='lat' dir='ltr'>&#39;qui</span> <span class='ocrx_word' id='word_1_29' title='bbox 1512 1277 1554 1356; x_wconf 91' lang='lat' dir='ltr'>in</span> <span class='ocrx_word' id='word_1_30' title='bbox 1573 1278 1723 1357; x_wconf 78' lang='lat' dir='ltr'>ballivis</span> <span class='ocrx_word' id='word_1_31' title='bbox 1745 1278 1951 1359; x_wconf 75' lang='lat' dir='ltr'>senonensi</span> 
     </span>
     <span class='ocr_line' id='line_1_5' title="bbox 528 1410 1950 1517; baseline 0 -29"><span class='ocrx_word' id='word_1_32' title='bbox 528 1412 696 1517; x_wconf 77' lang='lat' dir='ltr'>deputati</span> <span class='ocrx_word' id='word_1_33' title='bbox 710 1410 867 1490; x_wconf 86' lang='lat' dir='ltr'>suerunt</span> <span class='ocrx_word' id='word_1_34' title='bbox 880 1411 930 1488; x_wconf 82' lang='lat' dir='ltr'>ad</span> <span class='ocrx_word' id='word_1_35' title='bbox 944 1410 1162 1488; x_wconf 73' lang='lat' dir='ltr'>laciendum</span> <span class='ocrx_word' id='word_1_36' title='bbox 1179 1426 1386 1488; x_wconf 74' lang='lat' dir='ltr'>monstrem</span> <span class='ocrx_word' id='word_1_37' title='bbox 1401 1438 1595 1487; x_wconf 73' lang='lat' dir='ltr'>armorum</span> <span class='ocrx_word' id='word_1_38' title='bbox 1605 1412 1710 1487; x_wconf 85' lang='lat' dir='ltr'>etad</span> <span class='ocrx_word' id='word_1_39' title='bbox 1728 1410 1950 1517; x_wconf 86' lang='lat' dir='ltr'>capiendum</span> 
     </span>
     <span class='ocr_line' id='line_1_6' title="bbox 528 1538 1951 1649; baseline 0 -31"><span class='ocrx_word' id='word_1_40' title='bbox 528 1572 628 1619; x_wconf 87' lang='lat' dir='ltr'>arma</span> <span class='ocrx_word' id='word_1_41' title='bbox 647 1542 840 1649; x_wconf 78' lang='lat' dir='ltr'>peditvms,</span> <span class='ocrx_word' id='word_1_42' title='bbox 867 1560 906 1620; x_wconf 88' lang='lat' dir='ltr'>et</span> <span class='ocrx_word' id='word_1_43' title='bbox 930 1543 1013 1649; x_wconf 86' lang='lat' dir='ltr'>qui,</span> <span class='ocrx_word' id='word_1_44' title='bbox 1035 1558 1189 1647; x_wconf 82' lang='lat' dir='ltr'>propter</span> <span class='ocrx_word' id='word_1_45' title='bbox 1209 1540 1309 1618; x_wconf 83' lang='lat' dir='ltr'>dona</span> <span class='ocrx_word' id='word_1_46' title='bbox 1328 1569 1405 1649; x_wconf 85' lang='lat' dir='ltr'>que</span> <span class='ocrx_word' id='word_1_47' title='bbox 1430 1538 1501 1648; x_wconf 90' lang='lat' dir='ltr'>ipsi</span> <span class='ocrx_word' id='word_1_48' title='bbox 1519 1538 1612 1618; x_wconf 85' lang='lat' dir='ltr'>inde</span> <span class='ocrx_word' id='word_1_49' title='bbox 1635 1558 1875 1647; x_wconf 84' lang='lat' dir='ltr'>receperunt,</span> <span class='ocrx_word' id='word_1_50' title='bbox 1893 1568 1951 1618; x_wconf 84' lang='lat' dir='ltr'>re·</span> 
     </span>
     <span class='ocr_line' id='line_1_7' title="bbox 527 1672 1949 1782; baseline -0.001 -31"><span class='ocrx_word' id='word_1_51' title='bbox 527 1674 734 1753; x_wconf 78' lang='lat' dir='ltr'>laiaciones</span> <span class='ocrx_word' id='word_1_52' title='bbox 759 1702 875 1782; x_wconf 90' lang='lat' dir='ltr'>super</span> <span class='ocrx_word' id='word_1_53' title='bbox 898 1674 972 1753; x_wconf 84' lang='lat' dir='ltr'>boc</span> <span class='ocrx_word' id='word_1_54' title='bbox 998 1672 1185 1762; x_wconf 85' lang='lat' dir='ltr'>lecerunt,</span> <span class='ocrx_word' id='word_1_55' title='bbox 1208 1672 1440 1779; x_wconf 76' lang='lat' dir='ltr'>porcariam</span> <span class='ocrx_word' id='word_1_56' title='bbox 1459 1690 1627 1750; x_wconf 84' lang='lat' dir='ltr'>nostram</span> <span class='ocrx_word' id='word_1_57' title='bbox 1648 1672 1688 1749; x_wconf 93' lang='lat' dir='ltr'>in</span> <span class='ocrx_word' id='word_1_58' title='bbox 1706 1672 1866 1750; x_wconf 89' lang='lat' dir='ltr'>modum</span> <span class='ocrx_word' id='word_1_59' title='bbox 1887 1675 1949 1780; x_wconf 87' lang='lat' dir='ltr'>qui</span> 
     </span>
     <span class='ocr_line' id='line_1_8' title="bbox 527 1802 1948 1913; baseline -0.003 -29"><span class='ocrx_word' id='word_1_60' title='bbox 527 1804 700 1913; x_wconf 87' lang='lat' dir='ltr'>sequitur</span> <span class='ocrx_word' id='word_1_61' title='bbox 718 1806 839 1884; x_wconf 79' lang='lat' dir='ltr'>extitit</span> <span class='ocrx_word' id='word_1_62' title='bbox 848 1804 1078 1912; x_wconf 80' lang='lat' dir='ltr'>judicatum,</span> <span class='ocrx_word' id='word_1_63' title='bbox 1095 1803 1391 1911; x_wconf 77' lang='lat' dir='ltr'>videlicetqnod</span> <span class='ocrx_word' id='word_1_64' title='bbox 1404 1804 1586 1886; x_wconf 74' lang='lat' dir='ltr'>Ricbems</span> <span class='ocrx_word' id='word_1_65' title='bbox 1604 1802 1948 1896; x_wconf 70' lang='lat' dir='ltr'>delletra-Galteri,</span> 
     </span>
     <span class='ocr_line' id='line_1_9' title="bbox 528 1934 1947 2042; baseline -0.001 -27"><span class='ocrx_word' id='word_1_66' title='bbox 528 1936 702 2015; x_wconf 86' lang='lat' dir='ltr'>Galterus</span> <span class='ocrx_word' id='word_1_67' title='bbox 722 1936 770 2015; x_wconf 89' lang='lat' dir='ltr'>de</span> <span class='ocrx_word' id='word_1_68' title='bbox 788 1936 979 2027; x_wconf 86' lang='lat' dir='ltr'>Lorriaco,</span> <span class='ocrx_word' id='word_1_69' title='bbox 996 1935 1184 2012; x_wconf 85' lang='lat' dir='ltr'>Robertus</span> <span class='ocrx_word' id='word_1_70' title='bbox 1204 1934 1406 2023; x_wconf 86' lang='lat' dir='ltr'>Berluuez,</span> <span class='ocrx_word' id='word_1_71' title='bbox 1423 1934 1580 2013; x_wconf 90' lang='lat' dir='ltr'>Coletus</span> <span class='ocrx_word' id='word_1_72' title='bbox 1601 1936 1648 2013; x_wconf 91' lang='lat' dir='ltr'>de</span> <span class='ocrx_word' id='word_1_73' title='bbox 1670 1934 1947 2042; x_wconf 85' lang='lat' dir='ltr'>Ruyvasseleur,</span> 
     </span>
     <span class='ocr_line' id='line_1_10' title="bbox 527 2064 1951 2173; baseline -0.003 -26"><span class='ocrx_word' id='word_1_74' title='bbox 527 2068 760 2147; x_wconf 89' lang='lat' dir='ltr'>Guillelmus</span> <span class='ocrx_word' id='word_1_75' title='bbox 784 2066 980 2155; x_wconf 89' lang='lat' dir='ltr'>Monaohi,</span> <span class='ocrx_word' id='word_1_76' title='bbox 1000 2084 1093 2144; x_wconf 91' lang='lat' dir='ltr'>tunc</span> <span class='ocrx_word' id='word_1_77' title='bbox 1111 2066 1325 2173; x_wconf 76' lang='lat' dir='ltr'><strong>prepositus</strong></span> <span class='ocrx_word' id='word_1_78' title='bbox 1343 2064 1511 2155; x_wconf 85' lang='lat' dir='ltr'>Nemosi,</span> <span class='ocrx_word' id='word_1_79' title='bbox 1531 2064 1724 2144; x_wconf 79' lang='lat' dir='ltr'>Iohannes</span> <span class='ocrx_word' id='word_1_80' title='bbox 1742 2066 1868 2144; x_wconf 78' lang='lat' dir='ltr'>dicus</span> <span class='ocrx_word' id='word_1_81' title='bbox 1885 2068 1951 2145; x_wconf 85' lang='lat' dir='ltr'>Ve-</span> 
     </span>
     <span class='ocr_line' id='line_1_11' title="bbox 528 2195 1948 2307; baseline 0 -32"><span class='ocrx_word' id='word_1_82' title='bbox 528 2216 647 2287; x_wconf 84' lang='lat' dir='ltr'>nator,</span> <span class='ocrx_word' id='word_1_83' title='bbox 664 2198 825 2276; x_wconf 86' lang='lat' dir='ltr'>lacobus</span> <span class='ocrx_word' id='word_1_84' title='bbox 840 2199 971 2307; x_wconf 87' lang='lat' dir='ltr'>Major,</span> <span class='ocrx_word' id='word_1_85' title='bbox 990 2214 1082 2274; x_wconf 90' lang='lat' dir='ltr'>tunc</span> <span class='ocrx_word' id='word_1_86' title='bbox 1095 2198 1309 2305; x_wconf 89' lang='lat' dir='ltr'>prepositus</span> <span class='ocrx_word' id='word_1_87' title='bbox 1319 2197 1374 2274; x_wconf 91' lang='lat' dir='ltr'>de</span> <span class='ocrx_word' id='word_1_88' title='bbox 1390 2195 1517 2286; x_wconf 78' lang='lat' dir='ltr'>ladit,</span> <span class='ocrx_word' id='word_1_89' title='bbox 1534 2196 1781 2274; x_wconf 81' lang='lat' dir='ltr'>Theobal&#39;dus</span> <span class='ocrx_word' id='word_1_90' title='bbox 1794 2196 1948 2305; x_wconf 87' lang='lat' dir='ltr'>Girope,</span> 
     </span>
     <span class='ocr_line' id='line_1_12' title="bbox 526 2328 1949 2435; baseline 0 -28"><span class='ocrx_word' id='word_1_91' title='bbox 526 2330 631 2408; x_wconf 80' lang='lat' dir='ltr'>Felix</span> <span class='ocrx_word' id='word_1_92' title='bbox 656 2330 704 2408; x_wconf 90' lang='lat' dir='ltr'>de</span> <span class='ocrx_word' id='word_1_93' title='bbox 732 2329 924 2418; x_wconf 84' lang='lat' dir='ltr'>Scambio,</span> <span class='ocrx_word' id='word_1_94' title='bbox 948 2345 985 2409; x_wconf 90' lang='lat' dir='ltr'>et</span> <span class='ocrx_word' id='word_1_95' title='bbox 1005 2328 1192 2407; x_wconf 83' lang='lat' dir='ltr'>Colerdus</span> <span class='ocrx_word' id='word_1_96' title='bbox 1212 2328 1247 2405; x_wconf 90' lang='lat' dir='ltr'>le</span> <span class='ocrx_word' id='word_1_97' title='bbox 1271 2328 1442 2420; x_wconf 84' lang='lat' dir='ltr'>Mercier,</span> <span class='ocrx_word' id='word_1_98' title='bbox 1463 2345 1556 2405; x_wconf 92' lang='lat' dir='ltr'>tunc</span> <span class='ocrx_word' id='word_1_99' title='bbox 1575 2328 1789 2435; x_wconf 81' lang='lat' dir='ltr'>prepositus</span> <span class='ocrx_word' id='word_1_100' title='bbox 1811 2328 1858 2405; x_wconf 92' lang='lat' dir='ltr'>de</span> <span class='ocrx_word' id='word_1_101' title='bbox 1877 2329 1949 2435; x_wconf 82' lang='lat' dir='ltr'>Dy-</span> 
     </span>
     <span class='ocr_line' id='line_1_13' title="bbox 528 2454 1949 2567; baseline -0.003 -30"><span class='ocrx_word' id='word_1_102' title='bbox 528 2488 635 2550; x_wconf 89' lang='lat' dir='ltr'>mon,</span> <span class='ocrx_word' id='word_1_103' title='bbox 665 2488 779 2567; x_wconf 87' lang='lat' dir='ltr'>quem</span> <span class='ocrx_word' id='word_1_104' title='bbox 806 2458 967 2537; x_wconf 75' lang='lat' dir='ltr'>ballivus</span> <span class='ocrx_word' id='word_1_105' title='bbox 991 2459 1224 2537; x_wconf 87' lang='lat' dir='ltr'>Senonousis</span> <span class='ocrx_word' id='word_1_106' title='bbox 1253 2458 1380 2536; x_wconf 86' lang='lat' dir='ltr'>stetim</span> <span class='ocrx_word' id='word_1_107' title='bbox 1408 2454 1612 2564; x_wconf 79' lang='lat' dir='ltr'>compellat</span> <span class='ocrx_word' id='word_1_108' title='bbox 1638 2457 1799 2565; x_wconf 83' lang='lat' dir='ltr'>reddere</span> <span class='ocrx_word' id='word_1_109' title='bbox 1823 2458 1949 2566; x_wconf 82' lang='lat' dir='ltr'>viginti</span> 
     </span>
     <span class='ocr_line' id='line_1_14' title="bbox 527 2580 1949 2696; baseline -0.001 -28"><span class='ocrx_word' id='word_1_110' title='bbox 527 2590 670 2669; x_wconf 89' lang='lat' dir='ltr'>solidos</span> <span class='ocrx_word' id='word_1_111' title='bbox 689 2593 932 2668; x_wconf 87' lang='lat' dir='ltr'>Turonenses</span> <span class='ocrx_word' id='word_1_112' title='bbox 957 2590 1167 2696; x_wconf 81' lang='lat' dir='ltr'>Reginaldo</span> <span class='ocrx_word' id='word_1_113' title='bbox 1188 2589 1243 2667; x_wconf 73' lang='lat' dir='ltr'>de,</span> <span class='ocrx_word' id='word_1_114' title='bbox 1257 2588 1436 2678; x_wconf 79' lang='lat' dir='ltr'>Gbuulot,</span> <span class='ocrx_word' id='word_1_115' title='bbox 1459 2616 1558 2694; x_wconf 76' lang='lat' dir='ltr'>quos</span> <span class='ocrx_word' id='word_1_116' title='bbox 1575 2588 1625 2667; x_wconf 87' lang='lat' dir='ltr'>ab</span> <span class='ocrx_word' id='word_1_117' title='bbox 1642 2588 1724 2695; x_wconf 86' lang='lat' dir='ltr'>ipsc</span> <span class='ocrx_word' id='word_1_118' title='bbox 1746 2580 1879 2669; x_wconf 69' lang='lat' dir='ltr'>habuit</span> <span class='ocrx_word' id='word_1_119' title='bbox 1897 2620 1949 2666; x_wconf 80' lang='lat' dir='ltr'>ra-</span> 
     </span>
     <span class='ocr_line' id='line_1_15' title="bbox 527 2720 1949 2830; baseline 0.001 -31"><span class='ocrx_word' id='word_1_120' title='bbox 527 2725 637 2801; x_wconf 89' lang='lat' dir='ltr'>cione</span> <span class='ocrx_word' id='word_1_121' title='bbox 660 2723 848 2830; x_wconf 78' lang='lat' dir='ltr'>predicta3</span> <span class='ocrx_word' id='word_1_122' title='bbox 869 2722 1084 2799; x_wconf 81' lang='lat' dir='ltr'>istizdccem</span> <span class='ocrx_word' id='word_1_123' title='bbox 1110 2750 1248 2828; x_wconf 86' lang='lat' dir='ltr'>penam</span> <span class='ocrx_word' id='word_1_124' title='bbox 1274 2722 1552 2829; x_wconf 81' lang='lat' dir='ltr'>peccunisrium</span> <span class='ocrx_word' id='word_1_125' title='bbox 1579 2721 1736 2800; x_wconf 88' lang='lat' dir='ltr'>domiue</span> <span class='ocrx_word' id='word_1_126' title='bbox 1760 2722 1853 2829; x_wconf 85' lang='lat' dir='ltr'>Regi</span> <span class='ocrx_word' id='word_1_127' title='bbox 1879 2720 1949 2800; x_wconf 82' lang='lat' dir='ltr'>sol·</span> 
     </span>
     <span class='ocr_line' id='line_1_16' title="bbox 528 2850 1947 2960; baseline 0.001 -31"><span class='ocrx_word' id='word_1_128' title='bbox 528 2872 631 2944; x_wconf 85' lang='lat' dir='ltr'>vent,</span> <span class='ocrx_word' id='word_1_129' title='bbox 661 2871 700 2930; x_wconf 89' lang='lat' dir='ltr'>et</span> <span class='ocrx_word' id='word_1_130' title='bbox 726 2853 851 2932; x_wconf 85' lang='lat' dir='ltr'>statim</span> <span class='ocrx_word' id='word_1_131' title='bbox 883 2853 1050 2960; x_wconf 86' lang='lat' dir='ltr'>inquirat</span> <span class='ocrx_word' id='word_1_132' title='bbox 1075 2853 1235 2930; x_wconf 80' lang='lat' dir='ltr'>ballivus</span> <span class='ocrx_word' id='word_1_133' title='bbox 1262 2869 1303 2931; x_wconf 89' lang='lat' dir='ltr'>et</span> <span class='ocrx_word' id='word_1_134' title='bbox 1325 2852 1506 2931; x_wconf 77' lang='lat' dir='ltr'>rescribat</span> <span class='ocrx_word' id='word_1_135' title='bbox 1532 2850 1580 2931; x_wconf 90' lang='lat' dir='ltr'>de</span> <span class='ocrx_word' id='word_1_136' title='bbox 1609 2852 1735 2930; x_wconf 84' lang='lat' dir='ltr'>valore</span> <span class='ocrx_word' id='word_1_137' title='bbox 1761 2853 1947 2931; x_wconf 88' lang='lat' dir='ltr'>bonorum</span> 
     </span>
     <span class='ocr_line' id='line_1_17' title="bbox 529 2981 1945 3093; baseline 0.001 -33"><span class='ocrx_word' id='word_1_138' title='bbox 529 2987 697 3091; x_wconf 87' lang='lat' dir='ltr'>ipsorum</span> <span class='ocrx_word' id='word_1_139' title='bbox 717 2984 923 3062; x_wconf 88' lang='lat' dir='ltr'>veritatem.</span> <span class='ocrx_word' id='word_1_140' title='bbox 944 2986 1055 3083; x_wconf 86' lang='lat' dir='ltr'><strong>Item,</strong></span> <span class='ocrx_word' id='word_1_141' title='bbox 1080 2982 1294 3090; x_wconf 85' lang='lat' dir='ltr'>judicatum</span> <span class='ocrx_word' id='word_1_142' title='bbox 1313 2981 1387 3061; x_wconf 85' lang='lat' dir='ltr'>luit</span> <span class='ocrx_word' id='word_1_143' title='bbox 1413 2982 1518 3093; x_wconf 86' lang='lat' dir='ltr'>quod</span> <span class='ocrx_word' id='word_1_144' title='bbox 1539 2983 1733 3064; x_wconf 78' lang='lat' dir='ltr'>Iohannes</span> <span class='ocrx_word' id='word_1_145' title='bbox 1757 2983 1793 3061; x_wconf 93' lang='lat' dir='ltr'>le</span> <span class='ocrx_word' id='word_1_146' title='bbox 1813 2984 1945 3073; x_wconf 78' lang='lat' dir='ltr'>Picent,</span> 
     </span>
     <span class='ocr_line' id='line_1_18' title="bbox 529 3114 1947 3204; baseline 0.001 -13"><span class='ocrx_word' id='word_1_147' title='bbox 529 3116 721 3193; x_wconf 81' lang='lat' dir='ltr'>lohannes</span> <span class='ocrx_word' id='word_1_148' title='bbox 735 3115 784 3193; x_wconf 92' lang='lat' dir='ltr'>de</span> <span class='ocrx_word' id='word_1_149' title='bbox 799 3114 1101 3202; x_wconf 85' lang='lat' dir='ltr'>Fonte-Bliamdi,</span> <span class='ocrx_word' id='word_1_150' title='bbox 1119 3114 1350 3193; x_wconf 80' lang='lat' dir='ltr'>bertrandus</span> <span class='ocrx_word' id='word_1_151' title='bbox 1362 3114 1592 3204; x_wconf 82' lang='lat' dir='ltr'>Conversus,</span> <span class='ocrx_word' id='word_1_152' title='bbox 1605 3115 1769 3193; x_wconf 86' lang='lat' dir='ltr'>serviens</span> <span class='ocrx_word' id='word_1_153' title='bbox 1783 3115 1947 3195; x_wconf 86' lang='lat' dir='ltr'>Meledu·</span> 
     </span>
     <span class='ocr_line' id='line_1_19' title="bbox 528 3245 1947 3352; baseline -0.001 -28"><span class='ocrx_word' id='word_1_154' title='bbox 528 3246 778 3338; x_wconf 86' lang='lat' dir='ltr'>nensis,alius</span> <span class='ocrx_word' id='word_1_155' title='bbox 788 3245 1208 3334; x_wconf 84' lang='lat' dir='ltr'>Bertrandus,serviens</span> <span class='ocrx_word' id='word_1_156' title='bbox 1220 3247 1260 3322; x_wconf 92' lang='lat' dir='ltr'>in</span> <span class='ocrx_word' id='word_1_157' title='bbox 1272 3247 1509 3352; x_wconf 81' lang='lat' dir='ltr'>prepositura</span> <span class='ocrx_word' id='word_1_158' title='bbox 1521 3246 1749 3336; x_wconf 69' lang='lat' dir='ltr'>Statonensi,</span> <span class='ocrx_word' id='word_1_159' title='bbox 1762 3247 1947 3325; x_wconf 82' lang='lat' dir='ltr'>lobsu‘nes</span> 
     </span>
     <span class='ocr_line' id='line_1_20' title="bbox 527 3375 1946 3486; baseline -0.001 -29"><span class='ocrx_word' id='word_1_160' title='bbox 527 3379 698 3468; x_wconf 75' lang='lat' dir='ltr'>Boitine,</span> <span class='ocrx_word' id='word_1_161' title='bbox 718 3381 934 3486; x_wconf 83' lang='lat' dir='ltr'>Stephanus</span> <span class='ocrx_word' id='word_1_162' title='bbox 955 3378 1003 3455; x_wconf 88' lang='lat' dir='ltr'>de</span> <span class='ocrx_word' id='word_1_163' title='bbox 1021 3375 1309 3472; x_wconf 82' lang='lat' dir='ltr'>Bello-Monte,</span> <span class='ocrx_word' id='word_1_164' title='bbox 1335 3377 1550 3484; x_wconf 80' lang='lat' dir='ltr'>Stephanus</span> <span class='ocrx_word' id='word_1_165' title='bbox 1567 3376 1759 3466; x_wconf 75' lang='lat' dir='ltr'>Aubereo,</span> <span class='ocrx_word' id='word_1_166' title='bbox 1780 3378 1946 3485; x_wconf 79' lang='lat' dir='ltr'>Primoay</span> 
     </span>
     <span class='ocr_line' id='line_1_21' title="bbox 528 3508 1946 3598; baseline -0.001 -10"><span class='ocrx_word' id='word_1_167' title='bbox 528 3529 566 3588; x_wconf 89' lang='lat' dir='ltr'>et</span> <span class='ocrx_word' id='word_1_168' title='bbox 583 3511 774 3588; x_wconf 86' lang='lat' dir='ltr'>lohannes</span> <span class='ocrx_word' id='word_1_169' title='bbox 800 3510 836 3587; x_wconf 93' lang='lat' dir='ltr'>le</span> <span class='ocrx_word' id='word_1_170' title='bbox 863 3511 1007 3598; x_wconf 80' lang='lat' dir='ltr'>borne3</span> <span class='ocrx_word' id='word_1_171' title='bbox 1031 3508 1093 3584; x_wconf 86' lang='lat' dir='ltr'>isti</span> <span class='ocrx_word' id='word_1_172' title='bbox 1122 3536 1260 3587; x_wconf 89' lang='lat' dir='ltr'>novem</span> <span class='ocrx_word' id='word_1_173' title='bbox 1281 3509 1486 3587; x_wconf 84' lang='lat' dir='ltr'>servientes</span> <span class='ocrx_word' id='word_1_174' title='bbox 1509 3537 1530 3585; x_wconf 82' lang='lat' dir='ltr'>a</span> <span class='ocrx_word' id='word_1_175' title='bbox 1556 3508 1634 3587; x_wconf 88' lang='lat' dir='ltr'>suis</span> <span class='ocrx_word' id='word_1_176' title='bbox 1660 3508 1823 3590; x_wconf 82' lang='lat' dir='ltr'>serviciis</span> <span class='ocrx_word' id='word_1_177' title='bbox 1850 3538 1946 3587; x_wconf 86' lang='lat' dir='ltr'>amo-</span> 
     </span>
     <span class='ocr_line' id='line_1_22' title="bbox 526 3638 1945 3747; baseline 0.001 -30"><span class='ocrx_word' id='word_1_178' title='bbox 526 3658 701 3729; x_wconf 70' lang='lat' dir='ltr'>veantur,</span> <span class='ocrx_word' id='word_1_179' title='bbox 719 3658 870 3717; x_wconf 75' lang='lat' dir='ltr'>etcum</span> <span class='ocrx_word' id='word_1_180' title='bbox 883 3640 980 3727; x_wconf 78' lang='lat' dir='ltr'>-hoc,</span> <span class='ocrx_word' id='word_1_181' title='bbox 998 3638 1159 3718; x_wconf 80' lang='lat' dir='ltr'>ballivus</span> <span class='ocrx_word' id='word_1_182' title='bbox 1179 3640 1410 3735; x_wconf 80' lang='lat' dir='ltr'>Senouensis</span> <span class='ocrx_word' id='word_1_183' title='bbox 1434 3667 1566 3719; x_wconf 89' lang='lat' dir='ltr'>omnes</span> <span class='ocrx_word' id='word_1_184' title='bbox 1587 3639 1795 3747; x_wconf 82' lang='lat' dir='ltr'>predictos,</span> <span class='ocrx_word' id='word_1_185' title='bbox 1818 3641 1945 3719; x_wconf 89' lang='lat' dir='ltr'>decem</span> 
     </span>
     <span class='ocr_line' id='line_1_23' title="bbox 527 3768 1944 3880; baseline -0.001 -32"><span class='ocrx_word' id='word_1_186' title='bbox 527 3774 735 3858; x_wconf 84' lang='lat' dir='ltr'>etnoveni,</span> <span class='ocrx_word' id='word_1_187' title='bbox 752 3771 792 3847; x_wconf 92' lang='lat' dir='ltr'>in</span> <span class='ocrx_word' id='word_1_188' title='bbox 801 3768 1065 3857; x_wconf 78' lang='lat' dir='ltr'>Castelletum,</span> <span class='ocrx_word' id='word_1_189' title='bbox 1081 3770 1263 3862; x_wconf 85' lang='lat' dir='ltr'>Parisius,</span> <span class='ocrx_word' id='word_1_190' title='bbox 1276 3770 1439 3851; x_wconf 76' lang='lat' dir='ltr'>laciatiu</span> <span class='ocrx_word' id='word_1_191' title='bbox 1450 3769 1784 3880; x_wconf 75' lang='lat' dir='ltr'>qaudrigisstatIm</span> <span class='ocrx_word' id='word_1_192' title='bbox 1801 3772 1944 3851; x_wconf 72' lang='lat' dir='ltr'>adduci.</span> 
     </span>
    </p>

    <p class='ocr_par' dir='ltr' id='par_1_4' title="bbox 583 3899 1663 4007">
     <span class='ocr_line' id='line_1_24' title="bbox 583 3899 1663 4007; baseline 0.001 -30"><span class='ocrx_word' id='word_1_193' title='bbox 583 3899 760 3977; x_wconf 85' lang='lat' dir='ltr'>Mercurii</span> <span class='ocrx_word' id='word_1_194' title='bbox 780 3918 867 4007; x_wconf 87' lang='lat' dir='ltr'>post</span> <span class='ocrx_word' id='word_1_195' title='bbox 884 3900 1151 3979; x_wconf 86' lang='lat' dir='ltr'>Reminiscere.</span> <span class='ocrx_word' id='word_1_196' title='bbox 1659 3914 1663 3921; x_wconf 91' lang='lat'>&#39;</span> 
     </span>
    </p>
   </div>
   <div class='ocr_carea' id='block_1_4' title="bbox 523 4161 1946 5189">
    <p class='ocr_par' dir='ltr' id='par_1_5' title="bbox 523 4161 1946 5189">
     <span class='ocr_line' id='line_1_25' title="bbox 583 4161 1945 4273; baseline 0.001 -34"><span class='ocrx_word' id='word_1_197' title='bbox 583 4162 707 4242; x_wconf 87' lang='lat' dir='ltr'><strong>XLIV.</strong></span> <span class='ocrx_word' id='word_1_198' title='bbox 741 4161 840 4240; x_wconf 88' lang='lat' dir='ltr'>Cum</span> <span class='ocrx_word' id='word_1_199' title='bbox 860 4191 973 4270; x_wconf 86' lang='lat' dir='ltr'>super</span> <span class='ocrx_word' id='word_1_200' title='bbox 989 4163 1110 4241; x_wconf 88' lang='lat' dir='ltr'>bouis</span> <span class='ocrx_word' id='word_1_201' title='bbox 1137 4165 1247 4243; x_wconf 90' lang='lat' dir='ltr'>nobis</span> <span class='ocrx_word' id='word_1_202' title='bbox 1273 4166 1432 4245; x_wconf 75' lang='lat' dir='ltr'>irensis</span> <span class='ocrx_word' id='word_1_203' title='bbox 1457 4166 1497 4244; x_wconf 92' lang='lat' dir='ltr'>in</span> <span class='ocrx_word' id='word_1_204' title='bbox 1522 4164 1738 4244; x_wconf 84' lang='lat' dir='ltr'>seuescallia</span> <span class='ocrx_word' id='word_1_205' title='bbox 1764 4165 1945 4273; x_wconf 81' lang='lat' dir='ltr'>Agenensi</span> 
     </span>
     <span class='ocr_line' id='line_1_26' title="bbox 527 4294 1946 4403; baseline 0.001 -34"><span class='ocrx_word' id='word_1_206' title='bbox 527 4294 668 4400; x_wconf 87' lang='lat' dir='ltr'>inquiri</span> <span class='ocrx_word' id='word_1_207' title='bbox 687 4294 1009 4383; x_wconf 83' lang='lat' dir='ltr'>mandaverimus,</span> <span class='ocrx_word' id='word_1_208' title='bbox 1026 4311 1067 4373; x_wconf 85' lang='lat' dir='ltr'>et</span> <span class='ocrx_word' id='word_1_209' title='bbox 1083 4324 1151 4402; x_wconf 88' lang='lat' dir='ltr'>per</span> <span class='ocrx_word' id='word_1_210' title='bbox 1168 4296 1380 4403; x_wconf 88' lang='lat' dir='ltr'>inquestam</span> <span class='ocrx_word' id='word_1_211' title='bbox 1399 4295 1606 4403; x_wconf 85' lang='lat' dir='ltr'>predictam</span> <span class='ocrx_word' id='word_1_212' title='bbox 1625 4297 1820 4375; x_wconf 89' lang='lat' dir='ltr'>inventum</span> <span class='ocrx_word' id='word_1_213' title='bbox 1835 4295 1946 4375; x_wconf 85' lang='lat' dir='ltr'>luerit</span> 
     </span>
     <span class='ocr_line' id='line_1_27' title="bbox 526 4424 1945 4535; baseline 0.002 -35"><span class='ocrx_word' id='word_1_214' title='bbox 526 4424 690 4530; x_wconf 86' lang='lat' dir='ltr'>plurima</span> <span class='ocrx_word' id='word_1_215' title='bbox 716 4426 765 4504; x_wconf 87' lang='lat' dir='ltr'>de</span> <span class='ocrx_word' id='word_1_216' title='bbox 790 4426 904 4504; x_wconf 90' lang='lat' dir='ltr'>bonis</span> <span class='ocrx_word' id='word_1_217' title='bbox 927 4456 1002 4533; x_wconf 87' lang='lat' dir='ltr'>que</span> <span class='ocrx_word' id='word_1_218' title='bbox 1024 4425 1182 4505; x_wconf 73' lang='lat' dir='ltr'>fuerumt</span> <span class='ocrx_word' id='word_1_219' title='bbox 1198 4428 1385 4507; x_wconf 83' lang='lat' dir='ltr'>lobannis¹</span> <span class='ocrx_word' id='word_1_220' title='bbox 1400 4428 1632 4521; x_wconf 83' lang='lat' dir='ltr'>Gandavere,</span> <span class='ocrx_word' id='word_1_221' title='bbox 1651 4426 1846 4535; x_wconf 87' lang='lat' dir='ltr'>quondum</span> <span class='ocrx_word' id='word_1_222' title='bbox 1866 4427 1945 4507; x_wconf 84' lang='lat' dir='ltr'>the-</span> 
     </span>
     <span class='ocr_line' id='line_1_28' title="bbox 525 4556 1944 4665; baseline 0.001 -34"><span class='ocrx_word' id='word_1_223' title='bbox 525 4556 679 4633; x_wconf 86' lang='lat' dir='ltr'>saurarii</span> <span class='ocrx_word' id='word_1_224' title='bbox 694 4557 791 4665; x_wconf 84' lang='lat' dir='ltr'>regis</span> <span class='ocrx_word' id='word_1_225' title='bbox 805 4556 937 4665; x_wconf 77' lang='lat' dir='ltr'>Anglie</span> <span class='ocrx_word' id='word_1_226' title='bbox 953 4558 993 4634; x_wconf 89' lang='lat' dir='ltr'>in</span> <span class='ocrx_word' id='word_1_227' title='bbox 1009 4556 1185 4665; x_wconf 80' lang='lat' dir='ltr'>Ageuno,</span> <span class='ocrx_word' id='word_1_228' title='bbox 1203 4559 1314 4637; x_wconf 90' lang='lat' dir='ltr'>uobis</span> <span class='ocrx_word' id='word_1_229' title='bbox 1328 4559 1488 4637; x_wconf 88' lang='lat' dir='ltr'>incursis</span> <span class='ocrx_word' id='word_1_230' title='bbox 1504 4559 1716 4665; x_wconf 88' lang='lat' dir='ltr'>pervenisse</span> <span class='ocrx_word' id='word_1_231' title='bbox 1732 4559 1781 4635; x_wconf 84' lang='lat' dir='ltr'>ad</span> <span class='ocrx_word' id='word_1_232' title='bbox 1795 4584 1944 4639; x_wconf 78' lang='lat' dir='ltr'>manum</span> 
     </span>
     <span class='ocr_line' id='line_1_29' title="bbox 526 4686 1944 4797; baseline 0.001 -34"><span class='ocrx_word' id='word_1_233' title='bbox 526 4686 680 4764; x_wconf 74' lang='lat' dir='ltr'>brualdi</span> <span class='ocrx_word' id='word_1_234' title='bbox 705 4688 752 4765; x_wconf 90' lang='lat' dir='ltr'>de</span> <span class='ocrx_word' id='word_1_235' title='bbox 773 4688 1003 4795; x_wconf 77' lang='lat' dir='ltr'>Noylhysco,</span> <span class='ocrx_word' id='word_1_236' title='bbox 1025 4688 1267 4797; x_wconf 71' lang='lat' dir='ltr'>dedgenno,</span> <span class='ocrx_word' id='word_1_237' title='bbox 1290 4690 1492 4797; x_wconf 87' lang='lat' dir='ltr'>ipsumque</span> <span class='ocrx_word' id='word_1_238' title='bbox 1510 4689 1720 4773; x_wconf 86' lang='lat' dir='ltr'>Arnaldum</span> <span class='ocrx_word' id='word_1_239' title='bbox 1737 4687 1844 4771; x_wconf 77' lang='lat' dir='ltr'>‚bona</span> <span class='ocrx_word' id='word_1_240' title='bbox 1864 4716 1944 4797; x_wconf 90' lang='lat' dir='ltr'>pre-</span> 
     </span>
     <span class='ocr_line' id='line_1_30' title="bbox 526 4816 1942 4928; baseline 0.001 -37"><span class='ocrx_word' id='word_1_241' title='bbox 526 4816 641 4905; x_wconf 77' lang='lat' dir='ltr'>dicta,</span> <span class='ocrx_word' id='word_1_242' title='bbox 650 4846 718 4923; x_wconf 88' lang='lat' dir='ltr'>per</span> <span class='ocrx_word' id='word_1_243' title='bbox 731 4846 822 4896; x_wconf 90' lang='lat' dir='ltr'>eum</span> <span class='ocrx_word' id='word_1_244' title='bbox 837 4837 1015 4926; x_wconf 76' lang='lat' dir='ltr'>occupata</span> <span class='ocrx_word' id='word_1_245' title='bbox 1027 4820 1067 4895; x_wconf 93' lang='lat' dir='ltr'>in</span> <span class='ocrx_word' id='word_1_246' title='bbox 1080 4836 1252 4898; x_wconf 84' lang='lat' dir='ltr'>nostrum</span> <span class='ocrx_word' id='word_1_247' title='bbox 1267 4820 1531 4928; x_wconf 81' lang='lat' dir='ltr'>prejudicium,</span> <span class='ocrx_word' id='word_1_248' title='bbox 1550 4821 1699 4903; x_wconf 68' lang='lat' dir='ltr'>dirutus</span> <span class='ocrx_word' id='word_1_249' title='bbox 1713 4819 1920 4901; x_wconf 84' lang='lat' dir='ltr'>detinuisse</span> <span class='ocrx_word' id='word_1_250' title='bbox 1934 4850 1942 4893; x_wconf 94' lang='lat'><strong>:</strong></span> 
     </span>
     <span class='ocr_line' id='line_1_31' title="bbox 523 4948 1940 5058; baseline 0.008 -35"><span class='ocrx_word' id='word_1_251' title='bbox 523 4948 594 5023; x_wconf 93' lang='lat' dir='ltr'>Per</span> <span class='ocrx_word' id='word_1_252' title='bbox 612 4964 778 5025; x_wconf 87' lang='lat' dir='ltr'>nostram</span> <span class='ocrx_word' id='word_1_253' title='bbox 788 4948 870 5025; x_wconf 85' lang='lat' dir='ltr'>luit</span> <span class='ocrx_word' id='word_1_254' title='bbox 883 4949 1025 5027; x_wconf 79' lang='lat' dir='ltr'>maiam</span> <span class='ocrx_word' id='word_1_255' title='bbox 1042 4950 1259 5029; x_wconf 85' lang='lat' dir='ltr'>ordinatum</span> <span class='ocrx_word' id='word_1_256' title='bbox 1276 4952 1382 5058; x_wconf 90' lang='lat' dir='ltr'>quod</span> <span class='ocrx_word' id='word_1_257' title='bbox 1397 4952 1523 5034; x_wconf 89' lang='lat' dir='ltr'>omnia</span> <span class='ocrx_word' id='word_1_258' title='bbox 1542 4952 1643 5033; x_wconf 88' lang='lat' dir='ltr'>bona</span> <span class='ocrx_word' id='word_1_259' title='bbox 1663 4952 1755 5035; x_wconf 83' lang='lat' dir='ltr'>dicti</span> <span class='ocrx_word' id='word_1_260' title='bbox 1770 4949 1940 5034; x_wconf 73' lang='lat' dir='ltr'>arnald,</span> 
     </span>
     <span class='ocr_line' id='line_1_32' title="bbox 526 5076 1942 5189; baseline 0.001 -37"><span class='ocrx_word' id='word_1_261' title='bbox 526 5076 680 5154; x_wconf 88' lang='lat' dir='ltr'>mobilia</span> <span class='ocrx_word' id='word_1_262' title='bbox 701 5095 738 5154; x_wconf 87' lang='lat' dir='ltr'>et</span> <span class='ocrx_word' id='word_1_263' title='bbox 757 5078 984 5171; x_wconf 89' lang='lat' dir='ltr'>immobilia,</span> <span class='ocrx_word' id='word_1_264' title='bbox 1006 5080 1054 5157; x_wconf 86' lang='lat' dir='ltr'>ad</span> <span class='ocrx_word' id='word_1_265' title='bbox 1073 5109 1228 5157; x_wconf 85' lang='lat' dir='ltr'>manum</span> <span class='ocrx_word' id='word_1_266' title='bbox 1250 5099 1415 5159; x_wconf 88' lang='lat' dir='ltr'>nostram</span> <span class='ocrx_word' id='word_1_267' title='bbox 1435 5100 1635 5189; x_wconf 89' lang='lat' dir='ltr'>ponantur,</span> <span class='ocrx_word' id='word_1_268' title='bbox 1660 5100 1696 5161; x_wconf 91' lang='lat' dir='ltr'>et</span> <span class='ocrx_word' id='word_1_269' title='bbox 1716 5082 1781 5161; x_wconf 84' lang='lat' dir='ltr'>fiat</span> <span class='ocrx_word' id='word_1_270' title='bbox 1801 5098 1942 5169; x_wconf 86' lang='lat' dir='ltr'>certum</span> 
     </span>
    </p>
   </div>
   <div class='ocr_carea' id='block_1_5' title="bbox 0 0 2230 6209">
    <p class='ocr_par' dir='ltr' id='par_1_6' title="bbox 0 0 2230 6209">
     <span class='ocr_line' id='line_1_33' title="bbox 0 0 2230 6209; baseline 0 2"><span class='ocrx_word' id='word_1_271' title='bbox 0 0 2230 6209; x_wconf 95' lang='lat' dir='ltr'> </span> 
     </span>
    </p>
   </div>
  </div>
 </body>
</html>
