4450 6209
506 716 581 791 1196
1088 716 1178 787 tus
1208 715 1349 789 OLlM.

276 868 406 921 Parnm
427 868 470 930 lv,
504 876 668 935 mantes:
683 855 927 935 Communia!
943 857 1175 933 communial
1191 856 1334 935 dictum
1352 870 1501 961 captum
1516 875 1774 935 rescusserunt
1788 857 1923 942 eidem,

342 961 404 1003 Μ’
506 1007 543 1065 et
556 989 663 1095 plura
678 987 879 1094 opprobria
893 987 963 1064 sihi
978 987 1169 1077 dixerunt,
1184 1005 1223 1064 et
1235 1003 1363 1065 contra
1377 987 1499 1092 ipsum
1515 1005 1553 1063 et
1566 1006 1695 1094 gentes
1707 1016 1794 1065 suas
1805 988 1926 1093 plures

504 1119 647 1225 lapides
663 1119 902 1225 projecerunt
922 1133 961 1193 et
980 1117 1124 1223 aliquos
1146 1118 1193 1195 de
1210 1119 1287 1195 suis
1306 1117 1482 1225 gentihus
1498 1136 1783 1224 percusserunt,
1805 1122 1927 1226 requi-

505 1279 593 1326 rens
614 1250 753 1325 sactum
778 1247 998 1355 hujusmodi
1023 1265 1284 1355 competenter
1311 1248 1520 1337 emendari,
1538 1278 1652 1354 super
1672 1250 1745 1325 hiis
1765 1250 1928 1355 precepit

505 1383 606 1458 curia
619 1398 761 1469 nostra,
773 1380 911 1457 vocatis
924 1379 1107 1485 partibus,
1124 1380 1314 1457 veritatem
1331 1380 1470 1487 inquiri
1485 1412 1493 1456 :
1508 1381 1681 1487 lnquesta
1693 1382 1810 1489 igitur
1823 1410 1928 1487 super

504 1512 578 1589 hiis
595 1512 688 1589 facta
710 1530 747 1588 et
770 1510 817 1587 ad
837 1512 977 1588 curiam
1000 1530 1166 1587 nostram
1188 1528 1386 1615 asportata,
1415 1511 1491 1588 visa
1511 1528 1547 1589 et
1570 1508 1773 1619 diligenter
1795 1512 1928 1589 exami-

505 1662 604 1732 nata,
627 1671 695 1749 per
718 1644 820 1719 curie
848 1660 975 1718 nostre
989 1641 1177 1748 judicium
1201 1641 1343 1719 dictum
1364 1642 1436 1719 suit
1454 1644 1574 1749 quod,
1598 1672 1643 1719 eo
1663 1672 1741 1720 non
1761 1644 1927 1720 obstante

505 1776 627 1881 quod,
647 1804 761 1881 super
780 1774 938 1850 emenda
958 1773 1044 1849 sacti
1068 1772 1285 1879 hujusmodi
1311 1801 1433 1880 nuper
1456 1774 1653 1851 videbatur
1676 1804 1745 1880 per
1768 1791 1928 1851 nostram

505 1907 647 1982 curiam
664 1906 895 1993 ordinatmn,
914 1923 951 1981 et
964 1906 1250 2010 pronunciatum
1267 1903 1381 1982 fuisse
1397 1905 1570 1983 homines
1586 1905 1685 1982 dicte
1699 1905 1925 1992 communie,

506 2055 660 2143 propter
679 2036 815 2113 lactum
834 2035 1063 2141 predictum,
1082 2036 1184 2113 dicto
1201 2036 1373 2123 domino,
1393 2036 1469 2113 duo
1485 2035 1600 2112 millia
1617 2036 1801 2113 librarum
1811 2040 1928 2113 Turo-

506 2169 702 2255 nensium,
728 2184 765 2245 et
790 2168 945 2243 domino
973 2168 1080 2274 Regi,
1107 2167 1212 2243 mille
1241 2166 1354 2245 libras
1379 2170 1634 2256 Turonenses,
1657 2196 1727 2274 pro
1753 2169 1925 2249 emenda.

506 2300 722 2403 persolvent
733 2298 780 2373 ad
794 2315 916 2374 certos
936 2314 973 2373 et
991 2314 1249 2403 competentes
1262 2300 1445 2375 terminos
1464 2300 1518 2377 eis
1535 2299 1795 2406 assignandos,
1819 2299 1929 2377 consi-

508 2429 644 2507 deratis
663 2428 901 2507 facultatibus
919 2446 958 2504 et
976 2428 1261 2505 condicionibus
1283 2429 1524 2520 eorumdem,
1543 2432 1590 2507 ad
1608 2432 1715 2537 cujus
1731 2430 1928 2537 condemp

505 2562 673 2638 nacionis
694 2560 927 2637 solucionem
946 2588 1021 2636 non
1041 2560 1282 2637 contribuent
1301 2562 1340 2636 in
1355 2559 1482 2665 aliquo
1504 2561 1557 2637 illi
1581 2562 1745 2639 dedicta
1765 2561 1851 2639 villa
1866 2564 1927 2669 qui

506 2692 595 2769 alias
615 2720 683 2797 per
699 2691 843 2767 dictum
860 2691 1058 2767 dominum
1073 2721 1140 2768 seu
1160 2708 1290 2798 gentes
1310 2691 1427 2797 ipsius
1445 2692 1630 2770 vulnerati
1645 2692 1810 2769 suerunt.

563 2822 739 2899 Mercurii
759 2838 844 2926 post
863 2823 1127 2897 Reminiscere.

564 2955 615 3029 M.
637 2955 675 3028 P.
698 2952 745 3027 de
767 2952 959 3029 Arreblaio
978 2956 1186 3059 reportavit.

564 3219 652 3296 Clll.
683 3218 780 3296 Cum
800 3218 995 3325 episcopus
1010 3219 1274 3327 Ebroycensis,
1297 3248 1444 3297 causam
1465 3221 1607 3299 habens
1626 3223 1671 3300 ab
1692 3224 1864 3301 Huberto
1884 3224 1927 3299 de

507 3351 651 3439 Vende,
674 3378 786 3455 super
802 3352 998 3455 empcione
1016 3380 1129 3456 quam
1155 3351 1257 3427 idem
1276 3352 1467 3429 Hubertus
1487 3382 1507 3428 a
1524 3354 1700 3461 gentibus
1721 3355 1859 3432 nostris
1881 3354 1899 3431 l
1915 3402 1929 3412 -

507 3499 607 3559 cerat
621 3483 667 3557 de
686 3510 840 3558 nemore
860 3499 988 3559 nostro
1011 3483 1051 3557 in
1071 3482 1209 3559 foresta
1226 3482 1470 3589 Ebroycensi,
1493 3514 1708 3591 proponens
1724 3487 1827 3593 quod
1842 3515 1929 3595 gen·

505 3630 561 3690 tes
580 3632 707 3689 nostre
727 3614 850 3719 ipsum
870 3613 1074 3719 quominus
1094 3614 1286 3719 percipere
1306 3631 1431 3719 posset
1451 3615 1595 3721 stipites
1614 3644 1679 3693 seu
1702 3618 1858 3695 escortia
1876 3647 1930 3693 ar-

504 3743 642 3818 borum
671 3743 772 3820 dicte
795 3742 1028 3818 vendicionis
1053 3743 1122 3819 sibi
1152 3743 1244 3819 lacte
1275 3744 1412 3851 injuste
1442 3746 1715 3852 impediverant
1741 3766 1779 3825 et
1804 3766 1929 3825 contra

404 3937 409 3945 .
503 3889 676 3948 tenorem
692 3873 990 3949 convencionum
1013 3873 1221 3950 habitarum
1243 3876 1341 3952 inter
1365 3877 1629 3955 contrahentes
1647 3878 1852 3984 predictos,
1872 3910 1930 3955 re-

505 4001 673 4107 quireret
690 4002 849 4107 dampna
870 4003 939 4079 sibi
955 4031 1023 4109 per
1037 4003 1109 4080 hoc
1125 4005 1241 4097 illata,
1259 4036 1379 4112 usque
1398 4007 1444 4083 ad
1462 4036 1650 4084 summam
1665 4008 1830 4085 duorum
1844 4010 1929 4086 mil-

505 4132 600 4208 lium
613 4133 791 4210 librarum
806 4135 1106 4224 Turonensium‚
1120 4133 1189 4213 sibi
1204 4137 1332 4214 reddi:
1347 4140 1536 4227 Tandem,
1553 4140 1723 4245 inquesta
1734 4168 1849 4246 super
1859 4141 1929 4218 hoc

505 4264 616 4353 lacta,
640 4265 716 4341 visa
738 4284 774 4341 et
799 4294 867 4370 per
887 4282 1006 4343 certos
1028 4267 1075 4344 de
1095 4269 1280 4375 magistris
1305 4270 1406 4346 curie
1431 4287 1574 4359 nostre,
1595 4271 1642 4346 de
1663 4271 1810 4377 speciali
1830 4302 1928 4349 man-

505 4395 591 4471 dato
615 4413 743 4472 nostro
765 4396 901 4473 adhoc
922 4396 1136 4503 deputatos,
1159 4417 1362 4506 reportata,
1381 4430 1450 4509 per
1469 4403 1572 4478 curie
1592 4419 1719 4479 nostre
1740 4403 1926 4510 judicium

505 4526 648 4603 dictum
671 4527 743 4605 suit
762 4528 880 4633 quod,
900 4558 970 4634 pro
990 4529 1094 4606 totali
1117 4531 1283 4636 dampno
1305 4533 1492 4638 predicto,
1514 4534 1639 4609 eidem
1659 4533 1832 4641 episcopo
1849 4594 1857 4623 ,
1874 4564 1928 4610 ra·
2001 4582 2005 4589 »

505 4660 611 4733 cionc
631 4657 721 4735 dicti
736 4660 913 4747 Huberti,
936 4660 1040 4737 mille
1058 4679 1096 4738 et
1111 4662 1292 4740 ducentas
1307 4664 1419 4742 libras
1434 4668 1677 4744 Turonenses
1694 4667 1803 4744 reddi
1820 4666 1927 4745 facie-

506 4816 590 4863 mus
612 4788 658 4865 de
673 4808 812 4867 nostro.

565 4918 727 4997 sabbato
749 4941 833 5027 post
852 4926 1116 5003 Reminiscere.

561 5050 823 5155 Repertatores
843 5052 995 5132 fuerunt
1010 5056 1154 5134 domini
1171 5058 1216 5137 G.
1236 5061 1282 5136 de
1301 5060 1483 5150 Marcelli,
1501 5060 1546 5140 G.
1569 5062 1814 5139 Corteheuse.
