4450 6209
751 726 1016 834 nvoutrns
1041 744 1104 815 ιιι
1130 725 1336 819 raocts.
1685 744 1756 819 ιιι

335 914 374 966 se
399 884 691 993 pertinentibus,
713 914 754 963 ac
775 914 818 963 ex
845 885 988 964 eisdem
1014 883 1160 964 fructus
1180 901 1218 964 et
1239 886 1374 977 exitus,
1395 888 1538 966 vivente
1559 906 1596 965 et
1617 887 1758 968 sciente
1798 894 1928 951 aarum
1941 898 1984 961 lv.

335 1016 434 1094 dicto
461 1014 646 1106 lohanne,
668 1015 779 1095 fratre
806 1046 878 1095 suo
902 1016 1173 1123 primogenito,
1199 1018 1408 1125 perceperit
1434 1034 1473 1097 et
1499 1018 1694 1112 habuerit,
1715 1048 1757 1097 ac
1859 988 1923 1033 Μ’

324 1146 470 1241 ¹eciam,
488 1164 573 1255 post
583 1148 878 1227 mortemlratris
888 1148 946 1225 sui
961 1146 1138 1255 predicti,
1157 1148 1198 1225 in
1212 1148 1345 1227 saisina
1360 1148 1552 1227 bonorum
1569 1150 1758 1257 predicto·

334 1272 417 1355 rum
438 1276 591 1385 pacifice
611 1280 850 1370 remanserit}
873 1306 988 1385 quare
1004 1277 1153 1357 dicebat
1164 1279 1521 1387 dictusRadulpbus
1530 1280 1652 1388 quod,
1668 1309 1756 1359 cum

332 1409 427 1515 ipse,
439 1426 517 1487 tam
532 1409 582 1487 de
600 1410 875 1489 consuetudine
891 1408 1039 1489 notoria
1055 1410 1229 1489 locorum
1243 1411 1628 1521 predictorumquam
1641 1414 1759 1491 eciam

335 1539 384 1618 de
395 1539 508 1632 facto,
523 1539 657 1619 suisset
671 1558 710 1619 et
721 1560 819 1621 esset
831 1542 870 1619 iu
884 1540 1016 1619 saisina
1027 1542 1218 1620 bonorum
1231 1543 1508 1650 predictorum,
1521 1561 1578 1634 et,
1593 1572 1639 1623 ex
1651 1572 1760 1626 causa

331 1672 517 1778 predicta,
538 1673 764 1779 peticionem
778 1669 845 1751 seu
857 1689 1071 1780 requestam
1086 1673 1295 1779 predictam
1315 1674 1406 1753 dicti
1425 1676 1622 1766 lobannis,
1643 1703 1759 1783 nepo·

332 1802 381 1879 tis
401 1803 477 1895 sui,
500 1832 577 1881 non
597 1830 676 1881 esse
695 1802 985 1894 admittendam,
1003 1803 1206 1911 ipsumque
1225 1804 1469 1913 Radulplvum
1484 1807 1523 1883 in
1543 1835 1610 1885 sua
1624 1806 1757 1884 saisina

332 1932 500 2039 predicta
515 1961 583 2040 per
597 1932 741 2011 dictum
755 1931 937 2009 ballivum
955 1931 1094 2010 debere
1105 1934 1230 2011 teneri
1244 1962 1286 2012 ac
1302 1936 1530 2028 conservari,
1545 1954 1583 2014 et
1599 1936 1755 2026 deinde,

334 2064 464 2142 multis
483 2063 841 2153 consuetudinibus,
860 2062 1089 2157 racionibus,
1108 2063 1392 2145 defensionibus
1406 2084 1446 2145 et
1459 2067 1541 2145 aliis
1560 2067 1684 2159 lactis,
1702 2067 1758 2142 in-

332 2196 450 2274 vicem
466 2195 678 2286 contrariis,
697 2194 744 2273 ab
761 2212 919 2302 utraque
940 2213 1044 2301 parte
1063 2197 1282 2303 propositis,
1302 2226 1378 2307 que
1400 2199 1497 2278 dicte
1516 2216 1660 2306 partes,
1680 2215 1758 2276 tam

333 2354 400 2434 per
425 2344 554 2420 testes,
580 2344 619 2405 et
643 2326 838 2435 potissime
858 2326 981 2404 dictus
1007 2327 1231 2437 Radulpbus
1254 2358 1325 2435 per
1343 2330 1595 2409 instrumenta
1618 2358 1692 2438 que
1718 2329 1758 2405 in

333 2470 511 2567 promptu
536 2488 576 2538 se
601 2460 740 2537 babere
764 2458 933 2549 dicebat,
957 2456 1168 2568 offerebant
1191 2488 1232 2537 se
1257 2459 1487 2540 sufficienter
1511 2463 1755 2569 probaturos;

331 2591 500 2682 tandem,
519 2592 585 2669 lite
601 2617 715 2698 super
728 2590 920 2698 premissis
934 2589 1119 2697 legittime
1133 2606 1353 2706 contestata,
1367 2592 1491 2670 dictus
1500 2591 1673 2684 ballivus,
1688 2621 1758 2699 per

326 2722 514 2831 judicium
531 2721 732 2800 homiuum
749 2721 955 2801 feudalium
970 2721 1246 2830 predictorum,
1261 2722 1378 2801 nullis
1391 2752 1544 2831 prorsus
1558 2724 1757 2831 probacio-

332 2854 445 2932 nibus
463 2880 577 2962 super
594 2853 786 2960 premissis
805 2854 966 2960 receptis
984 2853 1044 2930 vel
1063 2853 1218 2945 auditis,
1235 2854 1496 2961 pronunciavit
1512 2854 1618 2962 quod
1632 2853 1755 2933 dictus

330 2986 520 3063 lohannes
544 2983 702 3062 haberet
723 2985 897 3063 saisinam
920 2984 1096 3085 pmnium
1123 2985 1447 3093 bereditagiorum
1467 2998 1633 3093 quorum
1651 3003 1757 3091 pater

332 3144 438 3209 suus,
454 3133 625 3223 tempore
645 3144 721 3222 quo
741 3117 819 3222 ipse
836 3115 983 3193 vivebat
998 3132 1038 3193 et
1053 3116 1172 3193 eciam
1188 3132 1361 3223 tempore
1377 3146 1455 3223 quo
1475 3118 1555 3223 ipse
1576 3116 1752 3206 decessit,
1796 3154 1802 3164 ·

333 3266 411 3326 erat
430 3249 469 3325 in
490 3248 640 3338 saisina,
665 3264 702 3324 et
716 3274 792 3354 que
811 3245 966 3324 l'uerunt
985 3246 1135 3323 comitis
1153 3249 1347 3353 quondam
1366 3248 1530 3339 Pontivi,
1548 3248 1665 3354 patris
1683 3250 1755 3326 Ra-

333 3379 465 3488 dulpbi
492 3378 711 3486 supradicti3
739 3404 861 3485 aquo
881 3376 1067 3484 judicato,
1093 3391 1272 3483 tanquam
1298 3376 1391 3455 falso
1417 3394 1454 3454 et
1477 3406 1606 3483 pravo,
1632 3378 1755 3457 dictus

330 3512 551 3619 Radulphus
560 3510 607 3588 ad
619 3508 760 3587 curiam
772 3524 938 3585 nostram
950 3506 1165 3614 appellavit:
1179 3506 1328 3585 Auditis
1337 3506 1464 3615 igitur,
1476 3508 1517 3583 in
1532 3537 1640 3586 causa
1654 3508 1754 3586 dicte

331 3641 614 3750 appellaoionis,
629 3640 808 3747 predictis
822 3636 1007 3749 partibus,
1022 3654 1061 3715 et
1077 3637 1164 3715 visis
1175 3639 1411 3745 processibus
1426 3638 1665 3746 supradictis,
1686 3668 1755 3747 per

332 3775 433 3853 curie
459 3790 587 3852 nostre
614 3772 804 3881 judicium
828 3771 971 3848 dictum
996 3767 1070 3847 luit
1093 3770 1284 3876 predictos
1307 3770 1489 3849 ballivum
1517 3786 1558 3848 et
1581 3771 1755 3850 homiues

305 3985 308 3991 ,
331 3905 428 3983 male
443 3896 631 4013 judicasse
653 3920 690 3982 et
710 3904 855 3981 dictum
875 3901 1119 4009 Radulphum
1139 3901 1238 3980 bene
1255 3901 1480 4009 appellasse,
1502 3918 1542 3979 et
1560 3901 1665 4010 quod
1680 3902 1756 3979 dic·

330 4056 413 4115 tum
433 4034 646 4143 judicatum
665 4061 743 4111 non
764 4032 1007 4111 mandabitur
1026 4032 1261 4124 execucioui,
1284 4050 1323 4115 et
1341 4032 1448 4141 quod
1467 4032 1557 4113 dicti
1581 4034 1755 4113 homines

331 4171 404 4246 hoc
425 4165 693 4243 emendabunt.

385 4298 485 4376 Jovis
502 4294 682 4404 predicta.

386 4429 571 4529 Thibp'tot
588 4426 818 4535 resportavit.

1615 4636 1631 4668 Ο

385 4698 510 4775 xxlx.
541 4696 656 4783 Cum,
673 4720 798 4771 coram
810 4690 952 4771 ballivo
964 4708 1095 4769 nostro
1109 4689 1387 4781 Aurelianensi,
1408 4692 1507 4769 inter
1522 4693 1755 4800 prepositum

330 4842 502 4903 nostrum
527 4826 574 4903 de
599 4824 850 4917 Evae-Castro,
873 4850 944 4929 pro
965 4820 1090 4911 nobis,
1111 4851 1156 4899 ex
1175 4850 1253 4899 uua
1271 4838 1392 4929 parte,
1414 4841 1454 4900 et
1471 4822 1682 4901 iohannem
1708 4824 1754 4903 de

329 4956 557 5047 Biau-Mont,
575 4956 754 5050 militem,
772 4984 841 5063 pro
862 4983 918 5048 se,
939 4984 982 5033 ex
1001 4954 1135 5047 altera,
1152 4971 1255 5031 mota
1274 4954 1407 5033 fuisset
1425 4956 1676 5034 controversia
1693 4984 1756 5034 su-

328 5116 397 5196 per
412 5088 485 5165 hoc
505 5087 610 5194 quod
628 5087 749 5166 dictus
768 5086 981 5194 prepositus
1007 5084 1156 5164 dicebat
1175 5114 1244 5166 nos
1262 5084 1378 5205 luisse
1398 5104 1440 5165 et
1457 5110 1539 5167 esse
1559 5088 1599 5164 in
1619 5085 1754 5164 saisina

414 5267 468 5311 urs
488 5265 571 5310 ouu.
593 5266 640 5307 ιιι.
1530 5330 1534 5335 Α
1588 5242 1628 5305 53
1756 5299 1759 5305 ,
