4450 6209
737 718 1006 828 ssoutrss
1032 739 1097 812 ar
1125 717 1333 810 caoctus.
1578 687 1583 695 ’
1680 737 1750 808 trs

324 886 517 964 dictorum
533 882 732 962 bominum
746 881 999 959 etmulierum
1013 879 1153 958 debere
1169 879 1348 968 amoveri,
1366 877 1463 956 salva
1477 878 1518 956 in
1531 877 1750 988 hujusmodi
1790 878 1919 932 Pflfflffl
1933 874 1979 941 tv,

325 1017 435 1096 dictis
454 1015 677 1094 bominibus
696 1029 735 1090 et
753 1011 979 1090 mulieribus
998 1012 1236 1120 proprietatis
1255 1011 1465 1118 questione.
1851 969 1913 1012 Μ’

382 1145 561 1227 Mercurii
579 1160 666 1251 post
684 1142 925 1222 Trinitatem.
974 1192 979 1202 ι

379 1276 556 1360 Bocellus
575 1275 789 1384 reportavit

379 1543 520 1622 XXXII.
552 1543 650 1622 Cum
664 1541 704 1619 in
723 1543 826 1620 curia
841 1559 970 1621 nostra
983 1540 1131 1649 questio
1151 1555 1360 1618 verteretur
1375 1539 1476 1616 inter
1495 1537 1678 1647 Agnetem
1704 1537 1751 1616 de

325 1677 502 1784 Arsyaco,
520 1705 564 1753 ex
581 1703 659 1752 una
677 1692 801 1782 parte,
820 1691 859 1752 et
873 1677 1027 1752 Petrum
1041 1673 1090 1751 de
1104 1671 1331 1762 lnolaustro,
1347 1672 1466 1748 civem
1486 1671 1749 1759 Parisiensem,

325 1837 370 1886 er
382 1807 515 1895 altera,
533 1834 707 1913 supereo
723 1806 830 1913 quod
845 1805 945 1883 dicta
958 1804 1082 1913 Agnes
1096 1803 1251 1909 petebat
1264 1801 1506 1911 pronunciari
1520 1819 1558 1880 et
1572 1801 1752 1878 declarari

324 1966 394 2044 per
416 1937 560 2016 citriam
584 1953 753 2016 nostram
780 1936 985 2044 quamdam
1012 1934 1178 2025 vineam,
1205 1933 1315 2010 sitam
1341 1933 1382 2009 in
1407 1932 1597 2010 territorio
1621 1950 1752 2011 vocato

325 2070 476 2159 Torset,
488 2068 721 2178 contiguam,
737 2097 782 2145 er
793 2096 869 2145 una
882 2082 1004 2174 parte,
1019 2065 1127 2143 vinee
1143 2062 1341 2144 Guillelmi
1357 2064 1405 2142 de
1421 2062 1589 2156 Arsiaco,
1602 2063 1751 2154 militis,

326 2217 365 2278 et
381 2201 441 2278 vie
460 2199 611 2307 publice
633 2200 805 2307 ejusdem
828 2198 919 2288 loci,
943 2227 988 2276 ex
1007 2197 1142 2289 altera,
1164 2225 1271 2274 suam
1297 2223 1400 2288 esse,
1428 2213 1466 2274 et
1492 2194 1542 2272 ad
1565 2225 1647 2274 eam
1663 2196 1752 2303 jure

327 2330 489 2410 dominii
505 2331 716 2437 pertinere,
732 2348 773 2408 et
788 2330 932 2408 litteras
951 2329 1172 2408 donacionis
1188 2318 1343 2436 propter
1361 2327 1515 2434 nupcias
1535 2327 1607 2404 sibi
1623 2345 1661 2405 et
1676 2355 1753 2404 ma-

325 2461 398 2541 rito
418 2491 489 2540 sno
504 2462 699 2569 quondam
718 2491 740 2538 a
759 2478 866 2570 patre
886 2478 925 2540 et
943 2476 1061 2537 matre
1081 2458 1201 2567 ipsius
1219 2457 1374 2565 Agnetis
1394 2486 1509 2564 super
1530 2458 1603 2536 hoc
1622 2435 1750 2548 lactas,

326 2611 365 2673 et
382 2594 506 2703 sigillo
525 2593 675 2673 comitis
684 2593 1028 2671 Autissiodorensis
1041 2590 1236 2698 sigillatas,
1255 2588 1482 2668 sufficientes
1499 2607 1537 2667 et
1552 2588 1754 2697 legittimus

321 2726 499 2834 judicari,
521 2726 624 2804 dicto
641 2727 752 2802 Petro
770 2725 811 2803 in
826 2724 1057 2803 contrarium
1071 2739 1278 2810 asserente,
1295 2737 1333 2798 et
1347 2721 1521 2828 pluribus
1538 2720 1753 2800 racionibus

325 2874 565 2964 proponente
584 2856 723 2934 dictam
741 2855 891 2934 vineam
910 2856 1099 2962 adipsum
1117 2853 1325 2960 pertinere,
1344 2869 1382 2930 et
1398 2851 1471 2931 sibi
1490 2851 1604 2931 fuisse
1622 2853 1753 2930 vendi-

325 3005 419 3078 tam,
447 3004 486 3066 et
510 3017 555 3066 ex
579 3014 689 3064 eausa
707 2987 942 3064 vendicionis
967 2985 1139 3094 legitime
1161 2983 1338 3062 traditam
1363 3014 1383 3061 a
1408 2983 1627 3093 parentibus
1651 3002 1755 3062 ante—

328 3120 437 3198 dictis
449 3154 458 3199 :
471 3119 662 3211 Tandem,
675 3118 842 3212 articulis
856 3118 1047 3198 hincinde
1065 3115 1213 3195 traditis
1233 3144 1346 3222 super
1364 3116 1572 3221 premissis,
1589 3117 1750 3196 testibus

329 3269 367 3332 et
380 3250 639 3333 instrumentis
654 3249 867 3355 productis,
884 3268 924 3328 et
937 3249 1019 3327 aliis
1037 3247 1276 3354 processibus
1293 3275 1407 3353 super
1420 3248 1611 3354 premissis
1627 3247 1749 3340 sactis,

327 3384 414 3462 visis
440 3383 645 3489 diligenter
668 3399 707 3459 et
731 3381 967 3470 examinatis,
991 3396 1029 3457 et
1053 3378 1297 3457 consideratis
1322 3377 1405 3455 aliis
1430 3407 1504 3485 que
1531 3408 1645 3487 super
1668 3409 1755 3489 pre-

328 3514 451 3592 missis
468 3513 697 3592 considerari
715 3529 891 3618 poterant
905 3527 943 3589 et
963 3509 1169 3600 debebant,
1193 3537 1262 3617 per
1281 3509 1383 3585 curie
1404 3527 1532 3588 nostre
1545 3511 1751 3618 judicium,

327 3647 471 3724 dictum
486 3644 560 3724 suit
576 3662 615 3723 et
630 3643 922 3750 pronunciatum
937 3641 1076 3719 dietam
1092 3641 1239 3718 vineam
1256 3640 1302 3717 ad
1320 3640 1457 3718 dictam
1473 3640 1656 3751 Agnetem
1669 3673 1755 3749 per-

326 3779 465 3866 tinere,
482 3794 523 3854 et
541 3777 658 3854 dictas
678 3775 822 3853 litteras
840 3803 955 3880 super
972 3775 1048 3851 boc
1066 3771 1272 3861 confectas,
1292 3789 1477 3878 quantum
1496 3772 1544 3850 ad
1562 3773 1649 3864 boc,
1673 3803 1752 3852 csse

327 3908 467 3989 validas
486 3936 529 3984 ac
547 3907 666 3984 eciam
686 3905 871 3997 efficaces,
888 3904 986 3983 salva
1004 3904 1239 4013 obligacione
1255 3932 1371 4010 quam
1387 3905 1574 3984 Robertus
1589 3905 1751 3996 Levrier,

328 4040 417 4120 civis
435 4038 646 4126 Remensis‚
668 4065 783 4143 super
802 4038 902 4114 dicta
919 4037 1027 4114 vinea
1047 4036 1188 4114 dicitur
1206 4035 1368 4116 babere..

384 4171 562 4250 Mercurii
580 4186 667 4276 post
685 4169 925 4246 Trinitatem.

383 4302 558 4382 Bocellus
576 4301 790 4409 reportavit.

382 4569 541 4648 XXXIlI.
571 4568 672 4648 Cum
691 4569 791 4645 iuter
808 4581 1091 4674 procuratorem
1110 4577 1304 4653 nostrum,
1331 4589 1401 4668 pro
1429 4561 1556 4654 nobis,
1582 4563 1752 4652 Petrum,

325 4701 537 4780 Jobannem
563 4699 806 4807 Alpbunsum
830 4713 869 4775 et
894 4695 1016 4774 socios
1047 4721 1198 4783 cortun,
1225 4709 1451 4774 mercatores
1475 4693 1756 4802 Hyspanenses,

225 4859 229 4870 ·
328 4859 372 4909 er
385 4849 493 4939 parte
507 4861 598 4921 una,
621 4849 659 4908 et
675 4833 830 4908 Petrum
851 4828 1052 4936 Flamingi,
1070 4843 1109 4904 et
1121 4824 1331 4903 Robertum
1346 4821 1528 4914 AsGauz,
1543 4825 1640 4902 cives
1652 4826 1755 4905 Pari-

326 4962 487 5052 sienses,
503 4991 548 5040 ex
563 4960 696 5051 altera,
712 4976 815 5038 mota
832 4977 932 5038 esset
953 4958 1140 5037 discordia
1159 4983 1273 5062 super
1292 4983 1338 5034 eo
1356 4955 1480 5062 quod,
1497 4984 1567 5063 pro
1587 4955 1697 5036 nobis
1716 4978 1755 5036 et

328 5093 601 5174 mercatoribus
614 5091 810 5200 predictis,
827 5091 1026 5170 dicebatur
1038 5090 1141 5198 ipsos
1153 5090 1307 5166 Petrum
1322 5103 1360 5165 et
1375 5087 1583 5165 Robertum
1598 5085 1754 5165 fraudu-
