4450 6209
513 697 559 773 ll
952 724 959 738 '
1070 698 1182 777 'LES
1212 700 1352 777 OLlM.

286 850 471 914 anmlt.
513 843 692 922 nonensis
722 844 908 951 dyocesis,
936 862 1111 953 exparte
1139 844 1272 939 altera,
1299 862 1380 923 orta
1411 863 1510 924 essct
1540 846 1697 925 materia
1727 849 1940 955 questionis

344 942 409 987 Μ’
512 1001 626 1080 super
648 1002 697 1051 eo
715 974 822 1081 quod
847 976 937 1052 dicti
962 975 1078 1053 abbas
1098 992 1138 1053 at
1156 994 1372 1057 conventus
1391 976 1658 1085 proponebant
1677 1006 1717 1056 se
1737 979 1878 1059 babere
1899 1000 1941 1059 et

509 1104 687 1185 habuisse
707 1107 873 1214 hospites
896 1124 935 1184 ct
956 1104 1130 1187 hostisias
1151 1107 1295 1185 invilla
1317 1109 1365 1187 dc
1385 1108 1550 1199 Gastins,
1574 1106 1613 1187 et
1630 1109 1733 1219 ipsos
1751 1111 1938 1219 hospites,

509 1253 688 1342 tanquam
710 1266 814 1330 auos,
838 1268 952 1347 super
972 1239 1182 1318 mobilibus
1203 1256 1241 1318 et
1261 1240 1404 1319 catallis
1425 1242 1573 1321 necnon
1594 1242 1835 1349 superiectis
1853 1272 1939 1321 cor-

507 1370 611 1473 pon's
633 1370 806 1448 mercatis
829 1387 865 1447 et
890 1372 1127 1479 simplicibus
1146 1372 1295 1481 injuriis
1313 1388 1493 1479 tanquam
1516 1399 1651 1451 eorum
1667 1373 1855 1482 justiciam
1877 1402 1940 1453 er·

507 1498 667 1605 pletasse
689 1516 862 1607 tempore
882 1503 999 1581 eciam
1021 1502 1222 1581 sufficienti
1244 1502 1291 1579 ad
1317 1503 1591 1611 acquirendum
1610 1504 1877 1611 proprietatem
1897 1508 1939 1583 in

502 1630 654 1735 justicia
679 1633 883 1724 antedicta;
905 1634 1169 1741 proponebant
1195 1634 1314 1713 eciam
1334 1635 1672 1725 consuetudinem,
1701 1636 1740 1712 in
1769 1636 1939 1716 uuella-

507 1764 571 1838 nia
589 1763 639 1839 de
659 1764 867 1844 Meleduno
886 1781 926 1842 et
945 1764 985 1841 iu
1003 1764 1091 1844 villa
1111 1766 1160 1845 de
1172 1766 1340 1856 Gastine,
1357 1766 1473 1843 talem
1487 1792 1569 1845 esse
1586 1765 1692 1873 quod
1705 1766 1938 1875 quicumque

509 1894 675 1971 babebat
698 1895 867 2002 hospites
886 1897 926 1973 in
946 1897 1057 1975 dictis
1078 1896 1327 1988 locis,'talem
1347 1894 1470 2005 qualis
1492 1898 1799 2006 supradictaert,
1821 1899 1939 1977 babe-

509 2024 576 2103 bat
598 2023 790 2134 justiciam
815 2026 855 2103 in
882 2022 1042 2119 eisdem,
1074 2045 1113 2106 et
1135 2029 1245 2137 quod
1270 2026 1442 2107 indebite
1472 2029 1595 2107 dctus
1624 2026 1785 2107 balliius
1811 2048 1941 2107 noster

510 2157 668 2234 tenebat
685 2174 724 2235 et
738 2157 965 2267 expletabat‚
984 2160 1143 2239 nomine
1158 2178 1305 2253 nostro,
1318 2160 1510 2269 justiciam
1524 2158 1769 2251 antedictam
1785 2179 1940 2269 propter

511 2291 617 2393 quod
635 2290 816 2395 petebant
839 2289 932 2367 dicti
956 2290 1140 2399 religiosi,
1163 2320 1232 2399 per
1255 2292 1396 2369 curiam
1417 2288 1602 2382 nostram,
1624 2292 1865 2402 pronunciari
1886 2295 1938 2371 ad

512 2417 613 2525 ipsos
628 2438 668 2498 et
684 2448 762 2501 uon
778 2422 828 2500 ad
848 2450 919 2501 nos
934 2422 1072 2499 dictam
1082 2422 1274 2530 justiciam
1293 2424 1500 2529 pertinere,
1517 2440 1557 2502 et
1571 2448 1731 2501 manum
1746 2422 1836 2501 dicti
1857 2422 1939 2501 bal-

512 2549 575 2627 livi
589 2554 724 2642 nostri,
740 2582 854 2662 super
869 2552 944 2631 hiis
954 2555 1180 2661 appositam,
1194 2556 1359 2633 amoveri
1375 2552 1533 2647 debere;
1550 2580 1597 2634 et
1614 2554 1772 2633 adverso
1790 2572 1936 2645 autem,

510 2710 579 2791 pm
594 2684 721 2771 nobis,
742 2686 1027 2790 proponebatur
1036 2686 1229 2792 justiciam
1244 2687 1353 2765 castri
1372 2704 1414 2763 et
1431 2685 1645 2767 castellanis
1668 2684 1717 2764 de
1733 2685 1939 2765 ideleduno

512 2813 561 2889 ad
582 2840 653 2890 nos
672 2814 721 2889 dc
736 2813 823 2918 jure
839 2815 1034 2891 communi
1053 2817 1265 2922 pertinere,
1288 2841 1434 2922 nosque
1454 2818 1494 2891 in
1512 2816 1647 2893 saisina
1669 2842 1750 2894 esse
1769 2833 1809 2893 et
1826 2816 1940 2894 luisse

513 2943 671 3020 latronis
693 2961 732 3019 et
750 2942 857 3021 basse
871 2944 1025 3050 justicie
1045 2945 1085 3018 in
1105 2942 1193 3019 villa
1214 2944 1262 3020 de
1279 2944 1446 3036 Gratius,
1473 2948 1630 3025 interra
1649 2946 1839 3027 diotorm
1853 2947 1941 3025 ruli-

514 3073 724 3179 giosorum,
753 3090 792 3150 et
815 3089 1039 3182 pergentes
1063 3090 1228 3161 nostras,
1258 3075 1469 3182 superbiis
1493 3078 1648 3156 usitasse
1674 3095 1713 3155 et
1736 3077 1941 3185 expletssse

515 3220 687 3310 tempore
707 3204 908 3282 sufficienti
929 3204 977 3280 ad
999 3204 1271 3310 acquirendum
1289 3206 1373 3313 just
1399 3206 1547 3285 Auditis
1571 3206 1686 3317 igitur
1708 3208 1877 3315 partibus
1901 3210 1940 3285 in

516 3334 572 3411 eis
591 3362 667 3441 que
687 3358 898 3442 proponere
917 3335 1135 3425 volucrunt,
1157 3335 1233 3413 visa
1251 3337 1424 3442 inquesta
1447 3364 1560 3445 super
1577 3338 1770 3446 premissis
1788 3338 1882 3417 facta
1905 3356 1942 3417 ct

515 3468 695 3545 omnibus
720 3468 793 3543 rite
816 3466 923 3555 actis,
950 3462 1242 3572 pronunciatum
1266 3467 1354 3559 suit,
1372 3496 1441 3575 per
1466 3472 1569 3548 curie
1586 3488 1714 3549 nostre
1732 3470 1937 3579 judicium,

514 3598 637 3676 dictos
654 3598 829 3677 abbatem
851 3614 890 3674 et
909 3614 1138 3676 conventum
1158 3598 1413 3675 intencionem
1437 3628 1562 3694 suam,
1586 3619 1773 3712 quantum
1792 3602 1839 3679 ad
1857 3602 1942 3680 bas·

513 3758 593 3807 sam
609 3729 799 3839 justiciam
824 3728 864 3804 in
890 3728 1058 3835 hiisque
1081 3757 1150 3836 pro
1170 3746 1275 3837 parte
1302 3756 1435 3808 eorum
1458 3734 1631 3840 superius
1650 3752 1739 3813 sunt
1757 3734 1939 3843 exposita,

516 3877 775 3965 competenter
793 3859 987 3965 probasse,
1010 3879 1049 3939 ct
1067 3887 1223 3938 manum
1244 3861 1334 3940 dicti
1354 3858 1480 3940 ballivi
1497 3867 1616 3943 nostri
1634 3892 1734 3957 esso,
1756 3882 1940 3973 quantum

517 3991 564 4067 ad
583 3991 672 4079 hoc,
695 3990 981 4070 admovendam.

572 4122 701 4199 Mense
721 4122 938 4208 Februario.

571 4384 696 4464 XXIV.
728 4384 845 4476 Cum,
867 4412 914 4464 cs
934 4403 1041 4495 parte
1058 4386 1325 4493 religiosorum
1341 4388 1508 4467 virorum
1523 4388 1671 4468 abbatis
1684 4408 1723 4468 et
1736 4407 1942 4469 conventus

517 4512 806 4609 Mortui-Maris,
829 4518 941 4596 nobis
969 4518 1220 4625 supplicatum
1245 4519 1377 4597 luisset
1397 4521 1519 4627 quod,
1549 4546 1636 4598 cum
1661 4520 1731 4627 ipsi
1754 4539 1879 4600 assat
1903 4522 1942 4599 in

516 4648 750 4750 possessione
771 4649 938 4726 habendi
959 4649 999 4724 in
1019 4649 1171 4727 abbacia
1192 4678 1256 4729 sua
1282 4678 1397 4729 unarn
1419 4650 1575 4759 forgiam
1598 4652 1801 4759 grosealetn
1823 4670 1863 4731 et
1887 4651 1941 4731 fa-

518 4776 641 4853 ciendi
660 4777 842 4855 carbones
862 4779 910 4855 de
931 4778 1043 4885 lignis
1062 4780 1198 4860 foreste
1214 4800 1341 4861 nostre
1361 4783 1409 4860 de
1429 4783 1621 4862 Leonibus
1638 4783 1687 4861 ad
1702 4812 1798 4893 opus
1811 4783 1941 4891 hujus·

518 4906 623 4983 modi
639 4905 773 5015 forgie,
790 4908 932 5016 absque
946 4910 1028 4987 ullo
1040 4913 1167 5019 precio
1180 4914 1291 4992 nobis
1303 4914 1391 4999 inde
1407 4913 1605 5008 solvendo,
1621 4932 1660 4993 et
1672 4932 1801 5023 gentes
1813 4931 1938 4994 nostre

517 5040 619 5145 ipsos
637 5038 866 5146 impedirent
885 5042 1090 5147 quominus
1109 5044 1210 5123 dicta
1228 5045 1464 5152 possessione
1480 5043 1642 5124 faciendi
1659 5047 1848 5153 predictos
1862 5074 1940 5124 oar
