4450 6209
735 742 1005 849 svoutrns
1031 758 1094 831 ιιι
1121 756 1329 833 raucus.
1673 758 1743 833 cu

189 920 198 931 “
319 903 485 993 οιιοίοιιὶ,
501 918 539 981 ot
551 901 797 981 restituentur
812 901 914 979 dicto
931 900 1057 979 abbati
1070 900 1239 1009 predicta
1251 900 1351 979 bona
1367 929 1478 1008 supra
1495 890 1615 978 dictos
1630 900 1751 979 homi·
1788 910 1918 966 rmum
1931 912 1975 974 W.

320 1065 388 1116 nes
410 1063 498 1114 suos
520 1051 639 1142 capta,
663 1034 857 1112 occasione
878 1032 1162 1139 premissorum.

377 1166 505 1247 Martis
524 1182 611 1273 post
629 1164 892 1244 Reminiscere.

375 1299 427 1377 M.
449 1296 494 1377 G.
517 1295 565 1374 de
586 1296 725 1374 Landri
743 1295 957 1404 reportavit.

1850 1004 1913 1047 lm.

378 1566 420 1641 L.
451 1562 533 1640 Lite
558 1580 658 1641 mota
678 1564 776 1641 inter
794 1562 948 1640 Petrum
973 1559 1084 1640 Calve
1112 1576 1151 1639 et
1169 1558 1421 1638 Guillelmum
1439 1560 1488 1637 de
1503 1557 1682 1648 Ecclesia,
1702 1560 1749 1637 de

321 1693 546 1784 Pedenacio,
563 1723 633 1801 pro
650 1721 690 1773 se
712 1711 749 1771 et
768 1694 845 1773 suis
864 1692 1117 1781 consortibus,
1135 1717 1178 1768 ex
1192 1708 1297 1798 parte
1310 1719 1403 1781 una,
1419 1708 1457 1768 et
1467 1708 1751 1797 procuratorem

321 1843 493 1903 nostrum
515 1827 784 1915 Biterrensem,
805 1854 848 1903 er
867 1822 998 1914 altera,
1016 1851 1142 1901 coram
1157 1820 1361 1902 senescallo
1378 1839 1509 1900 nostro
1528 1821 1751 1899 Carcassone

305 1956 540 2034 auctoritate
558 1956 769 2034 litterarum
787 1972 1015 2046 nostrarum,
1033 1981 1209 2061 supereo
1227 1954 1333 2062 quod
1348 1952 1418 2060 ipsi
1436 1953 1612 2031 dicebant
1630 1952 1748 2060 quod,

320 2104 491 2193 tempore
517 2116 648 2165 cursus
671 2086 807 2164 debilis
826 2104 995 2177 monete,
1016 2086 1087 2195 ipsi
1113 2101 1339 2194 acceperunt
1357 2114 1378 2161 a
1395 2084 1573 2195 gentibus
1596 2087 1748 2178 nostris,

321 2218 360 2294 in
378 2236 599 2325 perpetuam
619 2218 899 2326 emphiteosim,
919 2230 986 2295 seu
1005 2219 1209 2325 agapitum,
1232 2216 1424 2325 quoddam
1444 2234 1613 2323 pratum,
1636 2216 1751 2293 situm

320 2349 360 2425 in
376 2348 563 2427 territorio
576 2350 623 2425 de
637 2348 863 2440 Pedenacio,
879 2348 917 2424 in
931 2347 1132 2425 decimaris
1148 2345 1408 2436 Sancti-Petri,
1425 2376 1495 2455 pro
1508 2345 1752 2454 quadraginta

320 2479 426 2558 libris
447 2478 737 2558 Turonensibus
763 2479 878 2556 annui
904 2477 1096 2571 redditus,
1118 2493 1269 2555 monete
1288 2478 1473 2555 currentis
1491 2494 1664 2585 tempore
1691 2505 1751 2555 so-

320 2610 515 2690 lucionum
527 2610 800 2703 faciendarum3
816 2610 854 2687 in
870 2638 947 2716 quo
960 2607 1116 2717 quidem
1129 2624 1321 2686 contractu
1337 2608 1407 2715 ipsi
1421 2607 1573 2715 ‘decepti
1586 2607 1748 2697 fuerant,

320 2759 363 2820 ut
386 2740 579 2835 dicebant,
600 2741 701 2820 ultra
723 2739 921 2819 dimidiam
936 2740 1030 2849 justi
1049 2738 1185 2846 precii,
1210 2739 1242 2817 si
1260 2740 1304 2815 in
1323 2738 1448 2817 valore
1472 2736 1579 2816 fortis
1598 2755 1751 2815 monete

320 2901 396 2979 que
408 2874 552 2982 petitur
563 2874 610 2954 ab
624 2874 678 2952 eis
693 2872 881 2952 solverent
894 2871 1089 2951 redditmn
1105 2870 1355 2976 antedictum3
1370 2899 1487 2979 quare
1501 2868 1655 2978 petebat
1667 2898 1753 2947 con-

319 3022 481 3084 tractum
490 3006 703 3115 predictum
716 3004 879 3085 rescindi
890 3005 948 3083 vel
963 3004 1125 3082 diminui
1138 3001 1243 3111 quod
1253 3002 1400 3080 excedit
1404 3003 1549 3109 justum
1562 2999 1749 3107 precium:

322 3138 498 3245 lnquesta
518 3165 632 3243 super
655 3137 728 3214 hoc
751 3135 798 3214 de
819 3134 995 3213 mandato
1015 3152 1146 3212 nostro
1167 3132 1261 3211 lacta
1289 3149 1327 3210 et
1347 3120 1547 3238 diligenter
1568 3130 1748 3238 inspecta,

322 3297 390 3374 per
404 3268 508 3345 curie
525 3284 653 3346 nostre
668 3267 874 3374 judicium,
894 3266 1015 3343 dictus
1032 3282 1254 3373 procurator
1268 3280 1397 3341 noster
1410 3262 1605 3341 absolutus
1618 3260 1691 3337 fuit
1704 3260 1750 3337 ab

323 3400 565 3508 impeticione
584 3397 754 3507 predicta
769 3397 964 3505 agencium
983 3396 1254 3505 predictorum.

380 3531 509 3611 Martis
522 3548 608 3640 post
625 3529 888 3609 Reminiscere.

379 3663 551 3742 Decanus
574 3659 813 3741 Gemellensis
831 3658 1043 3767 reportavit.

380 3930 438 4007 LI.
469 3930 568 4008 Cum
589 3929 637 4008 ad
656 3956 726 4007 nos
743 3928 972 4035 pervenisset
986 3926 1092 4034 quod
1111 3926 1239 4033 plures
1257 3951 1418 4033 persone
1438 3922 1524 3999 ville
1546 3920 1594 3999 de
1614 3922 1751 3999 Lesaco

324 4060 511 4169 fregerant
526 4076 652 4166 portas
672 4058 916 4166 parrochialis
942 4058 1096 4135 ecclesie
1122 4056 1211 4136 dicti
1237 4056 1329 4146 loci,
1350 4055 1567 4162 multosque
1582 4082 1752 4132 excessus

326 4211 364 4271 et
382 4192 584 4270 violencias
600 4191 696 4267 intra
712 4191 848 4267 dictam
867 4189 1061 4266 ecclesiam
1081 4189 1362 4276 commiserant,
1380 4204 1509 4264 contra
1521 4185 1752 4295 prohibicio-

325 4354 413 4404 nem
430 4304 623 4401 servientis
638 4323 772 4411 nostri,
788 4349 901 4428 super
911 4296 1104 4428 premissis
1117 4319 1375 4417 mandavimus
1387 4318 1581 4396 veritatem
1594 4315 1749 4423 inquiri,

327 4474 365 4536 et
388 4454 474 4535 illos
500 4456 566 4564 qui
591 4452 849 4532 invenirentur
875 4450 1080 4559 culpabiles
1100 4478 1198 4560 pena
1222 4449 1436 4557 pecuniaria
1464 4447 1750 4556 condempnari3

326 4589 417 4667 sacta
437 4589 561 4698 igitur,
584 4584 802 4663 auctoritate
823 4602 964 4673 nostra,
981 4612 1050 4690 per
1060 4581 1231 4691 judicem
1252 4581 1434 4689 majorem
1451 4580 1755 4659 Carcassonesu-

325 4750 395 4830 per
419 4718 610 4827 premissis
635 4720 827 4825 inquesta,
853 4715 954 4793 idem
980 4715 1097 4823 juder
1124 4712 1415 4818 condempnavit
1440 4712 1480 4788 in
1508 4709 1617 4788 certis
1644 4712 1753 4818 penis

328 4850 553 4959 pecuniariis
568 4868 686 4929 certas
706 4876 898 4956 personas,
920 4848 960 4924 in
981 4874 1047 4925 sua
1065 4844 1399 4952 condempnatoria
1421 4843 1611 4923 sentencia
1630 4846 1756 4923 nomi-

329 5001 447 5075 natas,
479 5009 610 5061 omnes
637 4981 747 5071 alios,
777 4980 823 5059 de
855 4981 965 5059 dictis
993 4978 1201 5058 excessibus
1232 4994 1269 5055 et
1295 4975 1487 5054 violenciis
1515 4974 1658 5056 delatos
1686 5007 1754 5055 seu

328 5129 542 5223 perventus,
557 5142 625 5222 per
637 5114 797 5193 eandem
816 5113 1045 5192 sentenciam
1062 5110 1290 5189 absolvendo
1303 5143 1312 5201 ς
1327 5138 1435 5217 aqua
1452 5110 1656 5200 sentencia,
1671 5125 1754 5186 tan-

415 5291 466 5333 nes
487 5291 569 5333 οιιιι.
586 5292 633 5332 ιιι.
1587 5265 1626 5331 56
