4450 6209
523 680 596 757 456
1152 687 1241 761 Lus
1271 686 1412 761 OLIM.

299 838 429 894 eastun
443 838 487 901 tv,
520 826 712 905 versaliter
733 827 922 915 instituto,
944 842 983 903 et
1001 826 1106 933 quod
1127 828 1175 905 de
1195 828 1293 907 dicta
1312 828 1473 935 pecunie
1491 854 1641 905 summa
1660 854 1855 935 nunquam
1873 828 1941 909 fuit

357 931 419 975 lm.

520 960 623 1037 dicto
643 959 820 1063 creditori
840 986 910 1035 nec
924 957 1002 1036 suis
1020 960 1299 1037 suecessoribus
1316 959 1560 1049 satisfactum
1576 986 1691 1065 quare
1706 960 1859 1065 petebat
1872 962 1942 1038 dio

521 1108 583 1169 tus
606 1108 719 1181 actor,
740 1089 895 1168 nomine
921 1117 999 1195 quo
1021 1118 1149 1195 supra,
1167 1090 1232 1197 jus
1258 1091 1442 1198 ypothece
1469 1090 1509 1167 in
1534 1089 1646 1167 bonis
1669 1089 1848 1195 predictis
1874 1092 1941 1170 sibi

521 1239 734 1329 competere
748 1220 945 1308 declarari,
959 1237 998 1297 et
1012 1220 1133 1299 dictos
1150 1248 1235 1299 reos
1247 1222 1295 1299 ad
1311 1222 1588 1299 restituendum
1603 1220 1771 1327 predicta
1786 1221 1887 1301 bona
1902 1252 1943 1301 ex

520 1354 641 1431 causis
652 1352 831 1460 predictis
845 1343 970 1430 eidem
987 1352 1121 1441 actori,
1139 1382 1215 1461 quo
1231 1380 1342 1458 supra
1359 1352 1533 1439 nomine,
1549 1350 1832 1457 condempnari,
1848 1354 1941 1433 Dicti

519 1513 608 1562 vero
618 1485 768 1594 judiees
787 1482 875 1561 ville
889 1482 1091 1561 Condomii
1101 1483 1166 1590 jus
1185 1483 1367 1591 ypotheca
1383 1483 1422 1559 in
1438 1482 1548 1561 dictis
1560 1482 1673 1561 bonis
1690 1481 1790 1563 dicto
1811 1488 1939 1575 amosi,

519 1616 673 1695 nomine
694 1644 772 1723 quo
794 1642 923 1721 supra,
946 1631 1161 1719 competere
1180 1642 1369 1720 persuum
1385 1613 1614 1691 sentenciam
1634 1612 1889 1704 declararunt,
1906 1635 1942 1695 et

519 1748 569 1825 ud
580 1746 855 1825 restituendum
870 1773 933 1831 ea,
948 1772 1026 1850 qno
1039 1774 1150 1852 supra
1165 1745 1337 1833 nomine,
1355 1744 1684 1852 condempnatum
1696 1743 1941 1823 defendentes

519 1878 725 1984 predictos,
747 1874 909 1983 exceptis
926 1874 1155 1982 quibusdam
1176 1874 1351 1953 censibus
1371 1875 1411 1951 in
1430 1874 1619 1953 sentencia
1636 1873 1827 1952 dictorum
1842 1876 1943 1984 judi·

519 2038 606 2087 cum
621 2007 831 2114 specialiter
844 2006 1058 2096 declaratis;
1074 2034 1095 2081 a
1111 2034 1186 2113 qua
1199 2006 1403 2095 sentencia,
1421 2022 1614 2112 tamquam
1629 2004 1677 2082 ab
1694 2004 1839 2112 iniqua,
1854 2006 1940 2085 dicti

519 2140 575 2215 rei
590 2138 638 2215 ad
652 2155 818 2215 nostram
834 2138 977 2215 curiam
988 2136 1234 2243 appellarunt.
1251 2136 1371 2214 ludex
1383 2164 1470 2215 vero
1481 2134 1748 2243 appellacicnis
1759 2137 1938 2243 predicte,

520 2270 757 2377 deputatuse
776 2268 902 2356 nobis,
921 2269 1150 2345 sentenciam
1170 2266 1373 2347 infirmavit
1388 2266 1613 2374 predictam
1630 2295 1742 2374 aqua
1756 2270 1941 2346 sentencia

519 2400 780 2491 infirmatoria,
797 2417 989 2506 tamquam
1008 2399 1055 2475 ab
1078 2398 1225 2505 iniqua,
1244 2397 1438 2505 predictus
1452 2413 1556 2475 actor
1570 2396 1617 2473 ad
1633 2425 1721 2487 nos,
1738 2426 1815 2505 quo
1834 2428 1941 2506 supra

519 2533 688 2625 nomine,
701 2530 899 2637 appellavit
914 2530 1035 2609 :Visis
1048 2528 1165 2636 igitur
1173 2546 1250 2607 tam
1261 2530 1360 2607 dicte
1380 2556 1489 2607 cause
1509 2527 1724 2635 principalis
1735 2556 1850 2635 quarn
1868 2531 1942 2609 dic-

517 2682 642 2741 tarum
658 2662 958 2768 appellacionum
975 2660 1231 2766 processibus,
1247 2686 1314 2767 per
1326 2660 1429 2738 curie
1443 2677 1571 2743 nostre
1581 2660 1769 2768 judicium
1787 2660 1860 2739 fuit
1874 2662 1943 2739 dic·

518 2812 602 2872 tum
617 2794 717 2871 dicte
733 2792 949 2899 principalis
963 2819 1072 2869 oause
1076 2791 1217 2899 judicis
1228 2791 1327 2869 bene
1335 2792 1541 2899 judicasse,
1555 2790 1780 2872 declarando
1787 2794 1850 2900 jus
1861 2820 1944 2901 ypo

518 2926 630 3002 thece
644 2924 685 3000 in
702 2922 815 3002 bonis
829 2922 1014 3001 omnibus
1021 2923 1180 3029 predicti
1195 2924 1378 3003 lobannis
1390 2924 1438 3001 de
1451 2924 1608 3012 Boceto,
1627 2922 1825 3013 debitoris,
1843 2925 1942 3003 dicto

520 3056 655 3143 actori,
677 3054 832 3133 nomine
851 3083 928 3161 quo
947 3083 1074 3161 supra,
1094 3072 1326 3163 competere,
1345 3072 1383 3133 et
1399 3054 1525 3135 eidem
1545 3054 1660 3133 actori
1675 3054 1784 3133 reddi
1806 3056 1942 3135 debere

519 3186 619 3265 bona
638 3187 797 3267 inferius
819 3187 1028 3296 designatm
1049 3186 1162 3277 item,
1184 3188 1312 3265 omnia
1331 3187 1431 3265 bona
1451 3186 1521 3265 alia
1543 3186 1592 3264 de
1615 3185 1756 3293 quibus
1775 3185 1940 3297 legitime

518 3336 688 3398 constare
700 3319 841 3426 poterit
855 3317 961 3424 quod
979 3318 1021 3395 in
1038 3318 1151 3396 bonis
1167 3318 1257 3397 dicti
1276 3318 1456 3397 lobannis
1475 3335 1598 3397 essent
1611 3332 1783 3424 ternpore
1804 3318 1942 3426 obliga-

518 3452 637 3529 cionis
651 3451 840 3558 predicte,
860 3450 918 3527 vel
939 3450 1139 3527 abeodem
1157 3450 1346 3539 lobanne,
1370 3448 1639 3556 undecumque
1659 3466 1697 3525 et
1711 3449 1940 3558 ubicumque

519 3581 763 3688 postmodum
779 3579 978 3687 acquisita,
992 3596 1032 3657 et
1043 3580 1315 3687 quinquaginta
1328 3578 1444 3657 libras
1460 3578 1647 3658 bonorum
1668 3580 1938 3673 Morlunorum,

518 3713 668 3790 racione
689 3740 934 3819 expensarum
951 3740 1019 3817 per
1039 3712 1204 3789 eundem
1227 3728 1392 3789 actorem
1413 3710 1591 3789 luctarum
1615 3710 1655 3787 in
1675 3710 1741 3789 lite
1760 3712 1938 3817 predicta,

518 3860 769 3948 nostrumque
789 3842 1105 3933 commissarium,
1133 3843 1171 3919 in
1194 3870 1302 3921 causa
1322 3842 1589 3949 appellacionis
1614 3842 1735 3947 prime
1754 3842 1937 3949 predicte,

520 3972 618 4050 male
630 3974 914 4077 pronunciasse,
927 3990 965 4052 et
977 3972 1234 4078 supradictum
1248 3990 1445 4052 actorema
1459 3974 1549 4052 dicti
1565 3974 1810 4053 commissarii
1825 3978 1940 4053 nostri

519 4102 709 4181 sentencia
726 4104 826 4181 bene
850 4103 1068 4210 appellasse.
1089 4106 1163 4183 Res
1180 4132 1268 4183 vero
1291 4105 1496 4213 dequibus
1516 4105 1637 4212 liquet
1653 4106 1760 4213 quod
1779 4124 1885 4183 erant
1903 4106 1939 4183 in

519 4236 630 4317 bonis
649 4235 829 4315 lobannis
854 4236 902 4314 de
926 4240 1082 4326 Boceto,
1104 4236 1286 4315 debitoris
1305 4237 1482 4343 predicti,
1503 4255 1676 4345 tempore
1702 4237 1939 4345 obligecionis

517 4368 701 4474 predicte,
720 4384 760 4445 et
770 4395 898 4445 earum
916 4368 1198 4475 designaciones
1212 4385 1303 4447 sunt
1315 4368 1402 4460 iste,
1418 4367 1608 4460 videlicet,
1626 4368 1788 4475 quedam
1805 4369 1938 4446 domus

517 4501 588 4577 sita
603 4500 642 4575 in
655 4497 742 4575 villa
755 4499 976 4589 Condomii,
993 4493 1093 4577 inter
1108 4500 1267 4578 domum
1289 4500 1475 4578 heredum
1495 4500 1670 4609 Symonis
1684 4501 1733 4588 de
1752 4500 1935 4611 Ligardis,

518 4660 562 4707 ex
575 4658 651 4706 una
665 4646 785 4736 parte,
802 4647 841 4707 et
854 4630 1030 4708 carrarias
1044 4629 1228 4736 publicas,
1242 4658 1287 4707 ex
1299 4630 1421 4709 tribus
1432 4632 1615 4737 partibus,
1631 4660 1675 4709 ex
1686 4631 1816 4721 altera3
1830 4631 1934 4720 item,

517 4758 655 4864 platea,
677 4759 746 4838 sita
760 4762 865 4869 juxta
884 4759 1022 4837 dictam
1043 4759 1219 4850 domum,
1238 4760 1336 4838 inter
1355 4762 1659 4842 domumVitalis
1675 4762 1722 4839 de
1738 4762 1875 4852 Pedio,
1897 4790 1937 4838 ex

517 4906 622 4993 parte
637 4918 728 4977 una,
751 4909 789 4968 et
803 4892 962 4969 domum
976 4889 1175 4969 Guillelmi
1189 4890 1316 4981 Fabri,
1335 4921 1378 4970 ex
1394 4893 1480 4983 alia3
1503 4892 1613 4981 item,
1631 4891 1751 4970 borda
1770 4892 1934 4981 Boearie,

518 5045 594 5123 que
613 5035 670 5097 est
688 5018 734 5099 in,
749 5020 908 5099 carreria
928 5022 1004 5099 deu
1026 5023 1187 5111 Pecum3
1210 5022 1319 5111 item,
1341 5024 1446 5101 vinea
1468 5025 1516 5101 de
1537 5025 1728 5113 Sarranta,
1756 5022 1825 5101 sita
1843 5023 1938 5101 inter
