4450 6209
772 686 1039 798 saoneres
1065 706 1130 781 nr
1155 685 1362 783 saccas.
1700 709 1771 782 sor

359 847 501 937 venire3
517 845 664 926 dicebat
674 847 790 926 eciam
807 847 928 928 dictus
940 847 1057 927 Caute
1072 851 1179 957 quod
1192 849 1315 926 dictus
1327 847 1572 937 Guillelmus,
1589 849 1779 929 veniendo
1818 859 1949 913 Parnase
1958 859 2003 921 ll·

359 996 487 1058 contra
507 979 778 1058 consensiones
796 979 983 1086 predictas
997 997 1035 1058 et
1054 1007 1117 1058 eas
1133 979 1391 1086 infringendo,
1409 981 1482 1058 iter
1495 977 1707 1084 predictum
1726 981 1779 1057 in·
1879 949 1943 992 Μ’

358 1127 501 1187 tereos
520 1127 746 1188 conventum
767 1110 976 1201 dimiserat,
997 1129 1034 1189 et
1053 1110 1175 1190 dictos
1193 1113 1368 1190 trosellos
1381 1141 1451 1218 per
1465 1111 1574 1189 aliam
1595 1112 1690 1190 viam
1704 1140 1779 1210 ‚seu

358 1240 432 1319 iter
452 1241 622 1330 duxerat,
638 1241 814 1321 videlieet
829 1269 897 1349 per
915 1260 1084 1321 montem
1107 1244 1156 1322 de
1175 1243 1473 1322 Monte-Cenisio
1492 1259 1531 1320 et
1550 1239 1693 1321 directo
1712 1271 1780 1350 per

358 1371 543 1450 civitatem
559 1389 597 1450 et
612 1389 750 1452 terram
765 1372 879 1463 d'Ast,
897 1373 962 1451 ubi
982 1390 1060 1451 erat
1076 1403 1212 1482 magna
1226 1401 1376 1483 guerra,
1390 1348 1434 1456 iu
1448 1402 1522 1481 qua
1539 1389 1639 1450 terra
1658 1373 1781 1486 dictus

359 1500 585 1580 Guillelmus
596 1500 715 1580 dictos
726 1501 919 1582 trossellos
931 1532 971 1582 se
982 1503 1147 1582 amisisse
1158 1503 1324 1593 dicebat,
1342 1503 1445 1610 quod
1460 1531 1538 1582 non
1551 1503 1777 1610 contigisset,

358 1649 402 1710 ut
421 1632 569 1711 dicebat
586 1633 689 1711 idem
709 1633 838 1728 Caute,
855 1634 885 1713 si
903 1661 972 1742 per
985 1634 1056 1714 iter
1072 1651 1298 1713 conventum
1318 1633 1437 1712 dictos
1456 1632 1634 1712 trosellos
1654 1636 1780 1713 duris—

358 1782 431 1854 set;
448 1763 568 1856 unde,
591 1791 678 1842 cum
699 1763 788 1841 dicti
799 1763 952 1871 triginta
965 1763 1133 1871 quinque
1150 1764 1232 1842 dies
1251 1761 1345 1839 infra
1364 1793 1462 1870 quos
1479 1765 1603 1842 dictus
1618 1764 1780 1843 Guillel*

357 1922 459 1984 mus,
477 1893 686 1971 secundum
698 1894 969 1972 consensiones
981 1893 1186 1998 predictas,
1199 1892 1320 1972 dictos
1332 1894 1551 1972 troussellos
1565 1923 1778 2001 pannorum

355 2024 395 2100 in
417 2023 561 2102 civitate
579 2025 704 2104 Saone
724 2023 884 2104 reddere
901 2042 941 2102 et
958 2023 1171 2102 deliberare·
1187 2024 1314 2102 eidem
1333 2023 1469 2118 Caute,
1493 2024 1553 2105 vel
1573 2027 1659 2136 ejus·
1676 2045 1779 2106 certo

356 2155 550 2245 mandato,
576 2154 754 2245 debebat,
780 2154 844 2231 diu
872 2170 965 2243 crat,
993 2171 1118 2232 essent
1136 2152 1269 2262 elapsi,
1293 2154 1435 2261 absque
1455 2185 1501 2234 eo
1526 2159 1634 2263 quod
1657 2156 1779 2236 dictus

356 2285 584 2364 Guillelmus
600 2284 780 2373 duxisset,
797 2284 1025 2362 reddidisset
1038 2313 1106 2363 seu
1121 2284 1362 2364 deliberasset
1377 2285 1502 2363 eidem
1523 2287 1641 2365 Caute
1659 2287 1779 2366 dictos

355 2415 574 2496 troussellos
586 2416 797 2494 secundum
812 2416 918 2522 quod
930 2432 1172 2507 convenerat,
1186 2416 1403 2524 etproutde
1419 2417 1464 2494 iis
1476 2416 1778 2497 ininstrumento
1888 2455 1892 2461 ·

354 2547 507 2654 publico
518 2575 558 2625 se
571 2546 816 2654 obligaveratg
827 2547 961 2642 imme,
977 2546 1092 2624 dictas
1105 2547 1375 2625 consensiones
1385 2546 1778 2657 infringendo‚totum

356 2677 582 2757 contrarium
607 2675 759 2768 fecerat,
786 2692 831 2754 ut
852 2675 1015 2767 dicebat3
1037 2704 1153 2784 quare
1174 2676 1327 2783 petebat
1351 2676 1474 2755 dictus
1498 2677 1615 2756 Caute
1636 2677 1779 2757 dictum

354 2809 617 2898 Guillelmum‚
629 2835 697 2914 per
707 2807 849 2886 dictum
862 2808 1109 2914 prepositum,
1122 2808 1391 2914 condempnari
1403 2823 1442 2886 et
1451 2807 1626 2914 compelli
1639 2809 1688 2886 ad
1697 2807 1780 2886 red·

355 2941 525 3018 dendum
541 2939 665 3018 eidem
681 2939 868 3047 sexaginta
882 2955 1045 3046 quatuor
1058 2938 1278 3018 troussellos
1294 2938 1484 3045 predictos
1498 2968 1574 3017 una
1592 2969 1677 3018 cum
1692 2941 1779 3019 toti-

355 3076 442 3151 dem
455 3071 588 3178 pannis
602 3070 755 3149 nomine
772 3098 869 3177 pene
885 3069 1034 3176 duppli,
1045 3070 1104 3147 vel
1123 3070 1254 3177 viginti
1268 3069 1386 3148 millia
1403 3068 1603 3162 librarum,
1619 3088 1696 3148 tam
1708 3101 1777 3180 pro

356 3203 476 3280 valore
488 3202 675 3279 dictorum
682 3229 894 3307 pannorum
907 3229 1019 3307 quam
1028 3229 1097 3306 pro
1109 3200 1207 3278 dicta
1216 3228 1313 3305 pena
1326 3199 1474 3305 duppli,
1487 3201 1696 3278 secundum
1706 3202 1779 3279 dic·

353 3350 409 3409 tas
426 3331 711 3423 convenciones,
730 3358 805 3407 uua
826 3358 912 3406 cum
932 3330 1092 3410 serentis
1110 3348 1148 3407 et
1163 3331 1408 3437 quadraginta
1422 3329 1529 3408 libris
1547 3359 1641 3436 quas
1656 3329 1778 3409 dictus

354 3461 660 3568 Guillelmuspro
674 3461 773 3539 dicta
785 3478 950 3550 vectura,
967 3489 1081 3568 quam
1097 3489 1175 3539 non
1187 3460 1340 3551 lecerat,
1355 3490 1376 3537 a
1392 3461 1493 3538 dicto
1507 3460 1625 3539 Caute
1636 3461 1778 3538 babue-

353 3609 410 3670 rat
427 3609 465 3670 et
484 3609 687 3699 receperat,
703 3607 913 3697 protestans
931 3590 979 3668 de
999 3591 1077 3668 suis
1098 3591 1285 3698 dampnis,
1307 3590 1578 3698 sumptibuset
1596 3592 1786 3671 interesse·

353 3722 437 3802 loco
449 3740 487 3801 et
498 3739 670 3828 tempore
680 3720 869 3827 petendis;
884 3719 983 3798 dicto
994 3719 1217 3810 Guillelmo,
1226 3721 1275 3796 ad
1287 3720 1345 3798 sui
1357 3719 1617 3798 defensionem
1624 3781 1637 3812 ,.
1649 3722 1776 3830 plures

351 3855 521 3932 raciones
542 3853 582 3930 in
597 3852 825 3931 contrarium
843 3868 1078 3957 proponente
1099 3867 1138 3930 et
1156 3851 1305 3930 dicente
1323 3852 1445 3959 quod,
1461 3851 1501 3928 in
1515 3879 1674 3958 persona
1691 3881 1773 3943 sua,

353 4011 545 4089 nunquam
566 4011 653 4060 cum
669 3981 769 4058 dicto
791 3983 909 4060 Caute
930 3999 1180 4072 contraxerat,
1202 3983 1272 4061 sed
1289 4011 1420 4060 verum
1443 3997 1522 4060 erat
1543 3984 1647 4089 quod
1666 3986 1777 4063 certis

353 4115 434 4200 die,
450 4113 533 4192 loco
545 4130 584 4191 et
597 4113 701 4200 hora,
718 4110 954 4217 presentibus
967 4113 1076 4190 certis
1086 4113 1257 4218 personis
1272 4113 1320 4188 ad
1333 4114 1406 4191 hoc
1417 4114 1572 4203 vocatis,
1585 4115 1684 4193 inter
1698 4115 1777 4193 dic-

351 4264 432 4323 tum
446 4246 563 4323 Caute
573 4303 581 4332 ,
593 4243 747 4323 nomine
763 4272 846 4331 suo,
862 4260 899 4320 et
912 4243 1166 4350 quorumdam
1180 4243 1341 4321 aliorum
1356 4261 1624 4337 mercatorem,
1638 4264 1676 4322 et
1688 4247 1777 4325 Ger-

219 4372 221 4376 ’
350 4378 493 4455 vasium
512 4374 680 4462 Martini,
704 4374 971 4462 vecturarium,
991 4373 1146 4453 nomine
1166 4401 1253 4464 suo,
1271 4375 1389 4478 ipsius
1407 4373 1659 4484 Guillelmiet
1679 4376 1775 4454 duo·

351 4535 435 4585 rum
449 4536 604 4586 suorum
615 4506 820 4596 sociorum,
836 4523 1061 4584 conventum
1074 4521 1110 4582 et
1121 4505 1388 4583 concordatum
1404 4505 1526 4582 luerat
1538 4505 1586 4582 de
1600 4505 1775 4586 ducendo

351 4638 539 4742 predictos
549 4636 737 4746 sexaginta
747 4635 1137 4742 quatuortroussellos
1151 4636 1198 4712 de
1207 4634 1370 4714 Parisios
1380 4636 1428 4712 ad
1438 4634 1623 4714 civitatem
1635 4638 1770 4731 Saone,

351 4797 419 4875 pro
443 4769 569 4874 precio
589 4768 720 4846 decem
740 4767 923 4845 librarum
941 4767 1205 4844 Parisiensium
1225 4766 1436 4873 quemlibet
1459 4767 1716 4857 troussellum,
1738 4787 1775 4846 et

351 4898 453 5004 quod
472 4899 511 4974 in
527 4899 842 4992 dictocontractu
863 4914 901 4975 et
920 4898 958 4973 in
980 4897 1243 4976 concordando
1265 4897 1408 4974 dictum
1426 4914 1659 4978 contractum
1675 4900 1774 4977 inter

352 5057 431 5116 eos,
451 5047 619 5135 expressa
636 5047 673 5107 et
693 5029 881 5137 designata
897 5027 1046 5107 fuerant
1060 5045 1159 5108 certa
1174 5028 1256 5107 loca
1269 5055 1337 5135 per
1350 5057 1431 5137 que
1446 5030 1537 5110 dicti
1555 5029 1770 5120 Gervasius‚
