4450 6209
500 721 575 799 tlt
1082 720 1175 793 ths
1204 717 1344 793 OLIM.

273 874 403 971 sumna
416 874 459 937 W·
497 866 607 956 dum,
622 864 786 973 luitque,
803 892 872 971 per
886 863 989 942 idem
1000 862 1211 970 judicium,
1232 876 1421 948 amotum,
1443 877 1481 937 et
1496 858 1606 937 dictis
1620 857 1840 941 bominibus
1853 861 1926 939 im-

334 968 396 1012 rara
496 997 664 1104 positum
684 995 902 1085 silentium,
923 1022 1039 1101 super
1062 1021 1110 1072 eo
1132 1012 1170 1072 et
1189 1022 1304 1101 super
1327 991 1544 1072 consulatus
1557 989 1711 1101 juribus
1730 992 1923 1071 rmirersis.

551 1128 734 1207 Mercurii
747 1144 833 1235 post
850 1126 1002 1205 octabas
1020 1124 1242 1205 Candelose.

552 1262 715 1367 Mangon
734 1258 946 1365 reportavit.

551 1526 627 1602 llll.
657 1524 868 1613 Litemota,
881 1525 921 1600 in
935 1524 1039 1602 curia
1053 1540 1192 1612 nostra,
1209 1523 1308 1600 inter
1320 1523 1504 1599 decanum
1521 1538 1559 1600 et
1573 1520 1780 1627 capimlum
1790 1520 1923 1600 Noviod

494 1683 660 1745 menses,
683 1685 727 1734 ex
742 1684 818 1733 una
837 1672 959 1761 parte,
978 1671 1017 1731 et
1032 1654 1262 1733 abbatemet
1280 1670 1507 1733 convmtum
1522 1652 1777 1761 Sancti-Eligii
1791 1654 1925 1732 Novio-

493 1788 649 1879 mensis,
666 1814 711 1864 ex
726 1785 857 1874 altera,
874 1812 1049 1893 supereo
1064 1788 1171 1894 quod
1183 1786 1273 1865 dicti
1287 1787 1453 1865 decanus
1470 1804 1510 1865 et
1523 1786 1729 1894 capimlum
1751 1786 1926 1865 dicebant

494 1918 616 2025 quod,
638 1918 727 2025 ipsis
742 1918 986 1997 existentibus
1008 1920 1048 1994 in
1068 1919 1203 1996 saisina
1219 1918 1452 2025 percipiendi
1472 1936 1510 1996 et
1531 1918 1697 2007 levandi,
1719 1947 1787 2025 per
1806 1946 1846 1994 se
1867 1916 1924 1993 vel

493 2048 692 2156 paralium
707 2077 776 2127 seu
789 2047 899 2137 alios,
916 2047 1141 2127 theloneum
1154 2049 1194 2127 in
1209 2050 1296 2126 villa
1310 2050 1548 2129 Noviomensi
1564 2066 1602 2127 et
1614 2048 1814 2157 procinctu
1829 2049 1925 2157 ejus-

494 2180 583 2259 dem
598 2180 704 2269 ville,
722 2208 871 2259 necnon
897 2180 992 2258 etin
1008 2179 1175 2258 ecelesiis
1198 2182 1369 2289 ejusdem
1392 2181 1565 2271 civitatis,
1592 2197 1631 2259 et
1652 2179 1864 2288 specialiter
1883 2182 1921 2255 in

391 2355 396 2363 ·
495 2312 651 2392 ecclesia
666 2329 705 2390 et
718 2311 872 2390 abbacia
886 2312 1142 2419 Sancti-Eligii
1156 2312 1332 2421 predicti,
1348 2312 1682 2421 continuandoque
1700 2313 1838 2411 dictam
1851 2313 1922 2391 sai-

492 2444 613 2523 sinam
624 2472 730 2521 suam
744 2443 968 2553 gagiassent,
990 2474 1059 2523 seu
1078 2444 1173 2523 alius
1193 2445 1349 2523 nomine
1363 2444 1533 2551 ipsorum
1547 2444 1742 2553 gagiasset,
1757 2472 1827 2552 pro
1839 2444 1922 2523 the·

492 2575 606 2655 loneo
621 2604 700 2655 non
716 2577 858 2668 soluto,
874 2578 1077 2685 quemdam
1095 2579 1160 2683 qui
1180 2576 1403 2655 vendiderat
1416 2606 1562 2655 merces
1575 2606 1659 2655 suas
1676 2575 1771 2655 inira
1785 2576 1920 2653 dictam

492 2706 685 2787 abbaciam
710 2726 750 2788 et
771 2726 873 2787 extra
895 2708 1089 2787 ecclesiam
1112 2708 1342 2815 predictam,
1372 2710 1462 2785 dicti
1487 2708 1651 2816 religiosi
1666 2725 1923 2788 rescusserrmt

493 2838 638 2917 eisdem
655 2840 807 2949 gagium
824 2839 1055 2945 predictum,
1077 2841 1266 2945 predictos
1286 2841 1471 2919 decanum
1487 2857 1526 2918 et
1543 2840 1748 2949 capitulum
1767 2841 1808 2917 in
1826 2839 1921 2917 dicta

492 2968 706 3048 saisinasua
718 2970 891 3047 indebite
901 2971 1180 3076 perturbando;
1197 2998 1272 3078 que
1288 2973 1445 3078 quidem
1466 2972 1579 3080 prisia
1598 2972 1647 3049 ad
1665 2999 1822 3049 manum
1838 2998 1922 3049 nos·

491 3115 595 3177 tram
605 3101 727 3205 posita
739 3100 828 3190 licit,
842 3117 998 3207 propter
1014 3099 1201 3179 debatum'
1211 3104 1374 3209 partium
1391 3102 1664 3208 predictarum
1682 3128 1799 3207 qaaere
1816 3118 1921 3208 pete-

491 3229 585 3307 bant
598 3229 688 3307 dicti
703 3230 868 3309 decanus
880 3248 920 3308 et
929 3230 1138 3337 capitulum
1152 3233 1342 3339 predictos
1356 3231 1531 3311 abbatem
1546 3248 1585 3307 et
1596 3247 1822 3309 conventum
1835 3260 1922 3311 con-

490 3360 688 3467 dempnari
700 3360 747 3437 ad
758 3361 1038 3438 emendandum
1050 3363 1160 3441 nobis
1173 3380 1210 3440 et
1221 3362 1331 3440 dictis
1341 3364 1484 3441 decano
1496 3361 1705 3469 etoapitulo
1715 3390 1921 3441 rescussam

491 3492 716 3598 predictam,
734 3510 914 3601 tanquam
934 3493 1104 3572 indebite
1124 3494 1273 3585 factam,
1293 3512 1331 3573 et
1350 3492 1487 3573 dictam
1507 3494 1678 3601 prisiam,
1700 3494 1749 3571 ad
1767 3522 1921 3572 manum

492 3640 659 3701 nostram
685 3624 864 3730 positam,
891 3625 1035 3702 eisdem
1062 3624 1280 3717 deliberari,
1307 3625 1416 3704 dictis
1443 3625 1627 3733 religiosis
1652 3624 1921 3705 confitentibus

349 3734 353 3739 ’
493 3751 614 3830 dictos
628 3752 815 3832 decanum
828 3770 866 3833 et
877 3754 1085 3859 capitulum
1101 3754 1242 3835 babere
1257 3757 1430 3835 saisinam
1444 3756 1615 3864 capiendi
1634 3756 1778 3837 dictum
1796 3756 1920 3837 thelo-

342 3925 349 3934 ·
493 3908 609 3957 neum
619 3881 659 3975 in
672 3881 848 3986 pluribus
863 3881 957 3961 locis
968 3883 1068 3961 dicte
1083 3883 1169 3963 ville
1182 3914 1331 3965 necnon
1345 3904 1382 3965 et
1394 3888 1434 3965 in
1444 3886 1555 3965 certis
1570 3887 1662 3967 locis
1676 3887 1831 3965 ecclesie
1841 3916 1923 3967 mo·

492 4011 644 4089 casterii
657 4012 837 4118 predicti,
851 4014 1075 4121 negantibus
1087 4032 1215 4095 tamen
1228 4017 1351 4097 dictos
1363 4019 1549 4097 decanum
1565 4036 1604 4097 et
1619 4019 1827 4127 capitulum
1839 4048 1938 4101 esse.

491 4142 533 4218 in
551 4141 685 4222 saisina
701 4144 933 4253 percipiendi
956 4145 1096 4227 dictam
1113 4166 1321 4229 costumam
1341 4150 1497 4229 indicta
1516 4150 1683 4241 abbacia,
1705 4169 1744 4229 et
1761 4152 1919 4230 maxime

491 4274 811 4358 extraclausuram
826 4278 999 4386 ejusdem
1010 4278 1182 4373 ecclesie,
1198 4298 1236 4359 et
1248 4282 1458 4389 specialiter
1471 4282 1510 4361 in
1522 4282 1606 4361 loco
1619 4282 1686 4361 ubi
1701 4284 1798 4361 diota
1809 4283 1920 4390 prisia

491 4403 634 4488 dicitur·
648 4437 729 4489 esse
748 4406 859 4499 lacta,
877 4426 915 4487 et
926 4410 1037 4518 plura
1053 4440 1167 4519 super
1182 4414 1254 4493 boc
1269 4414 1567 4521 proponentibus
1577 4416 1626 4493 ad
1639 4442 1773 4493 eorum
1788 4414 1924 4492 defen-

490 4537 638 4619 sionem
650 4571 659 4615 ε
671 4540 861 4631 Tandem,
873 4541 1047 4649 inquesta
1056 4573 1169 4652 super
1178 4545 1267 4635 boc,
1281 4546 1328 4624 de
1342 4546 1520 4625 mandato
1529 4547 1635 4625 curie
1646 4564 1792 4641 nostre,
1804 4546 1917 4636 lacta,

490 4668 567 4746 visa
587 4688 625 4752 et
645 4672 844 4780 diligenter
860 4676 1082 4767 examinata,
1104 4677 1192 4783 quia
1213 4676 1406 4757 inventum
1426 4696 1503 4770 est,
1519 4696 1596 4757 tam
1614 4708 1684 4786 per
1701 4706 1918 4786 processum

491 4800 847 4911 predictumquam
866 4835 934 4912 per
960 4808 1211 4886 assercionem
1236 4820 1524 4917 procuratorum
1545 4812 1713 4917 parcium
1736 4808 1918 4916 predicta-

490 4958 596 5020 rum,
615 4933 921 5043 &comparium
934 4956 974 5017 et
988 4939 1070 5047 ejus
1084 4948 1307 5031 ramessem,
1328 4942 1378 5021 de
1395 4940 1537 5049 quibus
1550 4959 1606 5021 est
1620 4941 1785 5050 questio,
1807 4939 1919 5018 sectas

488 5058 663 5149 suisserin
678 5066 844 5172 quodam
858 5069 1040 5176 parlario,
1055 5072 1127 5151 sito
1146 5074 1245 5151 inter
1263 5073 1610 5153 dictamaabbaciam
1625 5090 1663 5153 et
1681 5090 1783 5153 extra
1799 5071 1916 5153 eoele-
