4450 6209
720 730 990 840 uvoutrus
1016 751 1080 824 ur
1107 731 1315 827 procas.
1658 755 1731 828 537

299 887 611 1000 jurisdiccionem
637 887 749 968 altam
777 908 822 972 et.
838 890 984 969 bassam
1010 907 1048 970 et
1071 891 1238 970 mediam
1263 893 1302 969 in
1327 891 1412 970 loco
1432 890 1669 1000 supradicto,
1691 911 1735 972 ut
1771 905 1959 967 vurcveerrv,

305 1020 469 1111 arceret,
487 1020 634 1130 meque
651 1021 772 1101 dieue
786 1024 895 1131 uege
912 1040 950 1100 ev
964 1040 1021 1103 eet
1037 1039 1075 1102 et
1088 1023 1372 1131 predecessores
1386 1024 1446 1102 eei
1461 1025 1636 1108 semileter
1653 1025 1736 1104 fee-
1834 995 1899 1040 ¹³¹¹*

302 1170 393 1232 runt
416 1155 455 1232 in
479 1154 615 1232 saisina
635 1155 788 1261 pacifica
808 1154 1027 1264 justiciandi
1049 1172 1087 1234 et
1107 1156 1366 1236 omnimodam
1386 1157 1598 1266 justiciam,
1620 1157 1733 1235 altam

302 1304 341 1364 et
365 1286 510 1366 bassam
538 1302 576 1364 et
595 1287 777 1376 medinm,
802 1289 1000 1366 exercendi
1021 1288 1061 1365 in
1081 1287 1166 1367 loco
1186 1288 1430 1368 contencioso
1448 1287 1619 1395 predicto
1639 1316 1735 1396 quo·

302 1420 567 1526 ci'enscumque
590 1447 695 1497 casus
718 1447 756 1497 se
778 1418 1000 1498 obtulerunt
1020 1421 1121 1498 etad
1138 1447 1270 1501 eorum
1287 1421 1466 1498 noticiam
1483 1419 1732 1510 devenerunt,
1777 1423 1781 1430 ’

303 1566 343 1627 et
356 1550 566 1658 specialiter
584 1551 733 1643 ultimo,
752 1551 869 1628 eciam
887 1579 908 1627 a
927 1567 1030 1629 tanto
1046 1567 1219 1659 tempore
1240 1552 1347 1660 quod
1360 1550 1500 1629 sufficit
1513 1568 1552 1630 et
1563 1550 1734 1632 sufficere

229 1783 237 1796 ⁵
304 1682 419 1761 debet
442 1683 494 1780 ad
508 1681 648 1761 bonam
668 1682 1151 1790 saisinamacquirendam,
1174 1700 1210 1762 ct
1232 1682 1337 1790 quod
1356 1683 1459 1761 idem
1481 1685 1607 1792 Hugo,
1629 1685 1668 1760 in
1687 1683 1736 1759 si-

302 1842 422 1922 gnum
441 1814 514 1892 alte
524 1814 692 1923 justicie,
711 1815 749 1891 in
767 1812 853 1892 loco
867 1815 1049 1921 predicto,
1069 1815 1187 1892 dictas
1201 1814 1323 1893 furcas
1342 1815 1541 1906 levaverat,
1562 1833 1601 1893 et
1620 1843 1732 1893 unam

302 1945 463 2054 figuram
482 1949 529 2025 ad
550 1947 701 2046 easdem
720 1947 873 2024 trainari
899 1965 936 2026 et
962 1949 1141 2055 suspendi
1161 1947 1317 2040 lecerat,
1345 1948 1604 2027 continuando
1628 1978 1733 2027 suam

302 2079 477 2157 saisinam
496 2079 719 2185 predictam,
741 2107 816 2187 que
838 2080 1019 2187 premissa
1038 2082 1183 2159 utendo
1199 2080 1288 2190 jure
1307 2105 1378 2159 suo
1399 2079 1539 2160 fecerat
1558 2097 1596 2158 et
1615 2079 1734 2159 lacere
1784 2149 1790 2160 .

301 2227 450 2318 poterat
470 2229 507 2289 et
529 2209 710 2300 debebat,
734 2211 812 2288 sinc
834 2212 975 2290 offensa
996 2239 1064 2289 seu
1081 2211 1218 2319 injuria
1240 2213 1480 2322 cujusquam,
1506 2230 1548 2290 ut
1572 2213 1731 2305 dicebat,

302 2369 419 2448 quare
445 2342 597 2449 petebat
620 2342 741 2420 dictus
771 2344 880 2449 Hugo
907 2342 1245 2448 impedimentum,
1272 2371 1341 2449 per
1369 2343 1491 2422 dictos
1516 2343 1731 2453 religiosos,

301 2473 473 2552 indebite
495 2492 532 2552 et
553 2474 599 2553 de
619 2501 717 2552 novo
734 2473 947 2582 appositum
969 2474 1008 2550 in
1028 2473 1220 2580 premissis
1239 2475 1392 2582 penitus
1410 2474 1572 2588 amoveri
1594 2476 1735 2584 ipsum-

301 2634 378 2712 que
397 2606 437 2683 in
459 2605 592 2683 saisina
600 2605 751 2712 justicie
767 2606 840 2684 loci
856 2606 1015 2712 predicti
1035 2605 1189 2714 pacifice
1205 2607 1426 2699 conservari,
1445 2623 1483 2684 et
1502 2635 1545 2684 ea
1565 2635 1652 2716 que,
1674 2636 1736 2685 oc-

303 2738 454 2816 casione
469 2737 759 2845 premissorum,
779 2737 819 2814 in
834 2767 949 2816 manu
967 2737 1056 2816 dicti
1076 2737 1224 2832 ballivi,
1241 2755 1423 2847 tanquam
1435 2738 1475 2815 in
1489 2767 1606 2817 manu
1625 2767 1736 2845 supe·

301 2869 430 2960 rioms,
453 2886 540 2948 sunt
557 2871 701 2976 posite,
729 2869 802 2948 sibi
826 2871 924 2948 tradi
946 2887 983 2948 et
1004 2869 1224 2960 deliberari,
1251 2898 1365 2979 super
1384 2871 1523 2980 quibus
1543 2869 1735 2979 premissis

300 3000 464 3080 ballivus
486 3001 697 3079 antedictus
718 3002 913 3080 veritatem
930 3002 1121 3080 mandavit
1136 3001 1296 3110 inquiri;
1318 3001 1412 3080 facta
1427 3002 1543 3111 igitur
1561 3002 1734 3111 inquesta

302 3163 419 3242 super
431 3135 622 3242 premissis
639 3151 677 3210 et
696 3132 899 3242 diligenter
914 3135 1097 3242 inspecta,
1116 3135 1218 3212 idem
1233 3133 1409 3225 ballivus,
1426 3163 1495 3241 per
1510 3164 1622 3214 suum
1634 3132 1736 3243 j'udi·

302 3267 422 3355 cium,
445 3264 706 3372 pronunciavit
725 3264 869 3342 dictum
889 3266 1088 3373 Hugonem
1108 3264 1260 3372 plenius
1280 3282 1320 3342 et
1342 3265 1655 3372 liquidius-suam
1676 3266 1736 3342 in-

301 3397 521 3478 tencionem
541 3424 654 3502 super
673 3395 746 3474 hoc
764 3395 958 3502 probasse,
977 3413 1015 3474 et
1033 3397 1159 3504 ipsum
1176 3396 1216 3476 in
1235 3395 1370 3474 saisina
1384 3395 1536 3505 justicie
1554 3395 1647 3473 dicti
1661 3394 1735 3475 loci

302 3557 500 3609 remanere
517 3527 673 3619 debere3
693 3555 806 3636 aquo
822 3526 1004 3636 judicato,
1025 3544 1204 3636 tanquam
1220 3557 1241 3604 a
1260 3526 1354 3608 falso
1374 3544 1413 3606 et
1431 3555 1557 3636 pravo,
1577 3528 1668 3606 dicti
1682 3557 1737 3606 re

302 3661 428 3767 ligiosi
450 3659 496 3737 ad
516 3676 682 3738 nostram
704 3658 846 3738 curiam
867 3657 1126 3766 appellarunt:
1143 3657 1293 3739 Auditis
1312 3659 1429 3769 igitur
1443 3659 1554 3739 dictis
1568 3659 1737 3767 partibus

303 3796 345 3873 in
367 3821 476 3870 causa
495 3791 759 3899 appellacionis
778 3792 964 3898 predicte,
991 3808 1028 3868 et
1052 3791 1140 3868 visis
1164 3790 1402 3899 processibus
1428 3791 1642 3896 antedictis,
1668 3819 1737 3898 per

303 3927 409 4005 curie
429 3939 556 4002 nostre
573 3924 781 4031 judicium,
805 3924 948 4002 dictum
969 3922 1042 4001 fuit
1058 3924 1203 4003 dictum
1222 3922 1403 4004 ballivum
1417 3922 1516 4003 bene
1525 3924 1738 4033 judicasse,

243 4035 249 4049 ⁸
305 4076 344 4137 et
365 4054 691 4163 dictosreligiosos
706 4053 803 4132 male
824 4055 1047 4161 appellasse,
1070 4073 1108 4133 et
1127 4056 1231 4163 quod
1252 4055 1323 4163 ipsi
1343 4057 1417 4138 hoc
1436 4055 1706 4136 emendabunt.

363 4188 562 4269 Dominica
580 4204 664 4265 ante
684 4186 1029 4266 Annunciacionem
1050 4187 1290 4267 dominicam.

363 4325 406 4401 R.
431 4319 478 4398 dc
499 4319 683 4397 Tiboutot
698 4318 913 4425 reportavit.

364 4589 524 4669 XXXVI.
556 4588 637 4667 Lite
659 4605 778 4678 mota,
803 4615 928 4666 coram
947 4587 1085 4667 ballivo
1111 4588 1277 4697 epis'copi
1300 4586 1532 4677 Parisiensis,
1554 4587 1654 4664 inter
1676 4587 1740 4664 Jo—

307 4725 491 4812 hannam,
513 4715 681 4798 relictam
707 4720 875 4798 defuncti
900 4719 1071 4801 Garncrii
1100 4722 1148 4801 dc
1175 4718 1557 4809 Sancto-Clodoalco,
1586 4717 1739 4828 garandi

307 4850 488 4932 chardi
508 4852 597 4930 dicti
619 4851 655 4929 le
675 4854 836 4962 Beguin,
858 4851 1072 4930 beneficiati
1097 4853 1137 4929 in
1157 4851 1312 4930 ecclesia
1332 4849 1655 4930 Sancti-Germani
1677 4850 1740 4928 Al-
1837 4942 1843 4951 ο

307 4961 601 5074 tissiodorensis,
629 5000 667 5062 et
689 4986 769 5093 ejus
790 4983 928 5074 fratris,
953 5012 997 5064 ex
1018 5001 1123 5091 parte
1144 5013 1236 5075 una,
1261 5000 1300 5061 et
1320 4983 1459 5075 Gilam,
1482 4982 1652 5062 relictam
1671 4981 1740 5060 de-

310 5117 428 5195 functi
443 5116 524 5195 tete
535 5116 624 5194 dicti
639 5116 767 5211 Revel;
786 5143 829 5194 ex
839 5115 970 5207 altera,
986 5145 1101 5225 super
1116 5115 1280 5224 eoquod
1293 5115 1444 5196 dicebat
1458 5113 1739 5195 ‹lictaJohanna

395 5294 449 5335 cns
470 5291 551 5336 otiu.
576 5294 623 5334 ιιι.
1477 5271 1482 5282 ’
1592 5269 1633 5333 68
