4450 6209
753 705 1020 815 avoundus
1045 724 1110 797 nr
1138 704 1344 797 procus.
1557 760 1561 768 -
1689 723 1762 795 too

340 868 390 949 de
402 866 516 947 bonis
529 865 689 974 predicti
700 865 882 946 lobannis
895 866 1035 944 levasse
1046 893 1169 973 usquc
1180 864 1229 943 ad
1244 890 1430 943 summam
1443 862 1669 970 predictam,
1682 863 1763 969 ipso
1804 891 1987 955 enramatv,

340 1000 521 1078 existente
536 998 577 1075 in
587 996 689 1075 dicto
701 1026 848 1075 carcere
859 1013 899 1075 et
911 998 951 1074 in
960 996 1224 1104 compedibus,
1238 998 1365 1075 minus
1374 997 1476 1105 juste
1491 1012 1528 1073 et
1543 996 1623 1073 sine
1636 1022 1761 1083 causa,
1844 986 1928 1049 -¹³⁰⁸·

339 1158 411 1209 nec
428 1130 568 1209 dictam
583 1156 770 1206 summam
783 1128 944 1236 pecunie
958 1155 1176 1206 conversam
1192 1128 1307 1207 fuisse
1322 1128 1362 1204 in
1377 1128 1580 1205 utilitatem
1596 1126 1687 1206 dicti
1702 1132 1765 1206 Jo-

340 1261 493 1351 hannis,
510 1276 550 1337 et
566 1260 693 1366 ipsum
711 1258 923 1337 lohannem
942 1258 1105 1364 dampna
1126 1259 1259 1349 multa,
1277 1286 1397 1368 usque
1418 1260 1466 1337 ad
1485 1288 1673 1339 summam
1691 1280 1761 1339 tre·

339 1409 532 1469 emtarum
547 1389 732 1468 librarum
747 1389 1030 1477 Parisiensium,
1041 1390 1142 1469 bone
1158 1407 1328 1482 monete,
1341 1418 1409 1497 per
1425 1391 1558 1470 dolum
1577 1407 1616 1470 et
1633 1393 1766 1500 nequi-

340 1524 436 1601 ciam
449 1521 541 1599 dicti
550 1522 730 1627 prepositi
744 1536 899 1627 propter
909 1522 982 1599 hoc
991 1522 1210 1615 incurrisse,
1225 1549 1293 1627 per
1307 1522 1410 1601 curie
1421 1542 1548 1601 nostre
1553 1524 1761 1632 judicium,
1869 1499 1872 1507 Ι

340 1653 465 1731 dictus
483 1653 661 1741 lacobus,
682 1652 913 1763 prepositus,
931 1652 1057 1729 eidem
1076 1652 1238 1730 lohanni
1259 1654 1298 1731 in
1319 1654 1423 1732 mille
1441 1653 1549 1732 libris
1564 1656 1764 1734 Turonen-

339 1782 459 1871 sibus‚
474 1782 577 1860 bone
589 1798 761 1871 monete,
775 1809 845 1888 pro
855 1781 1034 1888 predictis
1046 1782 1202 1875 catallis,
1215 1782 1387 1889 dampnis
1399 1801 1437 1861 et
1447 1785 1652 1889 deperditis
1663 1788 1760 1879 suis,

339 1930 378 1993 et
392 1912 551 1991 domino
566 1913 658 2023 Regi
679 1914 717 1988 in
737 1911 842 1989 mille
863 1912 970 1993 libris
983 1914 1288 2007 Turonensibus‚
1308 1944 1378 2021 pro
1395 1918 1569 2007 emenda,
1590 1918 1664 1997 fuit
1680 1946 1763 1997 sen-

337 2041 547 2121 tencialiter
564 2042 874 2149 condempnatus.

395 2174 553 2253 Veneris
570 2187 657 2280 post
674 2174 939 2255 Reminiscere.

394 2302 570 2382 Bocellus
588 2304 799 2411 reportavit.

394 2569 453 2647 Ll.
483 2570 658 2676 lnquesta
673 2566 767 2645 facta
780 2567 880 2645 inter
891 2545 1214 2674 archiepiscopum
1227 2572 1470 2665 Rementem,
1489 2598 1532 2648 ex
1550 2600 1625 2649 una
1639 2590 1758 2679 parte,

339 2717 378 2779 et
396 2698 570 2779 abbatem
590 2699 784 2806 quondam
805 2698 1022 2777 monasterii
1043 2701 1324 2779 Sancti-Nicasii
1345 2704 1556 2790 Remensis,
1574 2720 1612 2780 et
1632 2732 1762 2783 mona-

339 2832 499 2909 chorum
513 2829 585 2908 sibi
601 2828 888 2918 adherencium,
901 2828 1089 2917 exaltem,
1104 2858 1217 2935 super
1229 2830 1558 2909 administracione
1571 2832 1763 2911 bonorum

337 2960 611 3068 temporalium
627 2944 715 3037 dicti
735 2960 969 3048 monasterii,
992 2960 1183 3067 pendente
1202 2960 1459 3067 appellacione
1479 2963 1698 3069 interposita
1715 2966 1764 3040 ad

338 3092 481 3170 curiam
500 3093 724 3175 Romanam,
740 3116 785 3167 ex
807 3105 912 3194 parte
934 3088 1023 3167 dicti
1044 3088 1189 3166 abbatis
1210 3090 1496 3169 contradictum
1515 3088 1764 3199 archiepisco-

338 3250 446 3327 pum,
458 3219 603 3299 nullius
616 3237 674 3297 est
686 3219 833 3307 valoris,
850 3248 939 3296 cum
953 3220 1002 3296 sit
1015 3219 1161 3297 ibidem
1177 3219 1273 3299 alius
1287 3218 1402 3297 abbas
1417 3220 1586 3327 pacifice,
1602 3223 1761 3300 maxime

339 3380 426 3429 cnm
439 3348 539 3428 illud
555 3349 780 3435 triennium,
797 3375 919 3455 usque
935 3348 985 3426 ad
1000 3349 1107 3455 quod
1123 3350 1246 3427 dictus
1260 3347 1560 3455 archiepiscopus
1574 3349 1762 3429 asserebat
1835 3338 1839 3343 ¹

339 3508 396 3569 se,
406 3481 453 3558 de
464 3506 650 3562 consensu
660 3478 750 3556 dicti
761 3477 920 3566 abbatis,
930 3478 1220 3557 deberehabere
1230 3478 1757 3570 dictamadministracionem,

339 3612 388 3689 sit
400 3610 587 3716 elapsum,
604 3610 796 3689 etidcirco
811 3609 979 3717 predicta
995 3610 1167 3716 inquesta
1179 3638 1257 3688 non
1267 3610 1416 3716 luitper
1429 3610 1571 3689 curiam
1580 3610 1758 3717 judicata.

394 3742 551 3821 Veneris
568 3741 747 3848 predicta.

395 3871 569 3951 Booellus
588 3873 799 3976 reportavit.

313 4137 317 4147 “
397 4136 471 4213 LII.
503 4134 602 4214 Cum
621 4150 725 4213 mota
738 4152 837 4213 esset
856 4135 902 4211 lis
923 4137 962 4210 in
982 4136 1085 4211 curia
1104 4153 1230 4213 nostra
1252 4136 1351 4213 inter
1368 4134 1604 4241 Stephanum
1625 4134 1672 4210 de
1691 4134 1762 4210 Ca-

340 4282 468 4358 turoo,
488 4266 607 4341 civem
626 4265 889 4351 Parisiensem,
911 4293 955 4341 ex
970 4293 1048 4341 una
1066 4280 1192 4369 parte,
1214 4282 1251 4341 et
1269 4263 1448 4341 ballivum
1468 4264 1761 4341 Ambianensem

341 4412 381 4473 et
398 4396 590 4475 dominam
610 4395 658 4471 de
679 4396 900 4501 Creseques,
923 4422 969 4469 ea
988 4394 1121 4483 altera,
1151 4422 1264 4500 super
1284 4392 1451 4500 eoquod
1472 4393 1620 4470 dicebat
1640 4393 1761 4471 dictus

341 4524 553 4631 Stephanus
570 4525 692 4631 quod,
715 4552 802 4602 cum
818 4525 898 4629 ipse
914 4524 1047 4603 fuisset
1065 4526 1105 4602 in
1124 4524 1357 4630 possessione
1374 4522 1606 4629 septuaginta
1621 4538 1661 4597 et
1674 4539 1760 4599 octo

340 4682 603 4735 mensurarum
621 4672 723 4733 tetre
741 4653 893 4732 arabilis
913 4669 951 4731 et
971 4656 1102 4763 viginti
1122 4672 1161 4732 et
1180 4655 1340 4732 duarum
1363 4680 1625 4729 mensurarum
1644 4652 1758 4759 prati,

342 4802 381 4861 et
394 4784 646 4889 quorumdam
665 4785 782 4863 eciam
802 4785 989 4865 bonorum
1006 4785 1209 4863 mobilium
1224 4785 1263 4859 in
1280 4782 1444 4861 articulis
1464 4781 1541 4859 suis
1558 4780 1761 4858 declarato·

341 4942 446 5003 rum,
465 4913 587 4993 dictus
599 4915 773 5007 ballivus,
791 4915 838 4992 ad
854 4917 1072 4994 instanciam
1088 4916 1186 4993 dicte
1204 4914 1373 5003 domine,
1390 4912 1664 5019 possessionem
1683 4911 1761 4988 dic-

341 5061 469 5123 torum
478 5040 685 5134 bonorum,
700 5072 787 5122 eum
800 5072 875 5123 non
886 5061 1074 5135 vocatum,
1088 5043 1306 5131 attinebat,
1320 5043 1542 5151 spoliaverat
1553 5043 1706 5149 injuste,
1721 5056 1758 5117 et
