4450 6209
743 730 1011 837 rnourrrs
1036 744 1102 817 rr
1128 724 1333 819 raucas.
1371 829 1379 841 ,
1677 748 1749 819 aar

335 902 488 965 centum
505 884 658 993 triginta
674 886 789 967 libras
808 905 847 966 et
865 906 1027 997 quatuor
1046 884 1207 977 solidos,
1229 871 1469 965 mandabitur
1487 884 1626 965 ballivo
1643 888 1752 967 Viro·
1789 901 1919 955 rariori
1932 898 1976 961 tv,

334 1016 532 1097 mandensi
549 1018 675 1125 quod,
689 1022 828 1101 vocatis
845 1021 1015 1128 personis
1029 1018 1106 1098 illis
1121 1020 1170 1099 de
1185 1019 1325 1128 quibus
1337 1018 1478 1097 dieitur
1490 1045 1656 1097 summas
1670 1046 1755 1125 pre-
1853 992 1915 1035 ¹³¹⁰'

336 1149 454 1227 dictas
471 1147 669 1229 extorsisse
686 1150 746 1229 vel
764 1152 893 1230 minus
914 1149 1016 1261 juste
1043 1146 1245 1258 recepisse,
1275 1168 1313 1228 et
1337 1148 1513 1228 omnibus
1538 1148 1622 1228 aliis
1648 1150 1696 1229 de
1717 1176 1755 1226 se

336 1278 519 1387 conqueri
537 1278 752 1359 volentibus
777 1310 892 1388 super
909 1282 1088 1388 predictis
1108 1299 1146 1359 et
1169 1280 1251 1359 eliis
1270 1306 1345 1387 que
1369 1297 1497 1361 contra
1523 1282 1647 1387 ipsum
1669 1305 1758 1386 pro-

336 1408 549 1515 posuerint,
583 1408 722 1489 auditis
746 1412 939 1518 pertibus,
971 1413 1114 1492 eisdem
1140 1412 1314 1491 exhibeat
1339 1412 1387 1489 de
1407 1411 1524 1518 ·pieno
1553 1428 1591 1489 et
1620 1410 1759 1516 absque

337 1540 498 1645 strepitu
511 1539 664 1647 judicii,
684 1542 819 1621 ceteris
829 1544 986 1651 justicie
995 1544 1336 1651 compiementum,
1355 1538 1446 1621 aar
1466 1544 1590 1650 ipsum
1610 1542 1763 1619 invene—

339 1672 389 1747 rit
413 1671 454 1749 in
476 1670 654 1776 predictis
671 1673 732 1751 vel
759 1674 860 1765 aliis,
883 1674 1034 1756 racione
1056 1672 1267 1765 suiofficii,
1295 1675 1511 1765 excessisse,
1538 1662 1763 1783 condignam

339 1802 499 1907 proinde
519 1802 618 1881 levet
634 1803 681 1881 ab
700 1804 798 1910 ipso,
815 1834 885 1912 pro
901 1807 1029 1899 nobis,
1048 1802 1264 1896 emendam,
1281 1823 1321 1883 et
1341 1806 1532 1912 pendente
1546 1805 1763 1916 cognicione

339 1931 579 2039 hujusmodi,
595 1934 740 2013 dictum
756 1934 1008 2016 Guilleimum
1022 1938 1070 2015 ab
1086 1934 1213 2016 officio
1229 1964 1314 2025 suo,
1333 1937 1365 2015 si
1379 1936 1515 2015 viderit
1529 1935 1762 2026 faciendum,

339 2061 556 2170 suspendat.
1151 2062 1153 2067 ’
1402 2058 1407 2065 ’
1505 2074 1513 2087 “

395 2194 497 2273 Jovis
513 2212 601 2300 post
618 2196 848 2275 Brendones.

396 2324 581 2417 Decanur
591 2326 639 2403 de
655 2325 822 2405 Casseiio
841 2326 1054 2433 reportavit.

398 2454 668 2559 inquisitores:
689 2455 815 2535 Abbrs
841 2455 891 2534 de
917 2455 1149 2533 Charmevre
1174 2470 1213 2529 et
1239 2453 1420 2533 dominus
1438 2451 1582 2562 Symon
1600 2455 1650 2532 de
1672 2458 1769 2534 Mar-

343 2586 492 2692 chesyo.
1096 2580 1103 2592 ⁴

400 2849 511 2927 xxss.
541 2850 626 2928 Lite
648 2867 753 2929 mota
774 2848 874 2929 inter
896 2850 1086 2929 Andream
1106 2850 1155 2928 de
1175 2852 1335 2939 Varena,
1364 2850 1606 2958 armigerum,
1635 2878 1678 2927 ex
1696 2840 1772 2927 una

344 2998 472 3087 parto,
493 2998 533 3059 et
550 2980 714 3061 Alanum
737 2980 786 3059 de
808 2980 1005 3074 Dudonio,
1025 2982 1207 3071 militem,
1231 3008 1275 3061 aa
1294 2982 1431 3076 ariera,
1459 3008 1572 3089 super
1597 3005 1643 3059 eo
1666 2982 1772 3090 quod
1820 2986 1825 2997 '

348 3109 473 3187 dictus
486 3109 656 3190 Andreas
670 3109 821 3192 dicebat
834 3114 957 3219 qnod,
975 3143 1063 3193 curn
1076 3114 1157 3220 ipse
1170 3114 1210 3191 in
1223 3114 1326 3191 curia
1343 3114 1450 3192 ducis
1464 3112 1669 3202 Britannis,
1684 3132 1774 3191 con·

347 3240 404 3316 t'ra
425 3240 569 3319 dietum
584 3241 764 3333 Aianum,
786 3242 929 3322 diceret
946 3243 1053 3350 quod
1071 3262 1178 3349 pater
1197 3270 1303 3332 suus,
1324 3262 1496 3351 tempore
1513 3272 1590 3350 quo
1607 3242 1771 3335 vivebat,

348 3368 472 3448 fuerat
489 3371 530 3447 in
548 3370 650 3450 bona
670 3373 804 3451 saisina
823 3373 991 3480 ponendi
1009 3397 1145 3481 porros
1165 3392 1205 3451 et
1223 3369 1351 3451 omnia
1367 3369 1543 3451 animalia
1557 3392 1622 3451 sua
1642 3372 1690 3451 ad
1709 3372 1775 3451 de-

349 3502 636 3607 pascendumin
650 3502 863 3612 insulaque
876 3503 1014 3583 dieitur
1026 3503 1261 3610 Magna-isla,
1279 3504 1382 3582 idem
1398 3502 1509 3581 miles
1522 3519 1667 3610 patrem
1683 3502 1775 3581 dicti

348 3632 499 3713 Andree
520 3634 760 3713 dassisiverrt
784 3636 834 3715 de
857 3635 1055 3743 predictis,
1082 3650 1124 3712 et
1146 3660 1259 3742 super
1277 3636 1356 3712 hoc
1372 3650 1519 3740 peteret
1535 3660 1575 3711 se
1595 3633 1772 3725 resaisiri,

349 3764 460 3855 item,
478 3781 518 3843 et
528 3766 635 3873 quod
646 3767 752 3847 idem
766 3766 876 3846 midos
889 3782 930 3845 et
942 3783 1171 3875 paterenus,
1186 3766 1229 3842 iu
1240 3764 1381 3845 foresta
1393 3765 1442 3843 ds
1455 3760 1631 3854 Cellario,
1646 3790 1776 3873 garan—

192 3906 198 3915 '
350 3922 439 3973 nam
459 3924 595 3975 novam
612 3896 798 3988 fecerant,
819 3914 952 3976 contra
973 3896 1289 3977 consuetudinem
1308 3895 1517 4003 antiquam,
1539 3911 1670 4001 potens
1689 3908 1781 4003 pre—'

353 4025 452 4103 dieta
465 4026 515 4103 ad
531 4027 706 4107 debitum
718 4045 858 4107 statum
874 4029 1025 4119 reduci,
1040 4030 1144 4108 idem
1160 4027 1291 4118 miles,
1306 4052 1474 4107 asserent
1484 4054 1540 4115 se,
1558 4026 1606 4105 eb
1620 4026 1776 4104 audien·

353 4156 410 4233 cie
425 4154 515 4233 dicti
531 4156 653 4248 ducis,
669 4158 719 4235 ad
732 4156 901 4237 noitraur
915 4159 1058 4238 curium
1073 4158 1278 4265 appellasse
1295 4176 1333 4237 et
1347 4160 1471 4237 adhue
1482 4156 1775 4263 appeilacionem

353 4284 574 4393 hujusmodi
593 4288 634 4365 iu
650 4304 778 4367 nostra
796 4289 899 4365 curia
918 4288 1101 4393 pendere,
1122 4304 1216 4365 etse
1237 4304 1453 4394 exemptum
1475 4308 1556 4363 esse
1570 4310 1593 4363 t
1605 4285 1778 4391 jurisdic-

354 4418 459 4495 tione
484 4417 576 4498 dicti
602 4417 726 4508 ducis,
751 4418 944 4525 pendente
966 4417 1224 4526 uppeidacione
1246 4417 1430 4524 predicti,
1459 4414 1586 4492 noluit
1607 4413 1645 4489 in
1674 4416 1776 4491 curia

356 4547 448 4625 dicti
472 4548 716 4658 ducis-super
737 4549 930 4658 premissis
945 4550 1197 4656 respondere,
1222 4574 1311 4627 eum
1337 4546 1460 4627 dictus
1482 4542 1591 4623 milas
1612 4544 1779 4651 predicta

356 4677 483 4757 adhuc
505 4681 676 4763 definere
688 4710 757 4763 ssu
772 4681 936 4761 detineri
955 4680 1076 4761 fauere
1090 4681 1249 4773 dicauit,
1268 4680 1309 4757 in
1329 4679 1538 4785 dampnum
1558 4692 1596 4753 ct
1614 4673 1781 4783 prejudi-

359 4808 462 4887 cium
480 4840 559 4892 non
576 4814 773 4895 modicum
787 4814 882 4911 dieti,
893 4812 1063 4903 Andree,
1084 4810 1306 4919 suppiiuavit
1324 4809 1429 4890 idem
1445 4807 1615 4887 Andreas
1631 4836 1651 4885 a
1670 4808 1780 4887 nobis

358 4942 560 5047 superbiis
573 4944 644 5025 sibi
657 4945 866 5053 provideri3
879 4969 1055 5026 nosvero
1064 4944 1205 5025 ballivo
1219 4960 1348 5025 nostru
1362 4936 1576 5021 Turonensi
1591 4938 1782 5017 mandavi-

360 5094 446 5152 mus
465 5092 504 5154 et
521 5077 779 5160 commisimus
792 5078 985 5187 quidm
1006 5080 1039 5159 si
1056 5078 1129 5159 sibi
1146 5075 1332 5187 iegittime
1349 5088 1536 5155 mutuaret
1553 5070 1659 5179 quod
1677 5067 1779 5146 idem

1602 5222 1652 5287 66.
