4450 6209
751 721 1020 834 uuourtrus
1045 743 1108 815 ur
1136 725 1342 816 reoous.
1686 747 1755 820 esi

384 875 470 962 XX.
500 882 598 962 Cum
611 881 651 959 in
666 883 768 960 cruia
783 883 831 960 de
844 881 1121 990 Gysenecourt,
1139 909 1208 988 per
1226 882 1401 960 homines
1418 882 1572 961 domine
1586 884 1636 964 de
1651 886 1763 995 Cruy-
1800 897 1930 953 Parum
1946 899 1989 962 tv,

337 1014 462 1106 sillae,
482 1013 695 1121 judicantes
719 1013 759 1089 in
787 1013 886 1092 dicta
909 1011 1035 1106 curia,
1060 1013 1139 1092 viso
1163 1040 1340 1118 processu
1358 1012 1456 1094 facto
1479 1015 1580 1092 inter
1602 1016 1762 1124 Stepha-
1860 989 1922 1034 Μ’

337 1173 430 1222 num
443 1145 491 1222 de
504 1143 699 1235 Biauviler,
717 1142 956 1233 semiferum,
971 1171 1015 1222 ex
1029 1171 1105 1221 uua
1119 1160 1243 1250 parte,
1260 1162 1298 1222 et
1316 1143 1513 1222 dominum
1526 1145 1626 1224 dicte
1641 1147 1760 1236 curie,

338 1305 382 1356 ex
402 1275 531 1367 altera,
553 1301 667 1382 snper
686 1303 733 1354 eo
752 1274 858 1382 quod
876 1275 1000 1352 dietus
1015 1273 1169 1352 scutifer
1187 1274 1409 1381 requisierat
1426 1277 1532 1383 quod
1552 1277 1675 1356 dietus
1694 1277 1764 1356 do-

336 1407 461 1484 miuus
484 1407 647 1483 mandem
673 1405 857 1512 reciperet
880 1406 928 1483 ad
953 1405 1173 1515 homagium
1193 1428 1307 1484 sunm
1327 1406 1492 1484 deterre
1516 1408 1594 1486 dou
1612 1408 1762 1496 Kesnel,

336 1563 412 1643 que
425 1535 547 1613 furerat
562 1535 690 1614 matris
702 1564 786 1625 sue,
800 1551 845 1613 ut
863 1535 1027 1625 dicebat,
1037 1535 1201 1641 visisque
1212 1534 1444 1625 racionibus,
1459 1565 1504 1614 ea
1518 1553 1622 1642 parte
1634 1539 1763 1618 lacobi

337 1666 385 1742 de
399 1666 513 1758 Mori,
529 1664 672 1754 militis,
691 1664 884 1752 exhibitis,
902 1693 971 1771 per
984 1693 1078 1772 quas
1092 1665 1172 1770 ipse
1191 1664 1382 1744 nitebatur
1395 1665 1602 1746 defendere
1618 1667 1763 1754 dictrrm

336 1795 537 1872 dominum
556 1823 605 1872 ne
624 1793 745 1872 facere
764 1811 959 1873 teneretur
976 1811 1192 1901 requestam
1214 1793 1441 1898 predictam
1461 1795 1565 1876 dicto
1586 1797 1762 1876 seutisero

336 1953 356 2002 e
376 1925 580 2013 contrario,
603 1923 778 2030 pluribus
797 1923 1027 2013 rarioribus,
1049 1939 1286 2031 proponente
1304 1923 1426 2031 quod,
1447 1927 1658 2005 secundum
1677 1955 1763 2034 pro

334 2082 480 2133 cessum
496 2082 610 2162 super
625 2055 699 2136 hoc
717 2055 890 2133 habitum
907 2055 1007 2132 iuter
1027 2054 1145 2133 dictas
1157 2071 1299 2161 partes,
1316 2055 1477 2161 predicti
1495 2056 1628 2134 militis
1646 2058 1763 2136 racio

335 2214 402 2264 nes
426 2214 504 2264 uon
530 2186 722 2264 debebant
744 2185 910 2277 admitti,
936 2183 1097 2293 predicti
1121 2185 1314 2275 bornines,
1337 2213 1407 2290 per
1426 2215 1539 2264 suum
1553 2187 1759 2293 judicium,

332 2316 646 2421 pronunciassent
664 2316 768 2422 quod
789 2316 910 2393 dictus
929 2315 1055 2404 miles,
1078 2314 1145 2421 qui
1168 2313 1398 2394 sufficienter
1420 2316 1623 2422 requisitus
1641 2316 1762 2395 fuerat

334 2444 440 2552 quod
460 2444 602 2522 dictum
622 2445 821 2523 domiuum
841 2461 971 2524 contra
991 2443 1131 2522 dictam
1150 2461 1364 2552 requestam
1383 2444 1617 2536 defenderet,
1634 2449 1762 2526 etboe

333 2547 560 2654 saeere'tunc
572 2575 760 2666 noluerat,
775 2575 888 2654 nimis
903 2575 1009 2654 tarde
1026 2576 1144 2656 modo
1155 2574 1327 2655 veniebat
1342 2575 1391 2654 ad
1405 2575 1550 2654 dictum
1561 2576 1760 2660 dominum

334 2704 637 2798 defendendum,
667 2724 706 2785 et
728 2707 834 2815 quod
858 2706 938 2814 ejus
961 2707 1134 2786 raciones
1158 2735 1252 2814 quas
1276 2707 1358 2814 ipse
1381 2706 1499 2786 modo
1522 2709 1760 2816 proponebat

333 2863 410 2914 uon
426 2835 614 2916 debebant
632 2837 798 2929 admitti;
820 2865 933 2945 aquo
946 2838 1133 2946 judicato,
1153 2855 1346 2946 tamquam
1363 2837 1457 2916 falso
1478 2853 1516 2916 et
1532 2864 1662 2944 pravo,
1680 2839 1759 2918 dic—

332 2984 395 3046 tus
414 2968 525 3046 miles
545 2967 593 3045 ad
613 2968 757 3046 dictum
776 2970 916 3076 Regem
937 2967 1136 3076 appellavit
1155 3000 1165 3046 r
1190 2967 1341 3048 Auditis
1358 2967 1474 3075 igitur
1491 2967 1661 3074 partibus
1678 2999 1761 3077 pre-

334 3097 443 3177 dictis
457 3100 497 3176 io
516 3127 625 3177 causa
645 3098 744 3177 dicta
763 3099 1030 3207 appellacionis
1047 3116 1087 3177 et
1102 3097 1190 3178 visis
1206 3099 1445 3208 processibus
1459 3099 1642 3206 predictis
1658 3101 1760 3180 curie

334 3246 461 3306 nostre
477 3229 642 3318 traditis,
659 3257 728 3335 per
745 3230 848 3308 curie
864 3247 991 3308 nosue
1006 3229 1213 3337 judicium,
1234 3230 1378 3308 dimum
1394 3229 1466 3308 fuit
1481 3230 1673 3337 predictos
1691 3233 1761 3310 ho-

335 3361 455 3437 miues
475 3358 574 3438 bene
597 3360 786 3467 judicasse
811 3376 851 3438 et
874 3359 1017 3438 dictum
1045 3360 1207 3439 militem
1227 3360 1326 3438 male
1345 3360 1568 3468 appellasse,
1594 3379 1634 3438 et
1655 3365 1760 3468 quod

337 3491 416 3597 ipse
437 3492 510 3570 hoc
529 3490 756 3570 emendabit.

389 3623 497 3700 Lune
516 3639 600 3699 aute
620 3624 759 3700 Remos
773 3621 997 3700 Palmarum.

389 3883 483 3961 XXI.
514 3884 597 3960 Lite
625 3902 749 3974 mota,
780 3885 820 3960 in
849 3883 952 3962 cuma
974 3901 1118 3974 nocua,
1140 3885 1241 3962 iuter
1265 3884 1439 3962 abbatem
1466 3902 1505 3963 et
1530 3901 1756 3964 conventum

333 4013 670 4121 Regalis-Montis,
693 4041 737 4090 ex
755 4031 859 4121 parte
878 4043 972 4102 una,
999 4033 1038 4093 et
1060 4016 1273 4104 lohannem
1296 4015 1345 4094 de
1370 4017 1603 4107 blanoscum,
1626 4017 1757 4095 castel·

332 4144 462 4222 lanum
481 4145 665 4235 Therote,
688 4169 732 4221 ex
751 4143 881 4237 altera,
903 4172 1017 4250 super
1036 4146 1207 4251 eoquod
1226 4145 1318 4224 dicti
1336 4146 1502 4254 religiosi
1520 4145 1698 4226 dicebant
1714 4175 1754 4226 se

333 4303 412 4354 esse
438 4275 479 4351 in
497 4274 630 4353 saisina
654 4274 833 4364 ducendi,
853 4301 921 4382 per
939 4274 1136 4354 cheminos
1153 4291 1192 4352 et
1217 4274 1408 4356 districtus
1431 4277 1522 4354 dicti
1541 4276 1752 4367 castellam,

330 4406 429 4485 bona
455 4405 513 4484 sui
535 4406 753 4484 monasterii
773 4406 894 4484 libere
915 4423 953 4484 et
970 4405 1110 4512 absque
1130 4405 1362 4511 prestaoione
1380 4405 1551 4514 pedagii,
1578 4421 1754 4511 pontana·

330 4536 381 4645 gii
404 4564 471 4615 seu
489 4536 642 4615 alterius
662 4554 851 4626 costuma,
874 4565 989 4645 quare
1009 4536 1188 4644 petebant
1210 4536 1367 4645 pignora
1390 4553 1498 4642 capta
1521 4563 1589 4641 per
1610 4534 1753 4612 dictum

331 4666 591 4756 castellanum,
612 4695 681 4775 pro
699 4668 858 4777 pedagio
875 4668 979 4776 quod
994 4665 1145 4746 volebat
1163 4666 1309 4774 exigere
1328 4668 1377 4745 de
1396 4665 1625 4774 quibusdam
1642 4665 1753 4744 bonis

332 4825 406 4905 que
432 4797 522 4875 dicti
549 4798 713 4907 religiosi
733 4800 820 4877 duci
847 4798 1032 4877 faciebant
1052 4799 1094 4876 in
1114 4798 1275 4907 quadam
1292 4798 1394 4891 navi,
1415 4796 1535 4878 dictos
1557 4795 1753 4905 religiosos
1806 4874 1814 4894 ,

333 4928 372 5004 iu
398 4927 530 5006 saisina
552 4957 618 5008 sua
637 4930 818 5010 libertatis
839 4931 1007 5037 predicte
1028 4947 1067 5008 et
1086 4930 1135 5008 de
1159 4957 1257 5007 novo
1281 4928 1449 5008 indebite
1475 4926 1749 5035 perturbando;

335 5058 383 5136 de
402 5059 540 5166 quibus
559 5061 780 5168 pignoribus
796 5061 889 5141 sacta
909 5062 982 5140 luit
1002 5061 1239 5141 recredencia
1257 5059 1349 5168 ipsis
1367 5059 1570 5170 religiosis,
1590 5085 1659 5165 per
1674 5083 1751 5133 ma-

1570 5211 1621 5274 82.
