4450 6209
503 752 578 824 288
1084 752 1174 823 LES
1204 748 1343 823 OLIM.

275 902 405 955 earnm
418 902 461 965 IV.
510 909 549 968 et
568 891 740 998 inquesta
759 918 873 998 snper
894 890 967 967 boc
985 889 1079 967 facta
1098 889 1146 967 ad
1167 890 1306 967 curiam
1323 906 1489 967 nostram
1505 904 1707 996 reportata,
1723 890 1798 967 visa
1813 909 1851 969 et
1871 896 1927 972 di-

337 995 399 1036 ¹³⁰⁸'
509 1022 672 1127 ligenter
684 1024 904 1109 examinata,
922 1050 990 1127 per
1003 1022 1105 1097 curie
1119 1039 1245 1099 nostre
1258 1020 1461 1128 judicium,
1477 1020 1620 1097 dictum
1631 1018 1704 1096 fuit
1718 1023 1923 1126 predictam

508 1154 700 1230 dominam
722 1151 839 1231 nichil
862 1151 1074 1257 probavisse
1094 1180 1210 1259 quare
1225 1152 1386 1259 judicari
1402 1179 1479 1247 non
1497 1152 1633 1230 debeat
1650 1153 1823 1259 inquesta
1840 1184 1925 1260 pre-

508 1285 624 1372 dicta,
648 1299 685 1359 et
706 1283 827 1389 quod,
852 1310 930 1358 non
955 1282 1190 1360 obstantibus
1212 1310 1255 1359 ex
1276 1298 1380 1388 parte
1402 1283 1500 1361 dicte
1528 1283 1682 1361 domine
1703 1286 1921 1389 propositis,

505 1415 607 1490 curia
627 1430 752 1490 nostra
767 1411 954 1520 judicabit
968 1414 1178 1520 inquestam
1197 1411 1416 1519 predictam.

557 1544 657 1621 Jovis
676 1559 761 1649 post
779 1542 1042 1620 Candelosam.

556 1672 779 1780 Pasquerius
798 1679 1011 1778 reportavit.

558 1936 682 2011 XXIII.
713 1936 812 2013 Cum
831 1949 933 2012 mota
952 1933 1083 2014 fuisset
1102 1934 1288 2013 discordia
1305 1963 1430 2013 coram
1448 1934 1585 2013 ballivo
1606 1936 1751 2014 domini
1766 1938 1922 2017 Montis·

503 2066 743 2155 Morencinci‚
769 2065 867 2141 inter
885 2065 1122 2141 Bocbardum
1146 2065 1192 2141 de
1212 2066 1363 2155 La·Val‚
1383 2066 1561 2155 militem,
1585 2094 1628 2143 ex
1648 2095 1722 2143 una
1744 2085 1865 2174 parte,
1886 2086 1922 2144 et

504 2195 697 2273 dominam
714 2196 762 2272 de
777 2196 1033 2283 Horou-Villa,
1049 2223 1093 2271 ex
1108 2195 1367 2301 altera‚super
1381 2224 1426 2272 eo
1442 2197 1548 2303 quud
1562 2195 1686 2275 dictus
1706 2198 1817 2275 miles
1835 2227 1921 2303 pro-

503 2326 666 2429 ponebat
681 2354 720 2403 se
738 2341 776 2402 et
789 2328 1074 2432 predecessores
1092 2353 1182 2403 suos
1201 2324 1314 2402 luisse
1330 2326 1444 2435 longo
1456 2342 1627 2434 tempore
1645 2345 1683 2406 et
1697 2356 1776 2405 esse
1795 2328 1836 2404 in
1856 2329 1922 2405 sai·

503 2456 581 2531 sina
594 2456 746 2561 pacifica
756 2456 988 2563 percipiendi
1000 2474 1038 2533 et
1047 2456 1229 2544 habendi,
1245 2438 1416 2562 quolibet
1429 2485 1542 2546 anno,
1557 2457 1798 2565 quadraginta
1810 2458 1921 2537 libras

504 2587 618 2662 annui
637 2587 808 2663 redditus
822 2614 936 2692 super
949 2588 1100 2696 grangia
1117 2604 1155 2664 et
1166 2586 1251 2665 villa
1271 2588 1318 2665 de
1337 2587 1577 2667 Hercu-Villa
1587 2606 1625 2665 et
1641 2588 1722 2695 ejus
1737 2590 1922 2695 pertinen·

503 2716 586 2806 ciis,
604 2734 643 2792 et
657 2717 763 2823 quod
776 2717 874 2793 dicta
895 2717 1048 2794 domina
1069 2716 1301 2822 impediebat
1317 2734 1355 2795 et
1368 2718 1610 2823 perturbabat
1623 2720 1747 2825 ipsum
1763 2718 1811 2796 de
1826 2748 1921 2796 novo

503 2848 542 2922 in
563 2848 662 2923 dicta
674 2848 807 2923 saisina
822 2848 960 2953 injuste
978 2863 1016 2923 et
1032 2847 1110 2925 sine
1126 2877 1249 2936 causa,
1265 2848 1451 2954 predictas
1465 2849 1708 2957 quadraginta
1722 2848 1836 2927 libras
1851 2850 1921 2927 sol-

504 3004 604 3064 vere,
621 3004 690 3080 per
706 2976 903 3052 biennium
920 2976 1159 3086 denegando,
1177 2978 1273 3054 dicta
1286 2977 1439 3067 domina
1457 2979 1530 3056 hoc
1550 2997 1725 3085 negante,
1749 2998 1787 3057 et
1805 2980 1921 3056 multa

504 3106 598 3181 lacta
610 3106 791 3181 contraria
805 3107 852 3182 ad
868 3106 926 3182 sui
942 3106 1201 3185 defensionem
1211 3126 1463 3214 proponente,
1480 3108 1737 3215 postmodum,
1751 3110 1921 3215 inquesta

503 3235 613 3326 facta,
628 3236 675 3313 de
689 3237 864 3315 mandato
876 3237 966 3315 dicti
974 3237 1120 3327 ballivi,
1134 3267 1246 3343 super
1255 3240 1456 3345 propositis
1468 3239 1607 3316 edictis
1618 3240 1787 3346 partibus
1798 3268 1921 3317 coram

505 3395 569 3458 eo,
585 3384 622 3442 et
632 3366 696 3444 lite
711 3367 836 3444 adhuc
849 3369 1056 3473 pendente,
1069 3368 1277 3447 inhibitum
1291 3368 1376 3459 fuit,
1394 3397 1437 3445 ex
1452 3386 1554 3475 parte
1571 3387 1712 3458 nostra,
1727 3369 1829 3447 dicto
1844 3370 1922 3447 bal·

503 3492 593 3584 livo,
616 3524 659 3572 ex
678 3514 780 3575 certa
799 3526 923 3589 causa,
945 3527 994 3575 ne
1013 3498 1060 3575 de
1077 3499 1175 3575 dicta
1191 3527 1299 3577 causa
1316 3499 1477 3604 amplius
1493 3518 1747 3607 cognosceret,
1765 3516 1822 3589 et,
1846 3498 1921 3575 dic-

502 3626 550 3699 tis
568 3627 755 3730 partibus,
776 3655 826 3703 ne
847 3627 895 3702 de
916 3627 1014 3703 dicta
1034 3656 1142 3704 causa
1163 3656 1288 3706 coram
1304 3656 1349 3705 eo
1369 3629 1579 3736 litigarent;
1599 3659 1674 3736 qua
1687 3627 1920 3707 inhibicione

503 3782 581 3829 non
596 3754 783 3847 obstante,
797 3755 920 3833 dictus
932 3756 1091 3834 ballivus
1106 3758 1146 3833 in
1164 3759 1263 3835 dicta
1282 3788 1389 3837 causa
1405 3760 1629 3865 procedens,
1648 3760 1786 3837 dictam
1805 3760 1920 3836 domi·

503 3886 590 3958 nam
604 3886 731 3988 posuit
744 3886 783 3959 in
799 3885 965 3974 defectu,
980 3903 1018 3962 et
1032 3887 1166 3991 ipsam,
1183 3916 1251 3994 per
1264 3918 1375 3967 suum
1386 3890 1615 3999 judicatum,
1629 3890 1816 3997 reputavit
1830 3917 1918 3966 con-

502 4029 712 4104 tumacem3
734 4042 849 4120 aquo
868 4015 1054 4120 judicato,
1073 4034 1265 4124 tamquam
1286 4048 1307 4095 a
1326 4018 1417 4096 falso
1444 4038 1481 4097 et
1499 4048 1627 4126 pravo,
1650 4020 1748 4097 dicta
1766 4019 1919 4097 domina

503 4141 551 4216 ad
570 4160 734 4219 nostram
756 4144 899 4220 curiam
918 4146 1132 4250 appellarim
1153 4148 1320 4254 partibus
1337 4177 1426 4227 vero
1441 4151 1579 4227 auditis
1599 4151 1638 4227 in
1656 4152 1757 4227 cirria
1775 4168 1915 4239 nostra,

502 4272 541 4347 in
560 4301 668 4351 causa
683 4272 946 4380 appellacionis
964 4276 1149 4382 predicte,
1171 4280 1462 4383 pronunciatum
1479 4280 1567 4370 fuit,
1582 4308 1650 4387 per
1670 4281 1772 4358 curie
1792 4300 1917 4357 nostre

496 4403 701 4508 judicium,
715 4406 860 4481 dictum
877 4405 1057 4484 ballivum
1072 4408 1168 4484 male
1181 4408 1385 4514 judicasse,
1401 4428 1439 4487 et
1455 4411 1590 4487 dictam
1610 4410 1800 4488 dominam
1819 4410 1917 4488 bene

502 4534 723 4638 appellasse,
746 4538 867 4642 et'per
886 4537 988 4614 idem
1001 4537 1188 4644 judicium
1209 4539 1350 4616 dictum
1370 4538 1443 4617 tuit
1459 4540 1595 4617 dictam
1615 4570 1762 4617 causam
1780 4542 1917 4646 princi-

416 4768 420 4776 .
501 4663 625 4767 palem
645 4664 783 4743 debere
804 4696 873 4771 per
887 4684 1054 4745 nostram
1076 4669 1217 4745 curiam
1230 4669 1390 4776 judicari
1413 4702 1421 4746 ε
1441 4672 1634 4761 Tandem,
1657 4672 1733 4751 visa
1747 4673 1916 4777 inquesta

501 4790 599 4867 dicte
620 4822 726 4871 cause
746 4796 978 4901 principalis,
999 4797 1085 4875 visis'
1105 4798 1223 4874 eciam
1243 4798 1324 4877 aliis
1343 4801 1577 4906 processibus
1596 4800 1809 4889 antedictis,
1829 4830 1916 4907 pro·-

501 4922 718 4998 nunciatum
728 4923 810 5015 fuit,
820 4956 890 5032 per
898 4927 1000 5005 curie
1012 4946 1140 5006 nostre
1145 4929 1350 5036 judicium,
1362 4931 1677 5036 impedimentum
1684 4932 1913 5039 predictum,

502 5050 712 5157 appositum
732 5053 771 5131 in
785 5056 963 5158 predictis
981 5085 1049 5162 per
1063 5057 1201 5135 dictem
1215 5058 1425 5150 dominam,
1442 5059 1581 5139 debere
1596 5061 1778 5151 amoveri,
1794 5079 1832 5140 et
1843 5061 1915 5140 dio-
