4450 6209
525 705 598 779 602
1102 707 1194 779 tus
1223 706 1361 780 OLIM.

298 851 428 908 Panum
441 854 484 921 IV.
524 845 617 922 dixit
635 844 759 922 eidem
780 873 820 922 ac
839 845 962 951 ipsum
983 845 1147 924 minatus
1165 845 1251 935 luit,
1270 873 1417 924 necnon
1431 847 1537 951 quod
1555 846 1706 926 Belutus
1723 865 1763 926 et
1783 847 1936 929 Galetus

359 943 423 988 1le.

523 993 561 1054 ct
575 975 731 1084 quidam
746 975 808 1052 alii
824 975 1028 1056 servientes
1042 976 1133 1055 dicti
1143 975 1332 1054 castellani
1346 1004 1481 1054 manus
1493 976 1675 1054 violentas
1687 978 1727 1053 in
1741 1007 1937 1084 personam

523 1106 613 1184 dicti
628 1107 763 1212 prioris
780 1106 1003 1213 injecerunt,
1020 1105 1191 1214 pluribus
1206 1107 1417 1186 videntibus
1429 1124 1467 1185 et
1481 1107 1521 1186 iu
1533 1108 1618 1186 loc'o
1632 1107 1802 1214 publico,
1817 1125 1856 1187 et
1867 1141 1938 1189 ves

521 1256 578 1316 tes
595 1237 683 1315 dicti
705 1236 839 1342 prioris
854 1235 1150 1327 delaninverunt,
1166 1237 1266 1316 dicto
1284 1235 1482 1316 castellano
1496 1240 1597 1344 ipsos
1611 1239 1814 1318 servientes
1827 1269 1936 1346 super

520 1367 594 1446 hoc
619 1369 798 1448 advoante
824 1385 862 1446 et
880 1369 953 1447 boc
972 1385 1095 1446 ratum
1115 1368 1276 1447 habente
1301 1398 1344 1446 sc
1363 1368 1510 1447 dicente
1530 1371 1651 1476 quod,
1664 1371 1696 1448 si
1721 1399 1808 1448 cum
1829 1371 1934 1449 dictis

521 1499 770 1578 servientibus
785 1516 876 1577 tunc
892 1497 1038 1588 fuisset,
1055 1497 1179 1577 adhuc
1196 1500 1306 1607 pejus
1322 1499 1424 1577 dicto
1439 1499 1555 1605 priori
1575 1501 1785 1593 accidisset,
1800 1519 1839 1578 et
1849 1504 1935 1578 assi·

519 1631 591 1709 sias
615 1648 700 1739 post
724 1629 931 1736 predictam
957 1629 1228 1709 inbibiciouem
1251 1631 1375 1707 tenuit
1397 1630 1435 1706 in
1465 1630 1549 1708 loco
1574 1632 1814 1710 contencioso
1841 1634 1934 1712 inter

518 1760 868 1869 partes-predictam
893 1759 1032 1866 quibus
1054 1759 1251 1867 diligenter
1275 1760 1447 1850 attentis,
1470 1789 1539 1866 per
1561 1761 1665 1839 curie
1689 1779 1817 1841 nostre
1833 1763 1934 1870 judi·

520 1893 641 1983 cium,
658 1893 781 1969 dictus
796 1889 1031 1979 castellanus,
1046 1891 1217 1996 predicto
1229 1890 1365 1996 priori,
1380 1890 1585 1968 incentum
1599 1891 1706 1968 libris
1719 1907 1759 1968 et
1772 1892 1882 1972 uobis
1896 1895 1932 1972 in

521 2021 694 2102 ducentis
722 2019 830 2101 libris
847 2022 1128 2100 Turonensium
1149 2048 1365 2127 parvorum,
1391 2049 1461 2127 pro
1485 2021 1680 2127 predictis,
1707 2021 1830 2100 extitit
1848 2051 1933 2102 con·

519 2155 950 2258 dampnatus,reservata
961 2153 1069 2230 dictis
1080 2152 1248 2259 partibus
1255 2151 1469 2258 questione,
1482 2152 1812 2258 tampossessionis
1824 2181 1932 2259 quiam

517 2283 771 2390 proprietatis,
788 2311 901 2388 super
914 2284 1029 2361 rebus
1044 2283 1144 2361 inter
1158 2279 1257 2388 ipsas
1272 2281 1534 2370 contenciosis,
1551 2299 1590 2360 et
1600 2282 1841 2361 mandabitur
1855 2285 1931 2362 bal-

515 2413 591 2492 livo
609 2413 834 2492 Bituricensi
854 2413 960 2520 quud
981 2412 1125 2492 dictum
1144 2411 1385 2492 medanum
1403 2411 1605 2517 compellat
1620 2413 1669 2490 ad
1685 2415 1926 2518 prestandum

517 2545 618 2624 dictu
630 2544 747 2652 priori
761 2543 989 2652 legittimum
1001 2559 1360 2634 assecuramentum,
1372 2543 1404 2620 si
1417 2571 1439 2617 a
1453 2541 1555 2621 dicto
1568 2542 1704 2648 priore,
1719 2572 1834 2650 super
1845 2546 1928 2633 boc,

515 2673 631 2754 buerit
651 2674 866 2782 requisitus.

573 2805 737 2886 Sabbato
756 2822 843 2912 post
860 2803 1143 2883 Penthecosten.

572 2937 745 3014 Decanus
764 2936 989 3015 casletensis
1007 2936 1222 3042 reportavit.

570 3196 694 3276 XCIV.
723 3195 807 3276 Lite
819 3213 937 3287 mota,
952 3195 1104 3273 incuria
1115 3197 1590 3286 nostrs,interPetrumde
1603 3195 1858 3287 Cbambliaco,
1870 3197 1930 3276 do·

514 3327 660 3406 minum
680 3328 727 3408 de
742 3327 877 3417 Ulmis,
892 3326 1069 3418 militem,
1088 3353 1132 3404 ex
1151 3343 1256 3433 parte
1274 3355 1362 3417 una,
1383 3345 1421 3405 et
1439 3329 1671 3406 Bernardum
1692 3328 1741 3406 de
1760 3329 1925 3420 Marolio,

512 3459 690 3549 militem,
712 3488 758 3538 ex
780 3459 912 3547 altera,
932 3486 1046 3564 super
1069 3485 1114 3537 eo
1138 3457 1244 3563 quod
1268 3455 1390 3536 dicttu
1406 3459 1538 3536 Petrus
1563 3459 1711 3538 dicebat
1727 3460 1835 3565 quod
1854 3489 1927 3536 ma-

513 3590 626 3698 gister
645 3589 878 3669 Guillermus
903 3589 1040 3668 Bardin
1062 3588 1302 3666 escambiavit
1320 3606 1358 3664 et
1374 3589 1526 3666 nomine
1546 3590 1632 3695 puri
1652 3591 1830 3668 escambii
1848 3617 1926 3696 per·

513 3722 671 3800 mansit
690 3750 774 3798 cum
794 3720 897 3800 dicto
911 3719 1021 3797 Petro
1037 3719 1240 3825 quamdam
1257 3719 1413 3796 domum
1429 3736 1593 3798 vocatam
1613 3721 1662 3800 de
1675 3720 1830 3828 Vaboyn
1844 3750 1923 3799 cum

513 3850 690 3929 omnibus
709 3850 786 3927 suis
801 3849 953 3957 juribus
972 3866 1010 3926 et
1028 3848 1285 3955 pertinenciis,
1304 3866 1517 3927 moventem
1535 3849 1583 3928 de
1600 3849 1715 3928 feodo
1736 3851 1825 3928 dicti
1843 3853 1925 3930 Ber-

513 3981 633 4068 nardi,
644 3981 692 4058 de
707 4007 781 4088 qua
796 3980 912 4058 domo
928 3997 966 4058 et
976 3979 1058 4088 ejus
1067 3979 1306 4085 pertinenciis
1321 3979 1443 4060 dictus
1458 3981 1634 4088 magister
1647 3979 1877 4060 Guillermus
1887 4009 1923 4060 se

440 4213 441 4218 Ἰ
513 4110 712 4201 desaisivit,
729 4111 881 4189 nomine
895 4111 982 4217 puri
998 4109 1194 4201 escambii,
1215 4110 1255 4188 in
1265 4139 1381 4188 manu
1394 4110 1520 4191 ballivi
1537 4111 1627 4189 dicti
1646 4108 1843 4199 Bernardi,
1859 4138 1923 4218 pro

512 4242 697 4322 saisiendo
718 4243 765 4320 de
785 4242 864 4349 ipsa
881 4243 1023 4320 dictum
1031 4243 1203 4332 Petrum
1218 4271 1333 4349 quam
1347 4228 1521 4319 saisinam
1537 4243 1658 4322 dictus
1672 4242 1847 4330 ballivus,
1863 4270 1923 4318 no·

510 4375 611 4452 mine
628 4375 717 4452 dicti
731 4373 913 4454 Beruardi
925 4392 962 4453 et
976 4401 1044 4480 pro
1061 4375 1156 4480 ipso,
1173 4374 1326 4479 recepit,
1345 4390 1383 4449 et
1396 4401 1482 4450 eam
1495 4390 1685 4480 receptam
1701 4374 1802 4451 dicto
1818 4374 1922 4450 Petro

509 4506 657 4583 tradere
677 4505 859 4582 recusavit
879 4504 1048 4582 indebite
1069 4520 1107 4582 et
1131 4503 1285 4611 injuste;
1303 4532 1419 4610 quare
1439 4502 1590 4609 petebat
1609 4504 1753 4590 dictum
1772 4505 1923 4581 Bernan

511 4635 603 4712 dum
621 4636 798 4743 compelli
813 4636 863 4713 ad
875 4634 1136 4741 recipiendum
1150 4635 1362 4740 predictum
1377 4636 1534 4712 Petrum
1550 4634 1589 4712 in
1604 4633 1680 4712 lide
1696 4651 1734 4711 et
1752 4634 1922 4740 homagio

510 4793 580 4845 suo
593 4768 653 4844 ·de
678 4768 793 4847 domo
814 4765 980 4872 predicta
1003 4767 1107 4846 etad
1132 4764 1358 4844 tradendum
1372 4765 1454 4842 ‘sibi
1478 4764 1819 4854 dictamdomum,
1842 4791 1922 4842 cum

508 4897 749 5003 pertinenciis
767 4898 845 4976 suis
871 4915 909 4974 et
933 4924 1021 4974 cum
1039 4895 1226 4974 fiuctibus
1237 4897 1428 5002 perceptis
1450 4911 1488 4972 et
1506 4894 1633 4974 levatis
1657 4893 1705 4972 ab
1726 4922 1770 4972 ea
1789 4910 1828 4971 et
1847 4895 1922 5001 ejus

507 5025 763 5132 pertinenciis,
789 5055 809 5101 a
837 5044 1007 5132 tempore
1028 5025 1271 5106 recusationis
1291 5026 1519 5132 supradicte,
1533 5025 1644 5104 dicto
1667 5024 1859 5103 Bernardo
1884 5024 1918 5098 in
