4450 6209
795 688 1063 799 avoutras
1088 707 1153 780 nr
1180 691 1387 783 procas.
1732 713 1800 784 197

380 853 492 930 illatis
511 851 561 929 ah
580 853 679 959 ipro,
701 850 774 929 sibi
800 851 1076 929 sentencialiter
1099 852 1395 959 condempnari:
1418 839 1604 942 Tandem,
1630 856 1804 961 inquesta
1843 861 1972 916 rmum
1987 863 2031 924 W»

344 1024 348 1035 ·
379 1013 493 1091 super
507 981 711 1071 hiielacta,
728 982 855 1060 viraet
874 981 1076 1090 diligenter
1094 983 1319 1074 examinata,
1337 985 1495 1090 predicti
1516 985 1763 1066 defendentes
1785 1013 1804 1062 a
1907 955 1968 996 mi

378 1115 547 1221 predicta
561 1115 653 1192 dicti
669 1111 820 1220 Nicolay
836 1113 1042 1220 peticione,
1060 1115 1192 1221 etipse
1208 1113 1381 1194 Nicolaus
1397 1146 1416 1194 a
1433 1118 1621 1222 peticione
1636 1117 1804 1224 predicta

379 1244 568 1323 dictorum
588 1244 898 1336 desendencium,
917 1273 986 1351 per
1003 1246 1106 1323 curie
1125 1263 1251 1326 nostre
1261 1247 1466 1364 jpdicium,
1487 1248 1642 1326 luerunt
1656 1263 1806 1326 senten,-

256 1454 262 1466 ,
378 1376 523 1453 cialiter
541 1376 716 1455 absoluti.
1257 1379 1272 1409 ‘

434 1508 534 1585 lovis
548 1525 634 1615 poet
652 1510 1003 1586 Sanctum-Lucam.

434 1638 774 1725 Sanctus-Obertus
788 1641 1000 1745 reportavit.

433 1905 524 1981 xvl.
556 1905 731 2008 laqueata
747 1903 841 1982 facta
855 1921 984 1984 contra
1003 1903 1206 2010 majorem,
1224 1904 1371 2011 juratos
1392 1921 1430 1982 et
1446 1906 1700 1984 communiam
1717 1906 1803 1984 Aru-

376 2035 594 2125 bianenaea,
625 2061 740 2140 super
765 2061 932 2114 renouare
962 2051 1127 2140 quatuor
1158 2033 1441 2115 malefactorum
1470 2036 1729 2125 bannitorum,
1765 2055 1802 2114 et

253 2195 258 2205 ’
376 2195 489 2271 anper
504 2165 701 2243 dirucione
716 2165 968 2271 quarumdam
985 2165 1207 2254 domorum,
1231 2181 1299 2244 etc.
1315 2165 1482 2273 judicata
1500 2165 1587 2256 luit,
1611 2184 1649 2244 et
1672 2155 1802 2274 postea

286 2400 290 2408 .
375 2299 561 2376 declarata
573 2296 647 2374 suit
669 2295 965 2402 condempnacio
984 2295 1033 2384 de
1053 2296 1181 2403 viginti
1197 2296 1321 2374 millia
1335 2296 1519 2375 librarum
1539 2288 1802 2410 l‘arisiensium

376 2429 475 2505 bone
492 2443 659 2504 monete.
1234 2427 1241 2436 '

431 2557 608 2636 Mercurii
629 2575 714 2663 poet
732 2558 968 2636 Nativitatem
983 2557 1152 2638 Domini.

431 2689 635 2767 Plaiaianue
651 2706 689 2766 et
701 2691 742 2766 P.
762 2690 810 2768 de
830 2690 914 2768 Dici
933 2705 1229 2795 reportaverunt.

306 2900 309 2905 λ
431 2821 551 2927 Hujus
559 2819 771 2927 judicatum
787 2835 825 2896 et
838 2819 1140 2928 ejus-declaracio
1156 2821 1296 2898 suntin
1311 2821 1436 2901 rourlo
1450 2822 1564 2929 hujus
1579 2821 1800 2928 parlamenti

374 2954 469 3029 circa
488 2952 670 3030 medium.

429 3218 540 3296 xvlt
568 3218 665 3296 Cum
687 3219 879 3298 internos
901 3219 1173 3296 etlehannem
1196 3218 1243 3294 de
1270 3219 1462 3305 Hamello,
1485 3220 1733 3325 armigerum,
1758 3249 1801 3296 ex

373 3377 447 3424 nna
466 3367 589 3455 parte,
612 3366 650 3427 et
668 3349 882 3427 Taxardnm
901 3349 949 3427 de
970 3349 1272 3437 Ribodi-Monte,
1296 3348 1472 3436 militem,
1496 3377 1539 3426 er
1563 3348 1696 3441 altera,
1714 3378 1801 3427 con-

373 3481 553 3557 troversia
571 3497 782 3558 verteretur
802 3509 917 3588 super
939 3509 986 3559 eo
1005 3481 1111 3588 quod
1132 3479 1256 3558 dictus
1282 3479 1442 3588 armiger
1462 3480 1611 3558 dicabat
1636 3499 1674 3558 et
1697 3510 1801 3558 avca-

373 3612 438 3688 hat
462 3611 618 3690 feodum
645 3614 794 3691 comitis
820 3613 869 3691 de
894 3614 1065 3702 Macariis
1091 3641 1206 3719 super
1231 3613 1422 3689 Ysarama
1448 3612 1557 3690 nobis
1584 3613 1800 3692 immediate

373 3771 540 3834 movere,
564 3743 667 3821 dicto
691 3744 862 3830 Tarardo
882 3745 922 3820 in
942 3744 1172 3822 contrarium
1186 3761 1382 3841 ‚asserente
1406 3731 1550 3822 dictum
1577 3743 1731 3825 feodum
1755 3748 1799 3824 ab

372 3874 453 3979 ipro
476 3875 696 3952 immediate
720 3875 858 3967 teneri,
882 3876 1068 3982 quosdam
1092 3897 1205 3982 super
1228 3877 1304 3954 lriia
1324 3877 1586 3983 deputavimus
1609 3876 1800 3958 auditores

372 4023 431 4093 ut,
457 4007 598 4085 vocatia
617 4006 754 4084 ballivo
776 4033 845 4084 eeu
876 4007 1075 4086 defensore
1099 4027 1231 4088 nostro
1255 4036 1324 4114 pro
1349 4007 1476 4098 nobis,
1507 4008 1608 4086 dicto
1629 4009 1798 4090 Johanne

365 4139 534 4216 aedicto
554 4135 725 4214 Taxardo
746 4154 785 4213 et
804 4137 887 4216 aliis
907 4139 1126 4227 evocandis,
1155 4139 1202 4215 de
1228 4156 1357 4217 nostro
1380 4149 1418 4214 et
1443 4138 1533 4218 dicti
1553 4138 1733 4216 lobannis
1758 4169 1799 4218 ac

279 4290 282 4294 ·
371 4270 463 4349 dicti
483 4269 644 4346 Taxardi
665 4268 772 4376 jure,
799 4295 914 4374 anper
933 4270 1006 4346 hoc
1027 4268 1264 4375 inquirerent
1282 4271 1496 4349 veritatem:
1518 4269 1603 4349 Visa
1627 4271 1741 4376 igitur
1761 4287 1799 4346 et

369 4400 573 4508 diligenter
589 4396 795 4478 examinata
815 4397 987 4504 inqueata
1005 4427 1120 4506 super
1139 4401 1212 4478 hoc
1231 4397 1344 4490 sacta,
1367 4398 1520 4502 quiade
1540 4399 1721 4479 citacione
1742 4399 1798 4476 vel

369 4537 568 4613 vocacione
595 4530 765 4640 parcium
793 4546 832 4608 et
861 4556 1028 4632 quormn
1050 4530 1244 4617 intererat,
1276 4549 1315 4608 et
1345 4560 1387 4608 err
1414 4547 1519 4638 parte
1548 4531 1655 4638 cujus
1683 4548 1798 4609 testes

369 4666 545 4771 producti
565 4663 720 4751 suerint,
748 4689 825 4743 non
846 4661 1047 4769 apparebat
1069 4689 1138 4767 per
1162 4661 1374 4767 inqueatam
1397 4661 1625 4768 predictam,
1651 4679 1689 4738 et
1712 4661 1797 4768 quia
1872 4773 1877 4780 .

369 4795 498 4900 plures
531 4824 575 4874 ex
607 4793 768 4874 testibus
793 4794 833 4871 in
865 4821 909 4870 ea
934 4792 1133 4898 productis
1164 4791 1290 4873 minus
1325 4793 1555 4876 sufficienter
1584 4794 1799 4902 interrogati

368 4925 837 5034 fuerant,pronuneiatum
845 4923 937 5015 luit,
951 4953 1021 5032 per
1032 4923 1136 5003 curie
1146 4941 1273 5002 nostra
1282 4923 1492 5031 judicium,
1505 4925 1619 5004 feodo
1628 4925 1797 5030 predicto
1907 4967 1913 4986 ·

370 5059 410 5135 in
429 5088 545 5138 manu
564 5077 691 5138 nostra
706 5076 942 5147 remanente,
964 5057 995 5134 ai
1016 5057 1238 5137 edmarum
1256 5061 1423 5137 nostram
1446 5077 1580 5164 captus·
1595 5057 1686 5150 fuit,
1703 5057 1797 5132 alio-
