4450 6209
752 728 1024 835 avounvns
1050 743 1114 816 nr
1141 725 1347 818 proces
1692 747 1762 821 sai

339 885 503 976 minum,
519 885 779 992 pronunciavit
792 887 1006 993 predictum
1021 884 1214 964 Robinum
1229 886 1344 966 luisse
1365 885 1605 968 deiicientem
1622 889 1663 966 in
1676 916 1765 996 pro·
1804 899 1935 956 runnu
1948 904 1991 966 Ν,

338 1016 534 1125 sequendo
552 1016 846 1125 appellacionem
862 1018 1087 1126 predictam,
1111 1037 1149 1098 et
1167 1021 1311 1127 ipsum,
1333 1037 1488 1128 propter
1508 1021 1598 1112 hoc,
1617 1048 1765 1098 causam
1867 993 1929 1035 '³¹⁰'

339 1177 445 1227 suam
455 1149 664 1256 predictam
677 1151 863 1242 amisisse,
876 1167 1061 1260 quantum
1070 1153 1118 1229 ad
1122 1151 1292 1261 judicem
1304 1169 1535 1260 etquantum
1546 1152 1593 1231 ad
1601 1168 1764 1259 partem,

339 1307 452 1387 aquo
459 1280 646 1389 judicato,
658 1299 837 1390 tanquam
854 1282 980 1360 alalso
997 1299 1035 1360 et
1048 1311 1173 1390 pravo,
1189 1283 1236 1361 ad
1247 1300 1414 1363 nostram
1427 1285 1570 1362 curiam
1584 1285 1687 1362 idem
1700 1284 1769 1361 Ro-

339 1410 453 1490 binus
473 1413 690 1521 appellavit,
706 1415 919 1494 constitutis
940 1415 1065 1522 igitur,
1084 1416 1124 1493 in
1140 1443 1250 1494 causa
1268 1415 1368 1493 dicte
1383 1415 1666 1522 appellacionis,
1683 1443 1768 1522 pre-

339 1544 449 1623 dictis
464 1547 649 1654 partibus,
667 1549 707 1626 in
728 1549 830 1626 curia
844 1547 1042 1655 proposuit
1054 1548 1157 1626 idem
1176 1549 1346 1627 Robinns
1362 1549 1484 1656 quod,
1503 1551 1551 1626 de
1567 1563 1769 1626 consuetu-

339 1676 428 1754 dine
447 1677 537 1756 dicti
560 1679 633 1757 loci
654 1679 720 1756 nbi
731 1679 943 1789 judicatum
963 1678 1177 1786 predictum
1198 1678 1270 1756 fuit
1289 1677 1442 1766 lactum,
1459 1679 1588 1756 nullus
1607 1677 1769 1756 debebat

339 1835 487 1887 causam
499 1839 607 1888 suam
620 1811 807 1902 amittere,
825 1827 980 1919 propter
991 1811 1147 1888 unicum
1162 1810 1351 1888 delectum
1364 1811 1439 1888 diei
1453 1810 1634 1919 assignate
1645 1811 1693 1888 ad
1706 1839 1770 1888 an-

340 1941 523 2018 diendum
539 1942 620 2052 jus,
640 1943 805 2050 ideoque
819 1941 974 2049 petebat
986 1940 1229 2050 pronunciari
1248 1941 1440 2048 predictos
1454 1941 1633 2019 ballivum
1647 1959 1684 2020 et
1700 1941 1769 2020 bo·

337 2071 459 2150 mines
479 2073 576 2151 male
595 2072 782 2184 judicasse
805 2089 843 2152 et
865 2072 1147 2181 pronunciasse,
1173 2090 1211 2150 et
1229 2073 1353 2179 ipsum
1374 2072 1566 2151 bobinum
1587 2072 1688 2152 bene
1710 2101 1769 2181 ap·

337 2203 519 2311 pellasse;
542 2223 781 2313 procuratore
804 2204 992 2282 dictorum
1013 2203 1233 2293 hominum,
1255 2203 1304 2282 ad
1324 2231 1458 2283 eorum
1473 2204 1765 2294 deffensionem,

336 2355 572 2446 proponente
593 2336 700 2444 quod
713 2335 926 2444 judicatum
949 2331 1073 2410 fuerat
1090 2334 1356 2411 tantummodo
1381 2334 1488 2440 quod
1507 2335 1631 2412 dictus
1654 2335 1770 2413 Robi-

337 2497 410 2547 nus
424 2469 545 2548 fuerat
562 2468 757 2577 negligens
772 2468 811 2544 in
828 2464 1095 2574 prosequendo
1111 2491 1218 2542 snam
1234 2463 1528 2570 appellacionem
1544 2466 1766 2573 predictam:

337 2603 512 2708 lnquesta
530 2602 644 2710 igitur
661 2627 775 2707 super
788 2597 995 2705 premissis,
1013 2595 1255 2674 demandato
1275 2611 1402 2673 nostre
1425 2596 1547 2686 curie,
1564 2596 1677 2688 lacta,
1693 2599 1769 2676 visa

338 2752 374 2812 et
397 2734 599 2841 diligenter
623 2733 844 2821 examinata,
871 2730 959 2838 quia
983 2728 1177 2807 inventum
1200 2745 1270 2818 est,
1293 2756 1363 2834 per
1384 2727 1658 2807 confessionem
1682 2759 1770 2837 pro-

337 2867 517 2944 curatoris
532 2867 720 2945 dictorum
737 2863 956 2953 hominum,
973 2861 1110 2939 dictam
1125 2860 1437 2939 consuetudinem
1450 2889 1519 2967 per
1533 2861 1677 2941 dictum
1691 2863 1769 2940 Ro·

336 2999 470 3077 binum
490 2997 719 3106 propositam
741 3023 820 3074 esse
835 3021 980 3083 veram,
999 3008 1037 3070 et
1052 2991 1140 3099 quia
1155 2992 1352 3070 inventum
1368 3006 1424 3068 est
1438 2989 1669 3069 sufficienter
1681 3020 1771 3098 pro·

336 3129 484 3220 batum,
498 3159 566 3237 per
579 3130 717 3236 ipsum,
730 3127 834 3235 quod
845 3127 942 3204 dicta
957 3124 1050 3213 dies,
1067 3151 1112 3200 ex
1124 3153 1199 3231 qua
1215 3123 1353 3201 dicitur
1364 3123 1479 3201 luisse
1493 3121 1701 3232 negligens,
1720 3124 1768 3201 ad

337 3261 570 3339 audiendum
579 3261 644 3369 jus
660 3275 739 3337 erat
758 3259 828 3336 sibi
849 3258 1043 3365 assignata,
1062 3271 1099 3331 et
1111 3254 1218 3361 quod
1233 3257 1533 3361 condempnatus
1551 3246 1623 3332 fnit
1638 3281 1769 3332 secun-

339 3395 431 3471 dum
455 3394 614 3472 modum
635 3419 703 3498 per
731 3391 857 3498 ipsum
880 3387 1074 3466 bobinum
1099 3386 1272 3493 superius
1294 3386 1547 3492 propositum,
1572 3413 1642 3493 per
1663 3385 1767 3463 curie

337 3544 464 3605 nostre
480 3523 686 3633 judicium,
709 3522 851 3601 dictum
876 3519 948 3598 fuit
970 3517 1162 3626 predictos
1187 3517 1361 3595 homines
1380 3516 1478 3594 male
1497 3515 1703 3625 judicasse,
1729 3532 1767 3593 et

336 3659 480 3738 dictum
499 3656 689 3735 Robinum
707 3655 805 3734 bene
822 3651 1041 3762 appellasse,
1066 3667 1104 3728 et
1118 3651 1226 3758 quod
1242 3649 1313 3757 ipsi
1337 3647 1412 3726 hoc
1431 3648 1706 3738 emendabunt,
1730 3665 1768 3726 et

335 3788 545 3870 remanebit
559 3816 668 3868 causa
683 3817 735 3866 un
749 3786 852 3866 curia
862 3801 989 3864 nostra
1005 3782 1045 3860 in
1061 3797 1158 3860 statu
1178 3781 1310 3889 inquo
1328 3795 1423 3870 erat,
1440 3797 1611 3888 tempore
1628 3778 1764 3886 prolati

329 3923 488 4030 judicati
504 3922 675 4028 predicti.

390 4055 490 4133 Jovis
509 4069 595 4161 post
610 4051 719 4132 Oculi
737 4050 825 4128 mei.

390 4185 497 4265 Creci
518 4183 729 4292 reportavit.

389 4453 517 4530 XXlX.
550 4450 633 4527 Lite
653 4463 769 4538 mota,
790 4446 830 4522 in
847 4443 950 4523 curia
965 4459 1109 4532 nostra,
1128 4441 1229 4518 inter
1246 4440 1465 4546 episcopum
1481 4437 1762 4528 belvacensem,

338 4615 381 4661 ex
399 4612 473 4662 una
492 4599 615 4689 parte,
638 4596 675 4657 et
695 4577 896 4657 dominum
915 4575 962 4653 de
983 4571 1209 4653 bellosaltu
1229 4587 1267 4648 et
1285 4572 1334 4648 de
1353 4568 1535 4658 Bretolio,
1563 4596 1607 4646 ex
1628 4565 1762 4658 altera,

336 4745 448 4822 super
468 4713 600 4792 saisina
623 4711 845 4821 provisionis
865 4725 903 4787 et
927 4702 1267 4785 administracionis
1285 4702 1477 4781 bonorum
1497 4697 1764 4806 temporalium

343 4849 478 4925 domus
493 4843 754 4924 Sancti-Lazari
768 4842 814 4921 de
824 4840 1009 4933 Bretolio,
1023 4836 1259 4917 Belvacensis
1269 4834 1441 4923 diocesis,
1454 4860 1524 4939 pro
1539 4830 1763 4909 eovidelicet

339 4979 443 5087 quod
459 4978 581 5056 dictus
596 4978 791 5086 episcopus
806 4973 955 5052 dicebat
969 4969 1074 5082 quod
1088 4971 1168 5077 ipse
1185 4968 1316 5046 eratin
1332 4965 1465 5045 saisina
1484 4963 1708 5073 provisionis
1729 4979 1766 5039 et

338 5108 876 5190 administracionisbonorum
886 5103 1154 5212 temporalium
1165 5099 1262 5176 dicte
1274 5092 1678 5203 domus,etqu0dipse
1687 5109 1766 5169 erat

1629 5247 1679 5330 67.
