4450 6209
477 653 551 726 702
1059 651 1148 724 LES
1177 649 1315 726 01111.

250 805 381 862 Parum
393 803 436 870 11,
476 793 607 873 datum
627 792 797 872 fueritin
818 789 1019 870 novissime
1037 791 1218 899 preterito
1238 791 1489 899 parlameuto,
1510 791 1710 870 continens
1726 793 1825 874 inter
1843 825 1897 876 ce

311 899 375 942 1³11.

474 944 554 1004 tera
573 926 694 1032 quod,
717 952 831 1029 super
843 922 1031 1030 peticione
1047 922 1298 1030 quarumdam
1311 923 1566 1002 hereditatum
1582 940 1622 1001 et
1635 942 1820 1004 certarum
1837 956 1895 1034 pe

475 1055 584 1134 cunie
609 1084 841 1135 summarum
865 1053 964 1132 inter
981 1055 1079 1162 ipsas
1103 1071 1230 1162 partes
1252 1072 1355 1132 mota
1380 1055 1421 1132 in
1441 1054 1601 1134 seculari
1624 1054 1728 1134 catria
1756 1056 1893 1137 abbatis

475 1205 514 1266 et
533 1204 737 1266 conventus
757 1184 1095 1277 Virailiacencium,
1113 1186 1162 1264 ad
1179 1187 1368 1266 dictorum
1381 1185 1649 1295 religiosorum
1677 1187 1820 1266 curiam
1837 1219 1895 1267 re-

474 1334 665 1396 vertantur
684 1333 807 1424 partes
822 1317 1002 1423 predicte,
1025 1333 1064 1396 et
1078 1317 1184 1425 quod
1198 1317 1324 1396 omnia
1337 1331 1553 1427 attemptata
1568 1315 1699 1396 contra
1709 1319 1894 1425 predictos

473 1449 709 1538 Jobannem,
730 1449 948 1526 Herminam
969 1447 1187 1538 mitellam,
1207 1465 1296 1556 post
1320 1476 1455 1527 eorum
1478 1446 1775 1554 appellacionem
1801 1467 1840 1529 et
1857 1453 1895 1528 iu

473 1581 592 1688 ipsius
620 1579 873 1688 prejudicium
900 1579 947 1656 ad
978 1595 1117 1657 statum
1146 1578 1321 1656 debitum
1351 1579 1601 1670 reducantur,
1626 1578 1896 1660 nichilominus

474 1713 573 1791 dicta
588 1712 716 1791 relicta
731 1711 894 1790 litteram
908 1710 1054 1792 domini
1071 1711 1199 1821 Regis,
1220 1709 1293 1790 sub
1306 1727 1408 1788 certa
1426 1709 1547 1790 forma
1563 1728 1603 1790 et
1620 1738 1738 1818 super
1752 1715 1896 1820 predic-

472 1845 521 1922 tis
541 1845 580 1922 in
605 1861 745 1926 arresto
765 1842 937 1950 predicto
957 1843 1166 1931 contentis,
1188 1843 1292 1920 nulla
1311 1843 1361 1920 de
1383 1842 1485 1920 dicto
1502 1859 1647 1921 arresto
1671 1842 1766 1922 facta
1792 1874 1896 1922 meu·

474 1977 598 2064 cione,
616 1976 664 2054 ad
682 1973 861 2054 ballivum
880 1974 1139 2052 Senonensem
1153 1972 1387 2081 impetrarim
1403 1973 1510 2082 cujus
1526 1975 1662 2053 virtute
1683 1975 1896 2054 dictusbal-

474 2106 569 2186 livus
593 2107 634 2186 in
660 2103 879 2212 hujusmodi
910 2103 1137 2210 procedens,
1165 2119 1307 2182 certam
1333 2103 1424 2182 fecit
1449 2133 1515 2184 seu
1546 2105 1667 2183 facere
1692 2106 1892 2196 inchoavit,

473 2265 587 2345 super
601 2236 716 2316 rebus
731 2235 909 2342 predictis
923 2235 1189 2324 contenciosis,
1206 2235 1419 2342 inquestam
1433 2265 1502 2314 seu
1517 2235 1846 2328 informacionem,
1860 2257 1897 2316 et

474 2369 522 2447 ad
542 2351 829 2477 procedendum
848 2395 961 2474 super
993 2368 1065 2445 hiis
1086 2367 1190 2444 diem
1210 2395 1278 2446 sue
1300 2367 1450 2446 ballivie
1469 2367 1692 2475 parlamenti
1714 2373 1897 2476 presentis

474 2519 550 2578 tam
572 2500 681 2579 dictis
696 2499 882 2606 religiosis
901 2528 1015 2607 quam
1037 2500 1147 2578 dictis
1161 2499 1330 2606 partibus
1348 2500 1561 2609 assignavit3
1580 2501 1722 2608 quibus
1741 2503 1782 2580 in
1798 2503 1898 2581 curia

475 2650 601 2712 nostra
630 2630 953 2739 comparentibus,
975 2631 1170 2738 requisivit
1189 2631 1289 2709 dicta
1312 2631 1440 2711 relicta
1460 2633 1667 2739 predictam
1686 2634 1897 2742 inquestam

475 2793 542 2844 seu
557 2763 868 2842 informacionem
880 2763 998 2841 videri
1015 2781 1053 2840 et
1063 2763 1243 2871 judicari,
1266 2792 1310 2840 ex
1327 2764 1482 2842 adverso
1502 2763 1692 2843 dictorum
1707 2765 1899 2874 religioso-

474 2925 559 2974 rum
579 2911 818 3001 procuratore
838 2911 1075 3002 proponente
1092 2895 1200 3002 quod
1210 2895 1281 3001 ipsi
1295 2924 1445 3004 semper
1458 2897 1576 3004 parati
1590 2915 1680 2976 sunt
1694 2915 1733 2976 et
1745 2897 1898 2980 finemve

475 3042 514 3103 et
532 3024 675 3133 pluries
694 3024 917 3104 obtulerunt
935 3054 974 3104 se
994 3042 1142 3131 paratos
1162 3025 1339 3105 exhibere
1361 3025 1461 3106 dicte
1481 3027 1630 3117 relicte,
1651 3055 1767 3135 super
1779 3028 1897 3108 hiiset

475 3156 558 3236 aliis
586 3157 634 3234 ad
661 3184 794 3236 eorum
820 3157 1078 3266 cognicionem
1108 3156 1384 3264 spectantibus,
1410 3159 1543 3238 celeris
1561 3159 1713 3267 justicie
1736 3162 1896 3268 comple⁴

445 3322 449 3330 ·
475 3305 670 3380 mentum,
697 3305 735 3366 et
758 3289 940 3368 instanter
962 3288 1246 3395 requirentibus
1262 3289 1374 3392 ‘dicto
1398 3307 1641 3398 procuratore
1667 3308 1707 3369 et
1721 3291 1896 3397 predictis

476 3419 576 3498 dicte
599 3418 728 3498 relicte
748 3419 964 3498 adversariis
988 3419 1155 3498 totaliter
1179 3418 1337 3497 anullari
1357 3421 1541 3528 quicquid
1560 3419 1701 3498 famum
1727 3440 1802 3514 est,
1825 3423 1895 3500 rir-

475 3567 557 3629 tute
578 3551 677 3630 dicte
708 3551 832 3630 littere
865 3552 1069 3659 surreptioe
1089 3551 1307 3658 impetrate,
1332 3551 1524 3660 dictasque
1543 3570 1668 3660 partes
1690 3553 1738 3630 ad
1757 3555 1890 3632 curiam

476 3681 665 3761 dictorum
682 3682 958 3792 religiosorum,
979 3685 1191 3761 secundum
1206 3682 1338 3761 arresti
1351 3683 1511 3790 predicti
1524 3700 1714 3774 tenorem,
1733 3686 1890 3764 remitti:

476 3810 626 3892 Auditis
649 3814 763 3920 igitur
788 3843 900 3920 super
919 3814 993 3890 hiis
1012 3813 1123 3892 dictis
1148 3815 1334 3922 partibus,
1363 3843 1405 3892 ac
1427 3813 1519 3892 dicti
1542 3813 1669 3892 ballivi
1692 3815 1890 3906 relacione,

475 3941 635 4048 visisque
655 3941 806 4036 litteris,
828 3962 969 4022 arresto
991 3963 1039 4022 et.
1058 3946 1296 4051 processibus
1324 3945 1536 4036 antedictis,
1557 3975 1628 4053 per
1647 3947 1753 4025 merie
1772 3965 1891 4026 nostre

469 4071 674 4178 judicium,
703 4075 859 4152 remisse
882 4075 1036 4154 fuerunt
1060 4076 1159 4154 dicte
1181 4095 1318 4183 partes,
1345 4105 1460 4183 super
1478 4077 1657 4184 predictis
1685 4107 1815 4156 earum
1836 4105 1890 4184 pe

473 4203 691 4296 unionibus,
718 4205 766 4284 ad
793 4207 935 4284 curiam
961 4207 1151 4287 dictorum
1180 4208 1463 4317 religiosorum,
1489 4207 1700 4286 secundum
1723 4225 1890 4287 tenorem

474 4336 603 4413 arresti
617 4337 796 4442 predicti,
814 4354 851 4415 et
870 4339 1038 4446 precepit
1060 4340 1163 4416 curia
1175 4339 1297 4446 quod,
1313 4356 1390 4416 tam
1406 4338 1530 4418 littere
1544 4355 1670 4418 nostre
1686 4367 1802 4446 quam
1816 4367 1892 4448 pro

476 4493 599 4544 cessus
620 4497 747 4546 earum
766 4468 920 4560 virtute,
942 4487 1028 4576 post
1047 4487 1085 4548 et
1104 4487 1231 4546 contra
1249 4487 1421 4548 tenorem
1442 4470 1534 4548 dicti
1556 4471 1686 4548 amasti
1705 4469 1891 4560 babiti,in

475 4612 601 4674 nostra
614 4598 716 4676 curia
733 4618 972 4678 remanerent
988 4617 1030 4678 ut
1045 4599 1092 4678 de
1109 4600 1201 4706 ipsis
1221 4600 1319 4678 dicta
1338 4599 1467 4678 relicta
1490 4601 1682 4680 nemiuem
1703 4600 1752 4679 de
1771 4617 1891 4679 cetero

475 4726 593 4830 possit
607 4757 772 4835 gravam
788 4732 881 4808 item
892 4732 1060 4839 precepit
1070 4731 1209 4809 ballivo
1221 4733 1429 4812 Senouensi
1442 4733 1549 4838 quod
1563 4733 1604 4809 in
1616 4733 1716 4824 dicta
1725 4732 1891 4839 inquesta

475 4885 542 4935 seu
553 4857 823 4942 informacione
839 4863 1000 4942 ulterius
1015 4891 1092 4942 non
1107 4866 1303 4969 procedat,
1323 4881 1361 4942 et
1375 4863 1496 4971 quod,
1518 4863 1551 4942 si
1566 4863 1665 4942 dicta
1678 4863 1822 4954 relicta,
1838 4891 1892 4940 su·

475 5017 542 5095 per
559 4992 737 5096 predictis
746 4993 879 5084 rebus,
898 4995 1042 5096 litteras
1055 4995 1199 5103 aliquas
1210 4995 1355 5074 domini
1371 4996 1492 5104 Regis,
1507 5025 1585 5076 non
1599 4995 1780 5075 facientes
1788 5021 1890 5072 men-
