4450 6209
492 716 565 784 220
1072 715 1164 787 tus
1195 711 1334 786 OLIM.

262 863 450 938 sarcinam,
549 853 636 932 tlt'
654 855 752 934 Cum
780 857 818 932 in
846 857 950 933 curia
975 871 1102 933 nostra
1126 855 1257 932 fuisset
1279 855 1527 932 controversia
1555 855 1652 932 inter
1672 855 1852 932 dilectum
1879 875 1914 933 et

325 957 388 997 nm
492 983 647 1062 fidelem
665 1005 838 1064 nostrum
858 987 1076 1094 episcopum
1091 988 1385 1076 Tornacensem‚
1399 1015 1444 1063 ex
1462 1015 1536 1064 una
1551 1004 1673 1094 parte,
1693 1004 1729 1064 et
1745 989 1913 1095 preposi-

490 1134 566 1204 tos,
583 1117 729 1223 juratos
749 1134 787 1194 et
805 1134 969 1194 rectores
988 1117 1076 1194 ville
1098 1117 1364 1206 Tornacensis,
1390 1146 1434 1194 ex
1455 1116 1589 1206 altera,
1612 1145 1723 1224 snper
1744 1146 1790 1194 eo
1810 1119 1913 1225 quod

491 1247 641 1352 petebat
668 1242 791 1324 dictus
815 1249 1014 1355 episcopus
1038 1248 1240 1355 quamdam
1261 1249 1419 1355 pecunie
1441 1249 1629 1354 prohibite
1649 1249 1909 1356 quantitatem,

490 1407 559 1484 per
574 1379 695 1455 dictos
713 1398 879 1457 rectores
898 1409 1011 1487 supra
1031 1380 1214 1487 quosdam
1236 1408 1446 1487 campsores
1467 1381 1506 1456 in
1526 1408 1658 1459 eorum
1679 1381 1859 1459 domibus
1877 1400 1912 1457 ct

489 1509 659 1598 cambiis,
680 1511 779 1617 apud
801 1513 1031 1599 Tomacum,
1054 1529 1215 1618 captam,
1239 1529 1277 1588 et
1302 1512 1349 1588 ad
1374 1512 1589 1590 instanciam
1616 1512 1706 1588 dicti
1731 1513 1910 1618 episcopi,

488 1659 642 1747 propter
665 1642 847 1719 debatum
866 1643 1052 1748 parcium,
1075 1643 1123 1718 ad
1144 1669 1296 1719 manum
1316 1657 1481 1720 nostram
1507 1642 1683 1749 positam,
1709 1643 1779 1719 sibi
1804 1642 1911 1719 reddi

489 1789 527 1846 et
543 1771 763 1861 deliberari,
786 1799 955 1849 asserens
974 1799 1014 1850 se
1034 1801 1116 1851 esse
1137 1773 1175 1848 in
1195 1772 1328 1848 saisina
1334 1771 1551 1878 justiciandi
1566 1771 1687 1850 dictos
1705 1801 1913 1878 campsores

489 1902 526 1976 in
547 1885 727 1980 domibus
746 1921 785 1979 et
804 1903 959 1981 cambiis
980 1931 1113 1981 eorum
1131 1904 1333 2011 superbiis
1352 1930 1425 2009 que
1443 1902 1491 1980 ad
1506 1903 1725 2011 hujusmodi
1747 1903 1911 1981 officium
1943 1959 1945 1962 .

487 2035 692 2138 pertinent,
711 2062 859 2111 necnon
878 2034 1049 2140 capiendi
1068 2051 1105 2112 et
1120 2035 1209 2122 sibi,
1225 2051 1414 2140 tamquam
1433 2036 1681 2126 commissam,
1703 2035 1910 2141 applicandi

487 2167 687 2270 pecuniam
707 2166 954 2272 prohibitam,
968 2168 1095 2243 tamin
1116 2165 1270 2243 cambiis
1288 2193 1402 2272 quam
1420 2166 1459 2241 in
1479 2167 1657 2245 domibus
1675 2195 1910 2273 campsorum

488 2325 554 2374 seu
569 2296 657 2373 alibi
672 2298 712 2374 in
725 2297 812 2375 villa
822 2299 1049 2376 Tornacensi
1065 2314 1270 2404 repertam,
1284 2297 1394 2374 dictis
1408 2298 1624 2404 prepositis,
1635 2299 1770 2406 juratis
1785 2315 1823 2376 et
1836 2327 1911 2374 rec-

487 2429 635 2507 toribus
654 2430 692 2505 in
712 2430 941 2507 contrarium
961 2429 1214 2507 asserentibus
1239 2458 1278 2507 se
1302 2455 1382 2505 esse
1403 2429 1442 2504 in
1467 2429 1617 2520 saisina,
1637 2431 1789 2507 nomine
1810 2459 1910 2507 com-

487 2562 614 2637 munie
637 2561 736 2638 dicte
753 2559 859 2648 ville,
873 2561 1088 2667 justiciandi
1108 2559 1228 2637 dictos
1248 2587 1459 2666 campsores
1478 2561 1518 2636 in
1537 2587 1668 2638 eorum
1684 2561 1862 2638 domibus
1875 2579 1910 2636 et

486 2692 640 2769 cambiis
662 2708 700 2768 et
726 2693 765 2768 in
777 2709 862 2769 tota
880 2691 967 2768 villa
987 2691 1231 2782 Tomacensi,
1254 2719 1399 2770 necnon
1419 2692 1588 2797 capiendi
1608 2708 1798 2770 monetam
1824 2719 1909 2798 pro-

486 2821 662 2910 hibitam,
682 2839 758 2898 tam
778 2849 892 2927 super
911 2821 1034 2900 dictos
1051 2850 1264 2928 campsores
1285 2823 1325 2899 in
1345 2822 1523 2901 domibus
1546 2841 1583 2899 et
1603 2823 1759 2900 cambiis
1778 2851 1907 2901 eorum

487 2981 601 3059 quam
617 2953 734 3029 eciam
750 2951 839 3029 aiibi
854 2953 893 3028 in
908 2953 1052 3030 civitate
1066 2954 1292 3030 Tomacensi
1308 2972 1346 3032 et
1358 2954 1440 3059 ejus
1453 2954 1691 3060 pertinenciis
1706 2973 1905 3060 repertam,

487 3102 524 3160 et
542 3100 733 3189 tamquam
752 3085 987 3160 commissam
1004 3084 1073 3161 sibi
1094 3085 1321 3193 applicandi,
1340 3083 1629 3193 petentibusque
1643 3086 1779 3162 dictam
1799 3115 1908 3191 pecu-

485 3214 546 3291 nie
567 3216 831 3322 quantitatem,
854 3216 910 3296 ad.
926 3243 1079 3293 manum
1103 3233 1269 3293 nostram
1289 3218 1468 3321 positam,
1491 3216 1562 3294 sibi
1581 3216 1689 3295 reddi
1708 3235 1747 3294 et
1766 3217 1908 3293 delibe-

484 3347 582 3424 rari:
604 3346 793 3438 Tandem,
810 3347 998 3452 inquesta‚
1020 3376 1133 3453 super
1152 3347 1225 3424 hoc
1242 3348 1290 3423 de
1309 3349 1485 3425 mandato
1502 3347 1756 3436 nostratem,
1777 3349 1852 3424 visa
1873 3365 1908 3424 et

484 3476 685 3585 diligenter
699 3477 919 3566 examinata,
935 3477 1024 3583 quia
1038 3477 1233 3559 inventum
1254 3495 1310 3556 est
1329 3477 1560 3556 sufficienter
1573 3478 1772 3585 probatum
1789 3477 1906 3555 dictos

483 3609 710 3713 prepositos,
727 3609 873 3715 juratos
891 3626 930 3684 et
948 3625 1112 3685 rectores
1129 3637 1209 3688 esse
1226 3625 1263 3684 et
1278 3608 1393 3685 fuisse
1407 3609 1445 3685 in
1460 3609 1593 3686 saisina
1605 3608 1821 3717 justiciandi
1837 3608 1907 3684 dic-

483 3755 541 3814 tos
561 3765 771 3843 campsores
790 3738 831 3812 in
852 3737 1006 3814 cambiis
1030 3756 1068 3815 et
1090 3738 1269 3815 domibus
1287 3739 1473 3844 ipsorum,
1497 3767 1640 3817 necnon
1662 3739 1834 3844 capiendi
1852 3756 1903 3828 et,

484 3872 676 3973 tamquam
695 3868 929 3957 commissas,
951 3867 1023 3945 sibi
1038 3868 1250 3975 applicandi
1267 3869 1444 3976 pecunias
1464 3868 1674 3977 prohibitas
1693 3895 1761 3946 seu
1780 3868 1906 3946 defen-

484 4025 542 4073 sas
554 3997 797 4104 supradictos
809 4027 1035 4105 campsores,
1049 4016 1127 4076 tam
1143 4000 1181 4076 in
1195 4001 1375 4079 domibus
1391 4020 1429 4078 et
1444 4001 1598 4080 cambiis
1613 4001 1780 4106 ipsorum
1792 4028 1905 4106 quam

483 4129 570 4206 alibi
587 4130 627 4205 in
643 4129 730 4207 villa
744 4132 970 4208 Tornacensi
985 4149 1172 4238 repertas,
1188 4159 1256 4238 per
1275 4133 1376 4210 curie
1397 4148 1524 4210 nostre
1539 4131 1744 4240 judicium,
1762 4131 1905 4208 dictum

481 4258 553 4338 suit
566 4277 604 4337 et
618 4262 904 4367 pronunciatum
919 4262 1040 4340 dictos
1059 4261 1284 4369 prepositos,
1302 4265 1447 4370 juratos
1468 4280 1506 4340 et
1521 4279 1685 4340 rectores
1704 4261 1743 4338 in
1764 4287 1905 4368 posses·

483 4392 586 4469 sione
606 4421 674 4471 seu
693 4394 825 4471 saisina
844 4395 1118 4501 premissorum
1139 4421 1333 4470 remanere
1354 4395 1512 4486 debere,
1535 4412 1572 4470 et
1587 4394 1724 4470 dictam
1746 4393 1903 4498 pecunie

481 4552 685 4614 summam,
703 4524 803 4602 dicta
818 4553 932 4603 manu
943 4543 1067 4603 nostra
1085 4526 1174 4601 inde
1195 4542 1330 4614 amota,
1349 4525 1490 4602 debere
1506 4524 1649 4603 eisdem
1665 4522 1793 4613 reddi,
1810 4523 1903 4600 saiva

482 4681 594 4757 super
613 4656 686 4732 hoc
705 4655 804 4733 dicto
825 4657 1000 4763 episcopo
1021 4656 1258 4763 proprietatis
1278 4657 1485 4762 questione.

537 4781 699 4860 Sabbato
719 4803 805 4890 post
828 4786 1058 4892 quindenam
1079 4787 1298 4894 Epiphanio.

536 4914 710 4992 Bocelius
728 4919 938 5021 reportavit.
