<?xml version="1.0" encoding="UTF-8"?>
<!DOCTYPE html PUBLIC "-//W3C//DTD XHTML 1.0 Transitional//EN"
    "http://www.w3.org/TR/xhtml1/DTD/xhtml1-transitional.dtd">
<html xmlns="http://www.w3.org/1999/xhtml" xml:lang="en" lang="en">
 <head>
  <title>
</title>
<meta http-equiv="Content-Type" content="text/html;charset=utf-8" />
  <meta name='ocr-system' content='tesseract 3.04.00' />
  <meta name='ocr-capabilities' content='ocr_page ocr_carea ocr_par ocr_line ocrx_word'/>
</head>
<body>
  <div class='ocr_page' id='page_1' title='image "./lesolimouregist00parigoog_0443.png"; bbox 0 0 4450 6209; ppageno 0'>
   <div class='ocr_carea' id='block_1_1' title="bbox 503 702 1349 785">
    <p class='ocr_par' dir='ltr' id='par_1_1' title="bbox 503 702 1349 785">
     <span class='ocr_line' id='line_1_1' title="bbox 503 702 1349 785; baseline -0.011 -1"><span class='ocrx_word' id='word_1_1' title='bbox 503 707 577 785; x_wconf 75' lang='lat' dir='ltr'><strong>dltlt</strong></span> <span class='ocrx_word' id='word_1_2' title='bbox 1086 706 1177 779; x_wconf 84' lang='lat' dir='ltr'><strong>LES</strong></span> <span class='ocrx_word' id='word_1_3' title='bbox 1208 702 1349 779; x_wconf 88' lang='lat' dir='ltr'><strong>OLlM.</strong></span> 
     </span>
    </p>
   </div>
   <div class='ocr_carea' id='block_1_2' title="bbox 279 843 1921 951">
    <p class='ocr_par' dir='ltr' id='par_1_2' title="bbox 279 843 1921 951">
     <span class='ocr_line' id='line_1_2' title="bbox 279 843 1921 951; baseline -0.002 -23"><span class='ocrx_word' id='word_1_4' title='bbox 279 866 409 920; x_wconf 63' lang='lat' dir='ltr'><strong>ratenus</strong></span> <span class='ocrx_word' id='word_1_5' title='bbox 421 862 465 925; x_wconf 85' lang='lat' dir='ltr'><strong>tv,</strong></span> <span class='ocrx_word' id='word_1_6' title='bbox 503 869 599 940; x_wconf 87' lang='lat' dir='ltr'><strong>erat,</strong></span> <span class='ocrx_word' id='word_1_7' title='bbox 621 868 659 927; x_wconf 91' lang='lat' dir='ltr'><strong>et</strong></span> <span class='ocrx_word' id='word_1_8' title='bbox 679 868 831 930; x_wconf 83' lang='lat' dir='ltr'><strong>extunc</strong></span> <span class='ocrx_word' id='word_1_9' title='bbox 850 849 974 927; x_wconf 83' lang='lat' dir='ltr'><strong>dictus</strong></span> <span class='ocrx_word' id='word_1_10' title='bbox 991 844 1219 925; x_wconf 73' lang='lat' dir='ltr'>senescallus</span> <span class='ocrx_word' id='word_1_11' title='bbox 1238 844 1419 923; x_wconf 76' lang='lat' dir='ltr'><strong>concessit</strong></span> <span class='ocrx_word' id='word_1_12' title='bbox 1430 843 1541 923; x_wconf 86' lang='lat' dir='ltr'><strong>dictis</strong></span> <span class='ocrx_word' id='word_1_13' title='bbox 1553 844 1806 951; x_wconf 73' lang='lat' dir='ltr'>burgensibus</span> <span class='ocrx_word' id='word_1_14' title='bbox 1818 846 1921 925; x_wconf 80' lang='lat' dir='ltr'><strong>Mon-</strong></span> 
     </span>
    </p>
   </div>
   <div class='ocr_carea' id='block_1_3' title="bbox 339 957 403 1000">
    <p class='ocr_par' dir='ltr' id='par_1_3' title="bbox 339 957 403 1000">
     <span class='ocr_line' id='line_1_3' title="bbox 339 957 403 1000; baseline -0.031 0"><span class='ocrx_word' id='word_1_15' title='bbox 339 957 403 1000; x_wconf 71' lang='lat'>1³⁰8.</span> 
     </span>
    </p>
   </div>
   <div class='ocr_carea' id='block_1_4' title="bbox 502 976 1925 5142">
    <p class='ocr_par' dir='ltr' id='par_1_4' title="bbox 502 976 1925 5142">
     <span class='ocr_line' id='line_1_4' title="bbox 503 976 1919 1085; baseline -0.004 -24"><span class='ocrx_word' id='word_1_16' title='bbox 503 981 758 1061; x_wconf 88' lang='lat' dir='ltr'><strong>tis-Pessulani</strong></span> <span class='ocrx_word' id='word_1_17' title='bbox 773 984 962 1059; x_wconf 84' lang='lat' dir='ltr'><strong>marcham</strong></span> <span class='ocrx_word' id='word_1_18' title='bbox 981 996 1112 1057; x_wconf 92' lang='lat' dir='ltr'><strong>contra</strong></span> <span class='ocrx_word' id='word_1_19' title='bbox 1125 977 1218 1055; x_wconf 89' lang='lat' dir='ltr'><strong>alios</strong></span> <span class='ocrx_word' id='word_1_20' title='bbox 1232 992 1472 1064; x_wconf 76' lang='lat' dir='ltr'><strong>mercatores,</strong></span> <span class='ocrx_word' id='word_1_21' title='bbox 1490 976 1586 1053; x_wconf 91' lang='lat' dir='ltr'><strong>cives</strong></span> <span class='ocrx_word' id='word_1_22' title='bbox 1599 1004 1666 1053; x_wconf 88' lang='lat' dir='ltr'><strong>seu</strong></span> <span class='ocrx_word' id='word_1_23' title='bbox 1675 977 1919 1085; x_wconf 86' lang='lat' dir='ltr'><strong>justiciabiles</strong></span> 
     </span>
     <span class='ocr_line' id='line_1_5' title="bbox 502 1106 1917 1215; baseline -0.002 -25"><span class='ocrx_word' id='word_1_24' title='bbox 502 1116 622 1191; x_wconf 83' lang='lat' dir='ltr'><strong>lanne</strong></span> <span class='ocrx_word' id='word_1_25' title='bbox 647 1132 684 1190; x_wconf 93' lang='lat' dir='ltr'><strong>et</strong></span> <span class='ocrx_word' id='word_1_26' title='bbox 708 1141 841 1191; x_wconf 89' lang='lat' dir='ltr'><strong>eorum</strong></span> <span class='ocrx_word' id='word_1_27' title='bbox 861 1110 1067 1198; x_wconf 86' lang='lat' dir='ltr'><strong>districtus,</strong></span> <span class='ocrx_word' id='word_1_28' title='bbox 1090 1108 1331 1187; x_wconf 86' lang='lat' dir='ltr'><strong>decernendo</strong></span> <span class='ocrx_word' id='word_1_29' title='bbox 1355 1106 1462 1213; x_wconf 92' lang='lat' dir='ltr'><strong>quod</strong></span> <span class='ocrx_word' id='word_1_30' title='bbox 1490 1134 1534 1183; x_wconf 82' lang='lat' dir='ltr'><strong>ex</strong></span> <span class='ocrx_word' id='word_1_31' title='bbox 1557 1120 1664 1197; x_wconf 91' lang='lat' dir='ltr'><strong>tunc,</strong></span> <span class='ocrx_word' id='word_1_32' title='bbox 1686 1106 1776 1213; x_wconf 87' lang='lat' dir='ltr'><strong>ipsis</strong></span> <span class='ocrx_word' id='word_1_33' title='bbox 1800 1109 1917 1215; x_wconf 91' lang='lat' dir='ltr'><strong>primo</strong></span> 
     </span>
     <span class='ocr_line' id='line_1_6' title="bbox 504 1237 1919 1345; baseline -0.004 -22"><span class='ocrx_word' id='word_1_34' title='bbox 504 1245 731 1334; x_wconf 85' lang='lat' dir='ltr'><strong>certificatis,</strong></span> <span class='ocrx_word' id='word_1_35' title='bbox 746 1257 953 1321; x_wconf 86' lang='lat' dir='ltr'><strong>memorata</strong></span> <span class='ocrx_word' id='word_1_36' title='bbox 967 1240 1137 1318; x_wconf 79' lang='lat' dir='ltr'><strong>defensio</strong></span> <span class='ocrx_word' id='word_1_37' title='bbox 1151 1255 1318 1317; x_wconf 87' lang='lat' dir='ltr'><strong>curreret</strong></span> <span class='ocrx_word' id='word_1_38' title='bbox 1331 1254 1459 1314; x_wconf 77' lang='lat' dir='ltr'><strong>contra</strong></span> <span class='ocrx_word' id='word_1_39' title='bbox 1471 1237 1588 1343; x_wconf 72' lang='lat' dir='ltr'><strong>ipsos,</strong></span> <span class='ocrx_word' id='word_1_40' title='bbox 1602 1264 1716 1344; x_wconf 91' lang='lat' dir='ltr'><strong>snper</strong></span> <span class='ocrx_word' id='word_1_41' title='bbox 1726 1266 1804 1345; x_wconf 89' lang='lat' dir='ltr'><strong>qno</strong></span> <span class='ocrx_word' id='word_1_42' title='bbox 1816 1241 1919 1317; x_wconf 89' lang='lat' dir='ltr'><strong>certi-</strong></span> 
     </span>
     <span class='ocr_line' id='line_1_7' title="bbox 504 1369 1919 1480; baseline -0.001 -30"><span class='ocrx_word' id='word_1_43' title='bbox 504 1374 602 1451; x_wconf 90' lang='lat' dir='ltr'><strong>ficati</strong></span> <span class='ocrx_word' id='word_1_44' title='bbox 613 1374 767 1451; x_wconf 86' lang='lat' dir='ltr'><strong>luerunt</strong></span> <span class='ocrx_word' id='word_1_45' title='bbox 776 1389 954 1480; x_wconf 87' lang='lat' dir='ltr'><strong>potestas,</strong></span> <span class='ocrx_word' id='word_1_46' title='bbox 967 1371 1104 1464; x_wconf 85' lang='lat' dir='ltr'><strong>abbas,</strong></span> <span class='ocrx_word' id='word_1_47' title='bbox 1121 1369 1311 1449; x_wconf 87' lang='lat' dir='ltr'><strong>Octo-Viri</strong></span> <span class='ocrx_word' id='word_1_48' title='bbox 1327 1384 1364 1445; x_wconf 90' lang='lat' dir='ltr'><strong>ct</strong></span> <span class='ocrx_word' id='word_1_49' title='bbox 1379 1369 1794 1459; x_wconf 87' lang='lat' dir='ltr'><strong>communeJanuense,</strong></span> <span class='ocrx_word' id='word_1_50' title='bbox 1811 1388 1919 1476; x_wconf 90' lang='lat' dir='ltr'><strong>prout</strong></span> 
     </span>
     <span class='ocr_line' id='line_1_8' title="bbox 504 1498 1919 1610; baseline -0.003 -28"><span class='ocrx_word' id='word_1_51' title='bbox 504 1507 552 1583; x_wconf 89' lang='lat' dir='ltr'><strong>de</strong></span> <span class='ocrx_word' id='word_1_52' title='bbox 569 1507 642 1583; x_wconf 90' lang='lat' dir='ltr'><strong>hoc</strong></span> <span class='ocrx_word' id='word_1_53' title='bbox 653 1520 797 1582; x_wconf 89' lang='lat' dir='ltr'><strong>constat</strong></span> <span class='ocrx_word' id='word_1_54' title='bbox 810 1532 878 1610; x_wconf 89' lang='lat' dir='ltr'><strong>per</strong></span> <span class='ocrx_word' id='word_1_55' title='bbox 891 1502 1089 1609; x_wconf 87' lang='lat' dir='ltr'><strong>publicum</strong></span> <span class='ocrx_word' id='word_1_56' title='bbox 1110 1502 1422 1588; x_wconf 70' lang='lat' dir='ltr'><strong>instrumentum</strong></span> <span class='ocrx_word' id='word_1_57' title='bbox 1440 1526 1550 1604; x_wconf 85' lang='lat' dir='ltr'><strong>aqua</strong></span> <span class='ocrx_word' id='word_1_58' title='bbox 1563 1498 1752 1577; x_wconf 75' lang='lat' dir='ltr'><strong>sentencia</strong></span> <span class='ocrx_word' id='word_1_59' title='bbox 1769 1528 1836 1577; x_wconf 89' lang='lat' dir='ltr'><strong>seu</strong></span> <span class='ocrx_word' id='word_1_60' title='bbox 1853 1500 1919 1578; x_wconf 91' lang='lat' dir='ltr'><strong>im·-</strong></span> 
     </span>
     <span class='ocr_line' id='line_1_9' title="bbox 504 1628 1919 1741; baseline -0.002 -28"><span class='ocrx_word' id='word_1_61' title='bbox 504 1636 693 1741; x_wconf 91' lang='lat' dir='ltr'><strong>posioione</strong></span> <span class='ocrx_word' id='word_1_62' title='bbox 719 1634 870 1711; x_wconf 80' lang='lat' dir='ltr'><strong>marche</strong></span> <span class='ocrx_word' id='word_1_63' title='bbox 886 1661 953 1711; x_wconf 86' lang='lat' dir='ltr'><strong>seu</strong></span> <span class='ocrx_word' id='word_1_64' title='bbox 979 1631 1131 1710; x_wconf 84' lang='lat' dir='ltr'><strong>defense</strong></span> <span class='ocrx_word' id='word_1_65' title='bbox 1153 1628 1310 1710; x_wconf 88' lang='lat' dir='ltr'><strong>Pascalis</strong></span> <span class='ocrx_word' id='word_1_66' title='bbox 1332 1630 1380 1707; x_wconf 91' lang='lat' dir='ltr'><strong>de</strong></span> <span class='ocrx_word' id='word_1_67' title='bbox 1404 1630 1515 1707; x_wconf 91' lang='lat' dir='ltr'><strong>Porta</strong></span> <span class='ocrx_word' id='word_1_68' title='bbox 1538 1645 1575 1705; x_wconf 92' lang='lat' dir='ltr'><strong>et</strong></span> <span class='ocrx_word' id='word_1_69' title='bbox 1596 1630 1788 1708; x_wconf 84' lang='lat' dir='ltr'><strong>Romanus</strong></span> <span class='ocrx_word' id='word_1_70' title='bbox 1809 1631 1919 1710; x_wconf 83' lang='lat' dir='ltr'><strong>Otho</strong></span> 
     </span>
     <span class='ocr_line' id='line_1_10' title="bbox 504 1758 1919 1870; baseline -0.001 -27"><span class='ocrx_word' id='word_1_71' title='bbox 504 1767 728 1856; x_wconf 86' lang='lat' dir='ltr'><strong>viani,cives</strong></span> <span class='ocrx_word' id='word_1_72' title='bbox 741 1767 962 1852; x_wconf 86' lang='lat' dir='ltr'><strong>Januenses,</strong></span> <span class='ocrx_word' id='word_1_73' title='bbox 980 1762 1140 1870; x_wconf 86' lang='lat' dir='ltr'><strong>syndici,</strong></span> <span class='ocrx_word' id='word_1_74' title='bbox 1160 1780 1204 1840; x_wconf 91' lang='lat' dir='ltr'><strong>ut</strong></span> <span class='ocrx_word' id='word_1_75' title='bbox 1221 1758 1417 1851; x_wconf 83' lang='lat' dir='ltr'><strong>dicebant,</strong></span> <span class='ocrx_word' id='word_1_76' title='bbox 1439 1760 1652 1837; x_wconf 90' lang='lat' dir='ltr'><strong>communis</strong></span> <span class='ocrx_word' id='word_1_77' title='bbox 1672 1779 1710 1839; x_wconf 90' lang='lat' dir='ltr'><strong>et</strong></span> <span class='ocrx_word' id='word_1_78' title='bbox 1725 1762 1919 1841; x_wconf 89' lang='lat' dir='ltr'><strong>hominum</strong></span> 
     </span>
     <span class='ocr_line' id='line_1_11' title="bbox 504 1887 1919 2000; baseline -0.001 -27"><span class='ocrx_word' id='word_1_79' title='bbox 504 1900 622 1976; x_wconf 86' lang='lat' dir='ltr'><strong>lanne</strong></span> <span class='ocrx_word' id='word_1_80' title='bbox 642 1913 682 1973; x_wconf 87' lang='lat' dir='ltr'><strong>et</strong></span> <span class='ocrx_word' id='word_1_81' title='bbox 695 1896 888 1975; x_wconf 89' lang='lat' dir='ltr'><strong>districtus</strong></span> <span class='ocrx_word' id='word_1_82' title='bbox 904 1893 1094 2000; x_wconf 87' lang='lat' dir='ltr'><strong>ejusdem,</strong></span> <span class='ocrx_word' id='word_1_83' title='bbox 1111 1892 1256 1971; x_wconf 81' lang='lat' dir='ltr'><strong>nullam</strong></span> <span class='ocrx_word' id='word_1_84' title='bbox 1274 1908 1401 1969; x_wconf 90' lang='lat' dir='ltr'><strong>tamen</strong></span> <span class='ocrx_word' id='word_1_85' title='bbox 1420 1890 1537 1969; x_wconf 88' lang='lat' dir='ltr'><strong>fidem</strong></span> <span class='ocrx_word' id='word_1_86' title='bbox 1558 1887 1736 1971; x_wconf 80' lang='lat' dir='ltr'><strong>facientes</strong></span> <span class='ocrx_word' id='word_1_87' title='bbox 1755 1892 1803 1971; x_wconf 94' lang='lat' dir='ltr'><strong>de</strong></span> <span class='ocrx_word' id='word_1_88' title='bbox 1823 1893 1919 1972; x_wconf 87' lang='lat' dir='ltr'><strong>dicto</strong></span> 
     </span>
     <span class='ocr_line' id='line_1_12' title="bbox 506 2023 1920 2135; baseline 0.001 -31"><span class='ocrx_word' id='word_1_89' title='bbox 506 2028 715 2135; x_wconf 80' lang='lat' dir='ltr'><strong>syndicatu,</strong></span> <span class='ocrx_word' id='word_1_90' title='bbox 736 2028 843 2133; x_wconf 87' lang='lat' dir='ltr'><strong>qnasi</strong></span> <span class='ocrx_word' id='word_1_91' title='bbox 861 2027 958 2103; x_wconf 80' lang='lat' dir='ltr'><strong>circa</strong></span> <span class='ocrx_word' id='word_1_92' title='bbox 976 2024 1091 2103; x_wconf 89' lang='lat' dir='ltr'><strong>linem</strong></span> <span class='ocrx_word' id='word_1_93' title='bbox 1110 2026 1197 2103; x_wconf 89' lang='lat' dir='ltr'><strong>anni</strong></span> <span class='ocrx_word' id='word_1_94' title='bbox 1217 2023 1397 2131; x_wconf 87' lang='lat' dir='ltr'><strong>predicti,</strong></span> <span class='ocrx_word' id='word_1_95' title='bbox 1419 2024 1459 2099; x_wconf 90' lang='lat' dir='ltr'><strong>in</strong></span> <span class='ocrx_word' id='word_1_96' title='bbox 1480 2023 1668 2128; x_wconf 85' lang='lat' dir='ltr'><strong>presencia</strong></span> <span class='ocrx_word' id='word_1_97' title='bbox 1686 2025 1849 2104; x_wconf 85' lang='lat' dir='ltr'><strong>tenentis</strong></span> <span class='ocrx_word' id='word_1_98' title='bbox 1866 2026 1920 2105; x_wconf 90' lang='lat' dir='ltr'><strong>lo·</strong></span> 
     </span>
     <span class='ocr_line' id='line_1_13' title="bbox 507 2154 1920 2263; baseline -0.001 -28"><span class='ocrx_word' id='word_1_99' title='bbox 507 2188 592 2236; x_wconf 89' lang='lat' dir='ltr'><strong>cum</strong></span> <span class='ocrx_word' id='word_1_100' title='bbox 613 2158 803 2237; x_wconf 73' lang='lat' dir='ltr'><strong>senescalli</strong></span> <span class='ocrx_word' id='word_1_101' title='bbox 822 2156 1065 2246; x_wconf 87' lang='lat' dir='ltr'><strong>Belli-Cadri,</strong></span> <span class='ocrx_word' id='word_1_102' title='bbox 1085 2172 1331 2263; x_wconf 85' lang='lat' dir='ltr'><strong>protestantes</strong></span> <span class='ocrx_word' id='word_1_103' title='bbox 1347 2154 1395 2231; x_wconf 89' lang='lat' dir='ltr'><strong>de</strong></span> <span class='ocrx_word' id='word_1_104' title='bbox 1409 2180 1507 2231; x_wconf 87' lang='lat' dir='ltr'><strong>novo</strong></span> <span class='ocrx_word' id='word_1_105' title='bbox 1527 2155 1576 2234; x_wconf 93' lang='lat' dir='ltr'><strong>ad</strong></span> <span class='ocrx_word' id='word_1_106' title='bbox 1594 2154 1770 2233; x_wconf 85' lang='lat' dir='ltr'><strong>noticiam</strong></span> <span class='ocrx_word' id='word_1_107' title='bbox 1790 2154 1920 2237; x_wconf 80' lang='lat' dir='ltr'><strong>civium</strong></span> 
     </span>
     <span class='ocr_line' id='line_1_14' title="bbox 505 2282 1919 2397; baseline 0.001 -32"><span class='ocrx_word' id='word_1_108' title='bbox 505 2287 705 2366; x_wconf 75' lang='lat' dir='ltr'><strong>lmminum</strong></span> <span class='ocrx_word' id='word_1_109' title='bbox 722 2307 759 2367; x_wconf 87' lang='lat' dir='ltr'><strong>et</strong></span> <span class='ocrx_word' id='word_1_110' title='bbox 768 2288 1056 2397; x_wconf 86' lang='lat' dir='ltr'><strong>justiciabilium</strong></span> <span class='ocrx_word' id='word_1_111' title='bbox 1065 2289 1183 2367; x_wconf 83' lang='lat' dir='ltr'><strong>lanua</strong></span> <span class='ocrx_word' id='word_1_112' title='bbox 1193 2285 1399 2394; x_wconf 87' lang='lat' dir='ltr'><strong>predictam</strong></span> <span class='ocrx_word' id='word_1_113' title='bbox 1410 2282 1683 2363; x_wconf 90' lang='lat' dir='ltr'><strong>inhibicionem</strong></span> <span class='ocrx_word' id='word_1_114' title='bbox 1696 2288 1919 2391; x_wconf 83' lang='lat' dir='ltr'><strong>pervenisse,</strong></span> 
     </span>
     <span class='ocr_line' id='line_1_15' title="bbox 506 2414 1922 2525; baseline -0.001 -28"><span class='ocrx_word' id='word_1_115' title='bbox 506 2450 526 2497; x_wconf 94' lang='lat' dir='ltr'><strong>a</strong></span> <span class='ocrx_word' id='word_1_116' title='bbox 547 2420 646 2497; x_wconf 86' lang='lat' dir='ltr'><strong>dicta</strong></span> <span class='ocrx_word' id='word_1_117' title='bbox 664 2418 852 2499; x_wconf 89' lang='lat' dir='ltr'><strong>sentencia</strong></span> <span class='ocrx_word' id='word_1_118' title='bbox 875 2448 943 2495; x_wconf 91' lang='lat' dir='ltr'><strong>seu</strong></span> <span class='ocrx_word' id='word_1_119' title='bbox 962 2417 1209 2524; x_wconf 83' lang='lat' dir='ltr'><strong>imposicione</strong></span> <span class='ocrx_word' id='word_1_120' title='bbox 1230 2417 1380 2495; x_wconf 88' lang='lat' dir='ltr'><strong>marche</strong></span> <span class='ocrx_word' id='word_1_121' title='bbox 1406 2444 1474 2494; x_wconf 85' lang='lat' dir='ltr'><strong>seu</strong></span> <span class='ocrx_word' id='word_1_122' title='bbox 1500 2414 1670 2504; x_wconf 82' lang='lat' dir='ltr'><strong>defense,</strong></span> <span class='ocrx_word' id='word_1_123' title='bbox 1691 2434 1922 2525; x_wconf 88' lang='lat' dir='ltr'><strong>tamquama</strong></span> 
     </span>
     <span class='ocr_line' id='line_1_16' title="bbox 506 2546 1921 2656; baseline 0.001 -28"><span class='ocrx_word' id='word_1_124' title='bbox 506 2551 628 2640; x_wconf 90' lang='lat' dir='ltr'><strong>nulla,</strong></span> <span class='ocrx_word' id='word_1_125' title='bbox 651 2568 706 2639; x_wconf 92' lang='lat' dir='ltr'><strong>et,</strong></span> <span class='ocrx_word' id='word_1_126' title='bbox 728 2550 758 2627; x_wconf 91' lang='lat' dir='ltr'><strong>si</strong></span> <span class='ocrx_word' id='word_1_127' title='bbox 779 2549 904 2656; x_wconf 86' lang='lat' dir='ltr'><strong>aliqua</strong></span> <span class='ocrx_word' id='word_1_128' title='bbox 919 2566 1036 2637; x_wconf 88' lang='lat' dir='ltr'><strong>esset,</strong></span> <span class='ocrx_word' id='word_1_129' title='bbox 1056 2566 1247 2655; x_wconf 89' lang='lat' dir='ltr'><strong>tamqnam</strong></span> <span class='ocrx_word' id='word_1_130' title='bbox 1264 2577 1285 2624; x_wconf 94' lang='lat' dir='ltr'><strong>a</strong></span> <span class='ocrx_word' id='word_1_131' title='bbox 1299 2546 1390 2625; x_wconf 83' lang='lat' dir='ltr'><strong>salsa</strong></span> <span class='ocrx_word' id='word_1_132' title='bbox 1404 2564 1443 2625; x_wconf 92' lang='lat' dir='ltr'><strong>et</strong></span> <span class='ocrx_word' id='word_1_133' title='bbox 1460 2575 1586 2654; x_wconf 78' lang='lat' dir='ltr'><strong>prava,</strong></span> <span class='ocrx_word' id='word_1_134' title='bbox 1604 2549 1653 2626; x_wconf 91' lang='lat' dir='ltr'><strong>ad</strong></span> <span class='ocrx_word' id='word_1_135' title='bbox 1668 2576 1738 2629; x_wconf 83' lang='lat' dir='ltr'><strong>noe</strong></span> <span class='ocrx_word' id='word_1_136' title='bbox 1756 2577 1824 2627; x_wconf 88' lang='lat' dir='ltr'><strong>seu</strong></span> <span class='ocrx_word' id='word_1_137' title='bbox 1839 2579 1921 2630; x_wconf 88' lang='lat' dir='ltr'><strong>nos·</strong></span> 
     </span>
     <span class='ocr_line' id='line_1_17' title="bbox 504 2678 1923 2788; baseline -0.001 -28"><span class='ocrx_word' id='word_1_138' title='bbox 504 2702 602 2761; x_wconf 86' lang='lat' dir='ltr'><strong>tram</strong></span> <span class='ocrx_word' id='word_1_139' title='bbox 619 2682 763 2760; x_wconf 86' lang='lat' dir='ltr'><strong>curiam</strong></span> <span class='ocrx_word' id='word_1_140' title='bbox 776 2680 1075 2788; x_wconf 68' lang='lat' dir='ltr'><strong>appellaverunt,</strong></span> <span class='ocrx_word' id='word_1_141' title='bbox 1094 2695 1148 2769; x_wconf 89' lang='lat' dir='ltr'><strong>et,</strong></span> <span class='ocrx_word' id='word_1_142' title='bbox 1168 2708 1257 2756; x_wconf 91' lang='lat' dir='ltr'><strong>cum</strong></span> <span class='ocrx_word' id='word_1_143' title='bbox 1274 2680 1396 2757; x_wconf 85' lang='lat' dir='ltr'><strong>dictus</strong></span> <span class='ocrx_word' id='word_1_144' title='bbox 1417 2678 1659 2772; x_wconf 82' lang='lat' dir='ltr'><strong>senescallus,</strong></span> <span class='ocrx_word' id='word_1_145' title='bbox 1676 2679 1846 2787; x_wconf 89' lang='lat' dir='ltr'><strong>predicte</strong></span> <span class='ocrx_word' id='word_1_146' title='bbox 1864 2710 1923 2788; x_wconf 87' lang='lat' dir='ltr'><strong>ap-</strong></span> 
     </span>
     <span class='ocr_line' id='line_1_18' title="bbox 505 2808 1925 2920; baseline 0.002 -31"><span class='ocrx_word' id='word_1_147' title='bbox 505 2813 707 2920; x_wconf 90' lang='lat' dir='ltr'><strong>pellacioni</strong></span> <span class='ocrx_word' id='word_1_148' title='bbox 724 2838 802 2887; x_wconf 91' lang='lat' dir='ltr'><strong>non</strong></span> <span class='ocrx_word' id='word_1_149' title='bbox 821 2810 1011 2899; x_wconf 86' lang='lat' dir='ltr'><strong>descrens,</strong></span> <span class='ocrx_word' id='word_1_150' title='bbox 1031 2809 1163 2887; x_wconf 90' lang='lat' dir='ltr'><strong>multis</strong></span> <span class='ocrx_word' id='word_1_151' title='bbox 1176 2809 1391 2887; x_wconf 80' lang='lat' dir='ltr'><strong>nacionibus</strong></span> <span class='ocrx_word' id='word_1_152' title='bbox 1406 2808 1445 2886; x_wconf 91' lang='lat' dir='ltr'><strong>in</strong></span> <span class='ocrx_word' id='word_1_153' title='bbox 1464 2836 1644 2915; x_wconf 89' lang='lat' dir='ltr'><strong>processu</strong></span> <span class='ocrx_word' id='word_1_154' title='bbox 1661 2808 1844 2917; x_wconf 85' lang='lat' dir='ltr'><strong>allegatis,</strong></span> <span class='ocrx_word' id='word_1_155' title='bbox 1858 2814 1925 2893; x_wconf 87' lang='lat' dir='ltr'><strong>vel·</strong></span> 
     </span>
     <span class='ocr_line' id='line_1_19' title="bbox 507 2939 1924 3029; baseline 0.002 -9"><span class='ocrx_word' id='word_1_156' title='bbox 507 2945 560 3021; x_wconf 91' lang='lat' dir='ltr'><strong>let</strong></span> <span class='ocrx_word' id='word_1_157' title='bbox 579 2943 717 3019; x_wconf 89' lang='lat' dir='ltr'><strong>dictam</strong></span> <span class='ocrx_word' id='word_1_158' title='bbox 737 2941 964 3018; x_wconf 85' lang='lat' dir='ltr'><strong>sentenciam</strong></span> <span class='ocrx_word' id='word_1_159' title='bbox 985 2939 1198 3017; x_wconf 85' lang='lat' dir='ltr'><strong>execucioni</strong></span> <span class='ocrx_word' id='word_1_160' title='bbox 1220 2940 1463 3029; x_wconf 87' lang='lat' dir='ltr'><strong>demandare,</strong></span> <span class='ocrx_word' id='word_1_161' title='bbox 1483 2968 1526 3017; x_wconf 81' lang='lat' dir='ltr'><strong>ex</strong></span> <span class='ocrx_word' id='word_1_162' title='bbox 1540 2968 1651 3019; x_wconf 83' lang='lat' dir='ltr'><strong>causa</strong></span> <span class='ocrx_word' id='word_1_163' title='bbox 1669 2943 1924 3023; x_wconf 84' lang='lat' dir='ltr'><strong>mandavimus</strong></span> 
     </span>
     <span class='ocr_line' id='line_1_20' title="bbox 506 3068 1924 3179; baseline 0.004 -29"><span class='ocrx_word' id='word_1_164' title='bbox 506 3090 630 3151; x_wconf 87' lang='lat' dir='ltr'><strong>totum</strong></span> <span class='ocrx_word' id='word_1_165' title='bbox 658 3098 877 3179; x_wconf 90' lang='lat' dir='ltr'><strong>processum</strong></span> <span class='ocrx_word' id='word_1_166' title='bbox 896 3099 1008 3176; x_wconf 87' lang='lat' dir='ltr'><strong>super</strong></span> <span class='ocrx_word' id='word_1_167' title='bbox 1031 3068 1223 3178; x_wconf 88' lang='lat' dir='ltr'><strong>premissis</strong></span> <span class='ocrx_word' id='word_1_168' title='bbox 1250 3069 1423 3148; x_wconf 86' lang='lat' dir='ltr'><strong>habitum</strong></span> <span class='ocrx_word' id='word_1_169' title='bbox 1448 3071 1496 3149; x_wconf 85' lang='lat' dir='ltr'><strong>ad</strong></span> <span class='ocrx_word' id='word_1_170' title='bbox 1512 3070 1655 3149; x_wconf 88' lang='lat' dir='ltr'><strong>curiam</strong></span> <span class='ocrx_word' id='word_1_171' title='bbox 1678 3088 1845 3152; x_wconf 85' lang='lat' dir='ltr'><strong>nostram</strong></span> <span class='ocrx_word' id='word_1_172' title='bbox 1868 3102 1924 3155; x_wconf 87' lang='lat' dir='ltr'><strong>re-</strong></span> 
     </span>
     <span class='ocr_line' id='line_1_21' title="bbox 507 3201 1925 3312; baseline 0.001 -31"><span class='ocrx_word' id='word_1_173' title='bbox 507 3205 626 3291; x_wconf 89' lang='lat' dir='ltr'><strong>mitti,</strong></span> <span class='ocrx_word' id='word_1_174' title='bbox 644 3202 908 3281; x_wconf 83' lang='lat' dir='ltr'><strong>execucionem</strong></span> <span class='ocrx_word' id='word_1_175' title='bbox 924 3203 1023 3279; x_wconf 86' lang='lat' dir='ltr'><strong>dicte</strong></span> <span class='ocrx_word' id='word_1_176' title='bbox 1041 3201 1194 3278; x_wconf 88' lang='lat' dir='ltr'><strong>marche</strong></span> <span class='ocrx_word' id='word_1_177' title='bbox 1210 3202 1480 3307; x_wconf 89' lang='lat' dir='ltr'><strong>suspendentes</strong></span> <span class='ocrx_word' id='word_1_178' title='bbox 1498 3230 1697 3308; x_wconf 86' lang='lat' dir='ltr'><strong>quousque</strong></span> <span class='ocrx_word' id='word_1_179' title='bbox 1715 3232 1831 3310; x_wconf 84' lang='lat' dir='ltr'><strong>super</strong></span> <span class='ocrx_word' id='word_1_180' title='bbox 1845 3234 1925 3312; x_wconf 89' lang='lat' dir='ltr'><strong>pre·</strong></span> 
     </span>
     <span class='ocr_line' id='line_1_22' title="bbox 507 3332 1923 3442; baseline 0.005 -31"><span class='ocrx_word' id='word_1_181' title='bbox 507 3336 631 3413; x_wconf 89' lang='lat' dir='ltr'><strong>missis</strong></span> <span class='ocrx_word' id='word_1_182' title='bbox 650 3364 719 3442; x_wconf 91' lang='lat' dir='ltr'><strong>per</strong></span> <span class='ocrx_word' id='word_1_183' title='bbox 736 3350 903 3419; x_wconf 89' lang='lat' dir='ltr'><strong>nostram</strong></span> <span class='ocrx_word' id='word_1_184' title='bbox 921 3333 1064 3409; x_wconf 88' lang='lat' dir='ltr'><strong>curiam</strong></span> <span class='ocrx_word' id='word_1_185' title='bbox 1085 3333 1301 3410; x_wconf 87' lang='lat' dir='ltr'><strong>ordinatum</strong></span> <span class='ocrx_word' id='word_1_186' title='bbox 1321 3332 1453 3412; x_wconf 84' lang='lat' dir='ltr'><strong>fuisset</strong></span> <span class='ocrx_word' id='word_1_187' title='bbox 1474 3364 1482 3409; x_wconf 77' lang='grc' dir='ltr'><strong>ε</strong></span> <span class='ocrx_word' id='word_1_188' title='bbox 1505 3334 1595 3413; x_wconf 89' lang='lat' dir='ltr'><strong>Viso</strong></span> <span class='ocrx_word' id='word_1_189' title='bbox 1615 3334 1730 3439; x_wconf 88' lang='lat' dir='ltr'><strong>igitur</strong></span> <span class='ocrx_word' id='word_1_190' title='bbox 1748 3363 1923 3442; x_wconf 87' lang='lat' dir='ltr'><strong>processu</strong></span> 
     </span>
     <span class='ocr_line' id='line_1_23' title="bbox 506 3463 1925 3573; baseline 0.001 -30"><span class='ocrx_word' id='word_1_191' title='bbox 506 3467 677 3571; x_wconf 88' lang='lat' dir='ltr'><strong>predicto</strong></span> <span class='ocrx_word' id='word_1_192' title='bbox 698 3483 736 3542; x_wconf 92' lang='lat' dir='ltr'><strong>et</strong></span> <span class='ocrx_word' id='word_1_193' title='bbox 756 3464 957 3571; x_wconf 85' lang='lat' dir='ltr'><strong>diligenter</strong></span> <span class='ocrx_word' id='word_1_194' title='bbox 975 3464 1205 3556; x_wconf 83' lang='lat' dir='ltr'><strong>examinato,</strong></span> <span class='ocrx_word' id='word_1_195' title='bbox 1223 3464 1372 3542; x_wconf 85' lang='lat' dir='ltr'><strong>attentis</strong></span> <span class='ocrx_word' id='word_1_196' title='bbox 1391 3463 1708 3571; x_wconf 85' lang='lat' dir='ltr'><strong>requisicionibus</strong></span> <span class='ocrx_word' id='word_1_197' title='bbox 1722 3482 1761 3543; x_wconf 89' lang='lat' dir='ltr'><strong>et</strong></span> <span class='ocrx_word' id='word_1_198' title='bbox 1772 3494 1925 3573; x_wconf 90' lang='lat' dir='ltr'><strong>respon·</strong></span> 
     </span>
     <span class='ocr_line' id='line_1_24' title="bbox 505 3595 1923 3703; baseline 0 -28"><span class='ocrx_word' id='word_1_199' title='bbox 505 3598 675 3676; x_wconf 88' lang='lat' dir='ltr'><strong>sionibus</strong></span> <span class='ocrx_word' id='word_1_200' title='bbox 689 3597 872 3675; x_wconf 88' lang='lat' dir='ltr'><strong>dictamm</strong></span> <span class='ocrx_word' id='word_1_201' title='bbox 886 3595 1067 3702; x_wconf 88' lang='lat' dir='ltr'><strong>parcium,</strong></span> <span class='ocrx_word' id='word_1_202' title='bbox 1083 3612 1123 3673; x_wconf 89' lang='lat' dir='ltr'><strong>et</strong></span> <span class='ocrx_word' id='word_1_203' title='bbox 1137 3595 1347 3703; x_wconf 86' lang='lat' dir='ltr'><strong>specialiter</strong></span> <span class='ocrx_word' id='word_1_204' title='bbox 1362 3596 1648 3676; x_wconf 81' lang='lat' dir='ltr'><strong>Octollirorum</strong></span> <span class='ocrx_word' id='word_1_205' title='bbox 1669 3598 1923 3702; x_wconf 87' lang='lat' dir='ltr'><strong>predictorum</strong></span> 
     </span>
     <span class='ocr_line' id='line_1_25' title="bbox 506 3725 1925 3835; baseline 0.001 -30"><span class='ocrx_word' id='word_1_206' title='bbox 506 3756 619 3835; x_wconf 90' lang='lat' dir='ltr'><strong>super</strong></span> <span class='ocrx_word' id='word_1_207' title='bbox 630 3726 902 3805; x_wconf 82' lang='lat' dir='ltr'><strong>informacione</strong></span> <span class='ocrx_word' id='word_1_208' title='bbox 920 3727 968 3803; x_wconf 94' lang='lat' dir='ltr'><strong>de</strong></span> <span class='ocrx_word' id='word_1_209' title='bbox 982 3726 1091 3803; x_wconf 85' lang='lat' dir='ltr'><strong>dictis</strong></span> <span class='ocrx_word' id='word_1_210' title='bbox 1106 3726 1266 3805; x_wconf 88' lang='lat' dir='ltr'><strong>roberiis</strong></span> <span class='ocrx_word' id='word_1_211' title='bbox 1284 3726 1429 3803; x_wconf 90' lang='lat' dir='ltr'><strong>eisdem</strong></span> <span class='ocrx_word' id='word_1_212' title='bbox 1445 3725 1553 3815; x_wconf 84' lang='lat' dir='ltr'><strong>sacta,</strong></span> <span class='ocrx_word' id='word_1_213' title='bbox 1572 3726 1715 3805; x_wconf 88' lang='lat' dir='ltr'><strong>scilicet</strong></span> <span class='ocrx_word' id='word_1_214' title='bbox 1725 3729 1831 3835; x_wconf 92' lang='lat' dir='ltr'><strong>quod</strong></span> <span class='ocrx_word' id='word_1_215' title='bbox 1848 3730 1925 3807; x_wconf 85' lang='lat' dir='ltr'><strong>sul·</strong></span> 
     </span>
     <span class='ocr_line' id='line_1_26' title="bbox 506 3854 1923 3966; baseline 0.001 -32"><span class='ocrx_word' id='word_1_216' title='bbox 506 3858 676 3934; x_wconf 89' lang='lat' dir='ltr'><strong>licienter</strong></span> <span class='ocrx_word' id='word_1_217' title='bbox 695 3875 801 3933; x_wconf 88' lang='lat' dir='ltr'><strong>erant</strong></span> <span class='ocrx_word' id='word_1_218' title='bbox 812 3854 1072 3942; x_wconf 78' lang='lat' dir='ltr'><strong>informati,et</strong></span> <span class='ocrx_word' id='word_1_219' title='bbox 1089 3856 1195 3961; x_wconf 93' lang='lat' dir='ltr'><strong>quod</strong></span> <span class='ocrx_word' id='word_1_220' title='bbox 1210 3884 1287 3933; x_wconf 92' lang='lat' dir='ltr'><strong>non</strong></span> <span class='ocrx_word' id='word_1_221' title='bbox 1308 3856 1530 3966; x_wconf 87' lang='lat' dir='ltr'><strong>indigebant</strong></span> <span class='ocrx_word' id='word_1_222' title='bbox 1549 3859 1630 3935; x_wconf 88' lang='lat' dir='ltr'><strong>aliis</strong></span> <span class='ocrx_word' id='word_1_223' title='bbox 1650 3858 1923 3939; x_wconf 80' lang='lat' dir='ltr'><strong>informacioni-</strong></span> 
     </span>
     <span class='ocr_line' id='line_1_27' title="bbox 507 3985 1925 4096; baseline 0.001 -31"><span class='ocrx_word' id='word_1_224' title='bbox 507 3989 594 4076; x_wconf 88' lang='lat' dir='ltr'><strong>bus,</strong></span> <span class='ocrx_word' id='word_1_225' title='bbox 617 4005 655 4065; x_wconf 91' lang='lat' dir='ltr'><strong>et</strong></span> <span class='ocrx_word' id='word_1_226' title='bbox 673 3987 777 4096; x_wconf 91' lang='lat' dir='ltr'><strong>quod</strong></span> <span class='ocrx_word' id='word_1_227' title='bbox 793 3985 897 4095; x_wconf 85' lang='lat' dir='ltr'><strong>galee</strong></span> <span class='ocrx_word' id='word_1_228' title='bbox 913 3986 983 4094; x_wconf 89' lang='lat' dir='ltr'><strong>ipsi</strong></span> <span class='ocrx_word' id='word_1_229' title='bbox 989 4016 1032 4063; x_wconf 91' lang='lat' dir='ltr'><strong>us</strong></span> <span class='ocrx_word' id='word_1_230' title='bbox 1042 3986 1241 4065; x_wconf 86' lang='lat' dir='ltr'><strong>Pe&#39;rcevalli</strong></span> <span class='ocrx_word' id='word_1_231' title='bbox 1255 4005 1293 4065; x_wconf 90' lang='lat' dir='ltr'><strong>et</strong></span> <span class='ocrx_word' id='word_1_232' title='bbox 1302 3986 1483 4065; x_wconf 87' lang='lat' dir='ltr'><strong>Anthonii</strong></span> <span class='ocrx_word' id='word_1_233' title='bbox 1497 4006 1602 4067; x_wconf 92' lang='lat' dir='ltr'><strong>erant</strong></span> <span class='ocrx_word' id='word_1_234' title='bbox 1616 3990 1855 4069; x_wconf 87' lang='lat' dir='ltr'><strong>interminali</strong></span> <span class='ocrx_word' id='word_1_235' title='bbox 1869 3994 1925 4069; x_wconf 86' lang='lat' dir='ltr'><strong>Ja-</strong></span> 
     </span>
     <span class='ocr_line' id='line_1_28' title="bbox 507 4118 1923 4225; baseline 0.003 -30"><span class='ocrx_word' id='word_1_236' title='bbox 507 4146 599 4210; x_wconf 90' lang='lat' dir='ltr'><strong>nue,</strong></span> <span class='ocrx_word' id='word_1_237' title='bbox 614 4146 692 4197; x_wconf 92' lang='lat' dir='ltr'><strong>non</strong></span> <span class='ocrx_word' id='word_1_238' title='bbox 706 4146 775 4225; x_wconf 91' lang='lat' dir='ltr'><strong>per</strong></span> <span class='ocrx_word' id='word_1_239' title='bbox 788 4118 906 4223; x_wconf 90' lang='lat' dir='ltr'><strong>ipsos,</strong></span> <span class='ocrx_word' id='word_1_240' title='bbox 920 4119 987 4196; x_wconf 92' lang='lat' dir='ltr'><strong>sed</strong></span> <span class='ocrx_word' id='word_1_241' title='bbox 999 4146 1067 4224; x_wconf 87' lang='lat' dir='ltr'><strong>per</strong></span> <span class='ocrx_word' id='word_1_242' title='bbox 1076 4145 1278 4195; x_wconf 89' lang='lat' dir='ltr'><strong>commune</strong></span> <span class='ocrx_word' id='word_1_243' title='bbox 1292 4120 1411 4196; x_wconf 88' lang='lat' dir='ltr'><strong>Janue</strong></span> <span class='ocrx_word' id='word_1_244' title='bbox 1426 4136 1621 4214; x_wconf 86' lang='lat' dir='ltr'><strong>arrestata,</strong></span> <span class='ocrx_word' id='word_1_245' title='bbox 1638 4122 1789 4199; x_wconf 86' lang='lat' dir='ltr'><strong>attentis</strong></span> <span class='ocrx_word' id='word_1_246' title='bbox 1810 4122 1923 4199; x_wconf 85' lang='lat' dir='ltr'><strong>eciam</strong></span> 
     </span>
     <span class='ocr_line' id='line_1_29' title="bbox 505 4232 1921 4358; baseline 0.001 -31"><span class='ocrx_word' id='word_1_247' title='bbox 505 4268 584 4327; x_wconf 83' lang='lat' dir='ltr'><strong>tarn</strong></span> <span class='ocrx_word' id='word_1_248' title='bbox 602 4250 686 4327; x_wconf 88' lang='lat' dir='ltr'><strong>aliis</strong></span> <span class='ocrx_word' id='word_1_249' title='bbox 703 4249 995 4357; x_wconf 86' lang='lat' dir='ltr'><strong>probacionibus</strong></span> <span class='ocrx_word' id='word_1_250' title='bbox 1018 4278 1132 4357; x_wconf 90' lang='lat' dir='ltr'><strong>quam</strong></span> <span class='ocrx_word' id='word_1_251' title='bbox 1153 4267 1286 4327; x_wconf 88' lang='lat' dir='ltr'><strong>tenore</strong></span> <span class='ocrx_word' id='word_1_252' title='bbox 1307 4232 1647 4329; x_wconf 83' lang='lat' dir='ltr'><strong>instrumentorum</strong></span> <span class='ocrx_word' id='word_1_253' title='bbox 1667 4250 1921 4358; x_wconf 87' lang='lat' dir='ltr'><strong>publicorum,</strong></span> 
     </span>
     <span class='ocr_line' id='line_1_30' title="bbox 508 4379 1924 4489; baseline 0.001 -32"><span class='ocrx_word' id='word_1_254' title='bbox 508 4408 575 4487; x_wconf 89' lang='lat' dir='ltr'><strong>per</strong></span> <span class='ocrx_word' id='word_1_255' title='bbox 600 4380 719 4457; x_wconf 92' lang='lat' dir='ltr'><strong>dictos</strong></span> <span class='ocrx_word' id='word_1_256' title='bbox 745 4379 954 4488; x_wconf 87' lang='lat' dir='ltr'><strong>burgenses</strong></span> <span class='ocrx_word' id='word_1_257' title='bbox 977 4410 1092 4486; x_wconf 89' lang='lat' dir='ltr'><strong>snper</strong></span> <span class='ocrx_word' id='word_1_258' title='bbox 1116 4380 1225 4459; x_wconf 91' lang='lat' dir='ltr'><strong>dictis</strong></span> <span class='ocrx_word' id='word_1_259' title='bbox 1253 4380 1414 4459; x_wconf 88' lang='lat' dir='ltr'><strong>robcriis</strong></span> <span class='ocrx_word' id='word_1_260' title='bbox 1438 4382 1478 4459; x_wconf 93' lang='lat' dir='ltr'><strong>in</strong></span> <span class='ocrx_word' id='word_1_261' title='bbox 1508 4380 1666 4460; x_wconf 89' lang='lat' dir='ltr'><strong>modum</strong></span> <span class='ocrx_word' id='word_1_262' title='bbox 1691 4382 1924 4489; x_wconf 85' lang='lat' dir='ltr'><strong>probacionis</strong></span> 
     </span>
     <span class='ocr_line' id='line_1_31' title="bbox 506 4512 1924 4623; baseline 0.001 -33"><span class='ocrx_word' id='word_1_263' title='bbox 506 4512 800 4618; x_wconf 90' lang='lat' dir='ltr'><strong>productorum,</strong></span> <span class='ocrx_word' id='word_1_264' title='bbox 825 4526 864 4589; x_wconf 89' lang='lat' dir='ltr'><strong>et</strong></span> <span class='ocrx_word' id='word_1_265' title='bbox 886 4512 993 4619; x_wconf 90' lang='lat' dir='ltr'><strong>quod</strong></span> <span class='ocrx_word' id='word_1_266' title='bbox 1018 4512 1109 4589; x_wconf 92' lang='lat' dir='ltr'><strong>dicti</strong></span> <span class='ocrx_word' id='word_1_267' title='bbox 1124 4514 1336 4591; x_wconf 73' lang='lat' dir='ltr'><strong>‚Januenses</strong></span> <span class='ocrx_word' id='word_1_268' title='bbox 1363 4512 1537 4591; x_wconf 88' lang='lat' dir='ltr'><strong>Nemausi</strong></span> <span class='ocrx_word' id='word_1_269' title='bbox 1567 4515 1762 4623; x_wconf 88' lang='lat' dir='ltr'><strong>degentes,</strong></span> <span class='ocrx_word' id='word_1_270' title='bbox 1790 4514 1924 4591; x_wconf 72' lang='lat' dir='ltr'><strong>dicum</strong></span> 
     </span>
     <span class='ocr_line' id='line_1_32' title="bbox 505 4643 1923 4758; baseline 0.002 -39"><span class='ocrx_word' id='word_1_271' title='bbox 505 4644 695 4719; x_wconf 87' lang='lat' dir='ltr'><strong>marcham</strong></span> <span class='ocrx_word' id='word_1_272' title='bbox 712 4660 846 4758; x_wconf 83' lang='lat' dir='ltr'><strong>sponte</strong></span> <span class='ocrx_word' id='word_1_273' title='bbox 865 4660 1107 4750; x_wconf 87' lang='lat' dir='ltr'><strong>receperunt,</strong></span> <span class='ocrx_word' id='word_1_274' title='bbox 1127 4660 1167 4720; x_wconf 85' lang='lat' dir='ltr'><strong>et</strong></span> <span class='ocrx_word' id='word_1_275' title='bbox 1191 4643 1296 4750; x_wconf 84' lang='lat' dir='ltr'><strong>quod</strong></span> <span class='ocrx_word' id='word_1_276' title='bbox 1316 4644 1408 4721; x_wconf 92' lang='lat' dir='ltr'><strong>dicti</strong></span> <span class='ocrx_word' id='word_1_277' title='bbox 1429 4660 1608 4751; x_wconf 86' lang='lat' dir='ltr'><strong>potestas,</strong></span> <span class='ocrx_word' id='word_1_278' title='bbox 1635 4643 1749 4723; x_wconf 87' lang='lat' dir='ltr'><strong>abbas</strong></span> <span class='ocrx_word' id='word_1_279' title='bbox 1768 4661 1807 4722; x_wconf 87' lang='lat' dir='ltr'><strong>et</strong></span> <span class='ocrx_word' id='word_1_280' title='bbox 1823 4673 1923 4722; x_wconf 89' lang='lat' dir='ltr'><strong>corn-</strong></span> 
     </span>
     <span class='ocr_line' id='line_1_33' title="bbox 507 4773 1922 4881; baseline 0.005 -34"><span class='ocrx_word' id='word_1_281' title='bbox 507 4802 641 4861; x_wconf 86' lang='lat' dir='ltr'><strong>munc,</strong></span> <span class='ocrx_word' id='word_1_282' title='bbox 660 4791 866 4881; x_wconf 89' lang='lat' dir='ltr'><strong>atempore</strong></span> <span class='ocrx_word' id='word_1_283' title='bbox 881 4773 1135 4851; x_wconf 88' lang='lat' dir='ltr'><strong>intimacionis</strong></span> <span class='ocrx_word' id='word_1_284' title='bbox 1153 4803 1267 4880; x_wconf 89' lang='lat' dir='ltr'><strong>super</strong></span> <span class='ocrx_word' id='word_1_285' title='bbox 1281 4775 1353 4852; x_wconf 90' lang='lat' dir='ltr'><strong>boc</strong></span> <span class='ocrx_word' id='word_1_286' title='bbox 1368 4775 1438 4853; x_wconf 88' lang='lat' dir='ltr'><strong>sibi</strong></span> <span class='ocrx_word' id='word_1_287' title='bbox 1456 4775 1550 4854; x_wconf 85' lang='lat' dir='ltr'><strong>lacte</strong></span> <span class='ocrx_word' id='word_1_288' title='bbox 1568 4774 1663 4853; x_wconf 81' lang='lat' dir='ltr'><strong>infra</strong></span> <span class='ocrx_word' id='word_1_289' title='bbox 1683 4776 1813 4854; x_wconf 88' lang='lat' dir='ltr'><strong>docem</strong></span> <span class='ocrx_word' id='word_1_290' title='bbox 1830 4776 1922 4871; x_wconf 86' lang='lat' dir='ltr'><strong>dies,</strong></span> 
     </span>
     <span class='ocr_line' id='line_1_34' title="bbox 508 4902 1922 5015; baseline 0.004 -36"><span class='ocrx_word' id='word_1_291' title='bbox 508 4930 586 4979; x_wconf 92' lang='lat' dir='ltr'><strong>non</strong></span> <span class='ocrx_word' id='word_1_292' title='bbox 606 4902 899 5008; x_wconf 85' lang='lat' dir='ltr'><strong>appellaverunt,</strong></span> <span class='ocrx_word' id='word_1_293' title='bbox 921 4903 1100 5011; x_wconf 86' lang='lat' dir='ltr'><strong>qualitate</strong></span> <span class='ocrx_word' id='word_1_294' title='bbox 1121 4920 1159 4981; x_wconf 95' lang='lat' dir='ltr'><strong>et</strong></span> <span class='ocrx_word' id='word_1_295' title='bbox 1175 4922 1308 4981; x_wconf 90' lang='lat' dir='ltr'><strong>natura</strong></span> <span class='ocrx_word' id='word_1_296' title='bbox 1327 4906 1416 4983; x_wconf 87' lang='lat' dir='ltr'><strong>dicti</strong></span> <span class='ocrx_word' id='word_1_297' title='bbox 1435 4906 1521 4984; x_wconf 83' lang='lat' dir='ltr'><strong>lacti</strong></span> <span class='ocrx_word' id='word_1_298' title='bbox 1538 4906 1736 5014; x_wconf 84' lang='lat' dir='ltr'><strong>diligenter</strong></span> <span class='ocrx_word' id='word_1_299' title='bbox 1748 4907 1922 5015; x_wconf 89' lang='lat' dir='ltr'><strong>pensatis,</strong></span> 
     </span>
     <span class='ocr_line' id='line_1_35' title="bbox 508 5034 1925 5142; baseline 0.004 -33"><span class='ocrx_word' id='word_1_300' title='bbox 508 5062 575 5139; x_wconf 91' lang='lat' dir='ltr'><strong>per</strong></span> <span class='ocrx_word' id='word_1_301' title='bbox 593 5034 696 5111; x_wconf 90' lang='lat' dir='ltr'><strong>curie</strong></span> <span class='ocrx_word' id='word_1_302' title='bbox 718 5052 845 5111; x_wconf 87' lang='lat' dir='ltr'><strong>nostre</strong></span> <span class='ocrx_word' id='word_1_303' title='bbox 862 5035 1068 5141; x_wconf 89' lang='lat' dir='ltr'><strong>judicium,</strong></span> <span class='ocrx_word' id='word_1_304' title='bbox 1091 5037 1382 5142; x_wconf 89' lang='lat' dir='ltr'><strong>pronunciatum</strong></span> <span class='ocrx_word' id='word_1_305' title='bbox 1403 5038 1476 5115; x_wconf 86' lang='lat' dir='ltr'><strong>snit</strong></span> <span class='ocrx_word' id='word_1_306' title='bbox 1494 5039 1631 5116; x_wconf 89' lang='lat' dir='ltr'><strong>dictam</strong></span> <span class='ocrx_word' id='word_1_307' title='bbox 1650 5039 1841 5117; x_wconf 87' lang='lat' dir='ltr'><strong>marcham</strong></span> <span class='ocrx_word' id='word_1_308' title='bbox 1861 5064 1925 5117; x_wconf 90' lang='lat' dir='ltr'><strong>seu</strong></span> 
     </span>
    </p>
   </div>
   <div class='ocr_carea' id='block_1_5' title="bbox 0 0 2238 6209">
    <p class='ocr_par' dir='ltr' id='par_1_5' title="bbox 0 0 2238 6209">
     <span class='ocr_line' id='line_1_36' title="bbox 0 0 2238 6209; baseline 0 0"><span class='ocrx_word' id='word_1_309' title='bbox 0 0 2238 6209; x_wconf 95' lang='lat' dir='ltr'><strong> </strong></span> 
     </span>
    </p>
   </div>
  </div>
 </body>
</html>
