4450 6209
728 719 1000 828 rnootrus
1024 738 1091 811 rr
1116 721 1325 814 mouns.
1689 744 1737 816 os

221 890 229 902 '
311 881 474 970 utendo,
490 908 563 989 pro
579 879 750 958 custodia
764 879 864 958 dicte
880 879 987 968 ville3
1005 879 1174 960 dicentes
1189 909 1246 972 se,
1266 909 1310 959 ex
1326 879 1422 960 lacto
1437 882 1674 990 hujusmodi,
1692 884 1740 959 ad
1777 893 1907 948 rmum
1922 895 1962 958 tv,

310 1013 513 1092 emendam
541 1010 706 1117 aliquam
724 1010 855 1090 multis
876 1009 1091 1090 rationibus
1116 1037 1194 1090 non
1213 1013 1333 1090 teneri
1355 1045 1363 1090 ε
1387 1014 1573 1102 Tandem,
1601 1013 1738 1092 auditis
1838 987 1900 1030 mi

310 1146 480 1253 parcium
498 1143 716 1222 racionibus
734 1142 824 1222 hinc
837 1158 877 1220 et
895 1141 1005 1231 inde,
1027 1158 1067 1220 et
1085 1143 1258 1249 inquesta
1276 1143 1516 1223 demandato
1534 1162 1664 1222 nostro
1681 1173 1739 1222 su-

309 1305 379 1383 per
396 1277 471 1354 boc
490 1273 601 1371 lacta,
622 1272 699 1350 visa
718 1290 757 1350 et
776 1272 979 1380 diligenter
997 1274 1220 1363 examinata,
1242 1275 1329 1354 visis
1344 1274 1461 1354 eciam
1477 1273 1612 1352 litteris
1627 1277 1738 1383 regiis

309 1407 349 1482 in
369 1409 541 1514 inquesta
560 1403 728 1511 predicta
745 1403 961 1510 productis,
980 1403 1170 1510 predictos
1184 1405 1359 1503 consules
1376 1422 1414 1482 et
1432 1433 1565 1484 eorum
1580 1407 1738 1512 compli-

310 1564 388 1630 ces,
416 1565 485 1644 per
511 1534 615 1612 curie
642 1551 771 1612 nostre
794 1533 1003 1641 judicium,
1032 1533 1261 1614 absolvimus
1288 1565 1308 1612 a
1332 1535 1512 1643 predictis
1537 1539 1738 1644 propositis

309 1683 438 1746 contra
459 1666 577 1772 ipsos,
601 1664 676 1742 boc
696 1663 886 1770 siquidem
912 1664 1107 1742 observato
1133 1663 1238 1770 quod
1263 1692 1329 1770 per
1352 1667 1572 1773 hujusmodi
1591 1668 1738 1772 judica-

289 1817 412 1890 ·tum,
440 1825 550 1876 cause
574 1794 774 1902 principali
799 1823 915 1902 super
939 1793 1138 1873 consulatu
1165 1796 1265 1873 dicte
1290 1796 1397 1885 villo,
1424 1814 1463 1874 et
1485 1797 1567 1906 ejus
1585 1799 1738 1906 juribus

309 1930 410 2006 inter
425 1943 708 2034 procuratorem
723 1943 896 2004 nostrum
912 1943 949 2003 et
965 1926 1085 2004 dictos
1099 1926 1309 2035 religiosos,
1329 1956 1373 2006 ex
1387 1956 1462 2006 una
1476 1946 1580 2035 parte
1591 1947 1605 2018 ‚'
1619 1948 1657 2007 et
1669 1960 1738 2038 per

310 2059 432 2139 dictos
452 2057 645 2150 consules,
674 2083 719 2134 ex
742 2055 873 2151 altera,
902 2084 1028 2134 coram
1053 2057 1163 2138 nobis
1182 2058 1380 2165 pendenti,
1401 2058 1551 2137 nullum
1572 2060 1738 2168 prejudi-

309 2187 411 2266 cium'
431 2204 634 2298 generetur

230 2352 242 2380 0
365 2319 496 2398 Martis
515 2334 602 2424 post
619 2317 966 2398 Annunciscionem
984 2318 1151 2396 Domini.

366 2449 486 2528 Menti
506 2448 720 2554 reportavit.

364 2710 489 2788 XLIII.
510 2709 611 2788 Cum
623 2709 665 2786 in
673 2737 782 2787 causa
791 2725 911 2798 mota,
923 2709 1267 2788 coramsenescallo
1282 2729 1409 2789 nostro
1422 2712 1732 2820 Petragoricensi‚

308 2843 409 2920 inter
420 2857 702 2948 procuratorem
712 2856 901 2928 nostrum,
917 2867 987 2944 pro
1002 2839 1130 2931 nobis,
1146 2867 1191 2918 ex
1206 2867 1281 2917 una
1295 2857 1417 2948 parte,
1436 2858 1474 2920 et
1485 2841 1733 2921 GuiIIelmum

309 2991 349 3050 et
365 2972 601 3068 bernardum
621 2968 669 3048 de
688 2971 860 3060 Buteria,
881 2968 1030 3062 iratres,
1060 2997 1105 3048 ex
1124 2969 1256 3078 altera,
1283 2999 1396 3080 super
1416 2974 1490 3050 boc
1507 2974 1612 3081 quod
1631 2974 1735 3052 idem

309 3120 531 3210 procurator
561 3117 692 3183 noster
720 3099 910 3180 asserebat
936 3100 1040 3207 quod
1067 3101 1156 3182 dicti
1183 3100 1334 3192 lratres,
1360 3104 1400 3180 in
1429 3105 1594 3213 quodam
1622 3105 1734 3184 furno

309 3249 441 3311 nostro
457 3233 530 3310 sito
550 3233 590 3310 in
608 3232 733 3310 barrio
756 3231 804 3308 de
825 3232 1020 3320 Lauserta,
1043 3250 1145 3310 extra
1165 3261 1311 3321 muros,
1336 3261 1454 3342 prope
1477 3234 1636 3312 domum
1657 3265 1736 3312 ma-

308 3363 414 3470 gistri
437 3361 593 3441 brualdi
621 3361 852 3467 Carpentarii
882 3379 920 3439 et
944 3389 1060 3469 prope
1087 3362 1248 3440 domum
1270 3364 1424 3442 Arnaldi
1452 3364 1500 3442 de
1525 3365 1732 3472 Campiras,

190 3603 195 3616 ι
309 3493 515 3571 utebantur
531 3492 698 3572 furneria
716 3494 764 3570 de
783 3493 1015 3600 quoqucndo
1030 3521 1181 3599 panem,
1200 3511 1237 3572 et
1248 3495 1433 3601 portando
1452 3511 1489 3572 et
1507 3496 1735 3604 reportando

308 3653 447 3730 panem
466 3624 507 3700 in
526 3623 630 3703 dicto
648 3623 762 3702 furno
778 3623 1046 3731 coquentibus,
1063 3651 1106 3700 ac
1120 3623 1367 3730 percipiendo
1388 3619 1674 3730 duostortellos
1688 3627 1735 3706 de

309 3755 484 3863 quolibet
508 3755 560 3832 ibi
584 3783 722 3862 panem
747 3753 1032 3863 dequoquente,
1059 3783 1147 3832 cum
1171 3755 1235 3862 jus
1263 3754 1337 3832 hoc
1368 3753 1528 3835 faciendi
1559 3786 1638 3836 non
1668 3758 1735 3836 ha-

307 3885 461 3978 berent,
485 3901 530 3964 ut
551 3886 657 3964 idem
681 3901 902 3992 procurator
925 3883 1090 3974 dicebat,
1113 3901 1247 3992 petens
1268 3912 1333 3963 eos
1351 3884 1545 3993 prohiberi
1569 3914 1617 3964 ne
1638 3888 1736 3965 dicta

307 4014 477 4094 lumeria
504 4017 554 4094 de
582 4032 708 4094 cetero
735 4032 944 4105 uterentur,
971 4015 1047 4094 lata
1070 4016 1203 4095 luisset
1228 4017 1423 4096 diffinitiva
1452 4019 1640 4099 sentencia
1668 4045 1737 4124 per

309 4145 722 4229 dictumsenescallum
739 4176 808 4253 pro
826 4145 937 4225 nobis
957 4163 996 4224 et
1013 4164 1144 4226 contra
1164 4148 1285 4226 dictos
1303 4177 1404 4238 reos,
1428 4149 1518 4228 dicti
1538 4149 1592 4225 rei
1612 4177 1633 4224 a
1651 4176 1737 4254 pre-

310 4277 410 4356 dicta
429 4278 635 4370 sentencia,
650 4295 831 4385 tanquam
845 4277 894 4354 ab
907 4277 1053 4384 iniqua,
1069 4278 1118 4355 ad
1133 4307 1201 4356 nos
1216 4278 1462 4386 appellantes,
1480 4279 1648 4388 judicem
1663 4279 1735 4358 sibi

309 4409 391 4489 dari
414 4409 457 4486 in
481 4437 591 4489 causa
610 4408 875 4516 appellacionis
898 4407 1117 4515 hujusmodi
1139 4409 1408 4513 impetrarunt3
1430 4411 1496 4518 qui
1510 4409 1646 4518 judex,
1670 4439 1736 4488 vo·

309 4540 399 4617 catis
415 4540 604 4646 partibus,
622 4568 736 4646 super
754 4540 921 4646 ipsarum
939 4538 1105 4617 articulis
1128 4539 1318 4616 veritatem
1339 4539 1547 4646 inquisivit,
1567 4558 1605 4619 et
1623 4568 1736 4649 nego-

310 4670 412 4748 cium
432 4671 653 4780 hujusmodi
672 4671 881 4778 perlectum
897 4671 945 4748 ad
961 4671 1105 4748 curiam
1122 4686 1286 4748 nostram
1307 4670 1474 4748 remisit:
1493 4670 1590 4751 Visis
1609 4671 1733 4778 igitur,

309 4827 379 4907 per
399 4801 542 4879 curiam
566 4819 752 4890 nostram,
772 4818 852 4880 tam
870 4801 1084 4908 principalis
1104 4830 1218 4907 quam
1237 4799 1499 4908 appellacionis
1521 4829 1631 4880 catus
1649 4830 1736 4909 pre·

313 4931 411 5009 dicte
430 4932 545 5038 partis
565 4931 760 5038 utriusque
779 4931 1016 5041 processibus
1035 4949 1073 5008 et
1091 4931 1290 5041 diligenter
1315 4933 1544 5023 examinatis,
1566 4959 1735 5039 pronun-

311 5062 452 5140 ciatum
477 5062 564 5153 fuit,
591 5091 659 5170 per
677 5063 779 5141 curie
806 5079 933 5142 nostre
954 5061 1163 5169 judicium,
1191 5062 1290 5140 male
1311 5063 1601 5170 pronunciatum
1620 5061 1735 5142 luisse
