4450 6209
720 713 992 821 snoutrns
1017 731 1083 806 nr
1107 715 1314 806 enocha
1683 735 1731 806 as

306 869 475 950 eundem
485 870 681 949 hominem
691 872 845 952 tenebat
856 873 928 951 sub
945 872 1060 952 leodo
1075 890 1222 962 nostro,
1235 873 1384 952 racione
1395 874 1616 980 Campanis,
1627 875 1731 952 dicto
1769 881 1900 935 eninm
1912 881 1955 944 W·

304 1001 476 1080 Jobanna
494 1001 649 1078 Provain
669 1002 710 1083 in
730 1003 961 1082 contrarium
979 981 1168 1083 asserente
1188 1022 1227 1081 et
1251 1033 1291 1082 se
1312 1032 1392 1082 esse
1411 1003 1576 1082 liberum
1595 1032 1733 1111 propo-
1832 972 1894 1014 Μ’

306 1150 446 1223 uente;
462 1133 634 1222 tandem,
648 1134 751 1212 dicto
770 1134 946 1214 scutifero
962 1164 1111 1216 causam
1132 1135 1354 1244 hujusmodi
1369 1163 1447 1213 non
1461 1155 1730 1244 prosequente,

308 1264 399 1342 dicti
422 1263 643 1344 collectores
665 1282 707 1344 et
722 1267 913 1346 lohannes
927 1267 1083 1346 Provain
1102 1267 1144 1342 in
1165 1267 1297 1344 eadem
1318 1295 1427 1346 causa
1440 1286 1731 1374 processerunt:

308 1393 459 1474 Auditis
473 1395 589 1506 igitur
605 1397 820 1476 nacionibus
835 1397 1077 1490 eorumdem,
1095 1414 1135 1476 et
1148 1398 1224 1476 visa
1246 1397 1417 1506 inquesta
1437 1427 1551 1503 super
1571 1400 1661 1486 hoc,
1684 1399 1733 1478 de

309 1525 489 1605 mandato
501 1525 604 1604 curie
615 1543 760 1616 nostre,
774 1527 884 1618 facta,
896 1557 967 1634 per
978 1527 1081 1607 curie
1093 1543 1220 1606 nostre
1228 1527 1434 1635 judicium,
1450 1529 1596 1607 dictum
1610 1529 1683 1608 fuit
1697 1549 1736 1607 et

309 1657 605 1763 pronunciatum
631 1656 819 1763 predictos
838 1658 1073 1747 collectores,
1099 1687 1170 1764 pro
1194 1656 1320 1748 nobis,
1348 1657 1603 1736 intencionem
1627 1687 1733 1737 suam

308 1785 520 1892 predictam
540 1804 671 1864 contra
690 1786 833 1866 dictum
850 1789 1062 1868 Johannem
1081 1787 1240 1866 Provain
1260 1787 1489 1870 sufficienter
1505 1789 1695 1897 probasse.

366 1917 498 1996 Martis
516 1935 602 1996 ante
620 1916 966 2000 Annunciacicnem
986 1919 1227 2000 dominicam.

366 2047 540 2126 Bocellus
557 2050 770 2158 reportavit.

369 2314 528 2396 XXVIII.
558 2316 656 2396 Cum
686 2319 863 2425 magister
890 2321 1136 2427 Raymundus
1165 2320 1214 2398 de
1238 2319 1421 2411 Bisturre,
1442 2320 1559 2429 judex
1584 2350 1604 2396 a
1628 2321 1738 2398 nobis

309 2442 426 2520 datrae
442 2446 650 2526 bertrando
671 2448 719 2526 de
733 2449 943 2528 Pestilhaco
962 2451 1002 2528 in
1021 2452 1200 2530 omnibus
1216 2451 1334 2528 causis
1347 2452 1427 2527 suis
1442 2479 1555 2556 super
1569 2449 1742 2557 pluribus

316 2573 531 2667 violenciis,
553 2578 764 2656 excessibus
784 2597 823 2656 et
841 2581 988 2689 injuriis
1006 2557 1185 2688 magistro
1205 2583 1315 2659 Petro
1340 2580 1491 2669 Marini,
1511 2597 1603 2657 tunc
1624 2581 1741 2686 ipsius
1761 2563 1774 2574 ⁰

315 2705 366 2783 hl.
382 2707 594 2814 Raymundi
614 2708 712 2788 vices
725 2711 889 2818 gerenti,
908 2728 948 2789 et
962 2711 1190 2820 quibusdam
1209 2710 1291 2788 aliis
1305 2739 1392 2789 cum
1412 2737 1458 2789 eo
1477 2711 1738 2804 existentibus,

315 2835 508 2945 ipsiusque
528 2839 696 2919 officium
715 2841 834 2919 immo
857 2860 1032 2921 nostrum
1051 2842 1465 2931 exercentibus,’illatis
1485 2861 1523 2919 et
1543 2843 1668 2920 eidem
1683 2845 1741 2952 ju-

317 2967 408 3057 dici,
420 2997 489 3076 per
497 2969 643 3050 dictum
652 2964 874 3080 magistrum
883 2975 1054 3063 Petrum,
1073 2974 1309 3052 denuncietis
1324 2990 1451 3052 contra
1463 2973 1680 3081 Philippum
1693 2974 1740 3052 de

314 3098 543 3191 lencheriis,
557 3117 754 3181 tenentem
764 3103 893 3183 locum
904 3104 1124 3212 gardiatoris
1141 3105 1489 3212 Montis-Caprarii,
1507 3105 1741 3182 Bernardum

316 3229 366 3308 de
377 3232 587 3312 Pestilhaco
601 3234 649 3311 de
662 3235 827 3326 Bastida,
840 3236 1023 3314 Poncium
1037 3235 1085 3313 de
1098 3235 1404 3342 Sancto-Egidio,
1424 3235 1580 3342 Helyam
1594 3236 1641 3312 dc
1654 3236 1744 3315 Cer·

317 3380 438 3453 meto,
455 3365 657 3472 Hugonem
676 3367 724 3444 de
741 3368 942 3457 blanhaco,
960 3367 1211 3446 Bertrandum
1226 3365 1274 3446 de
1291 3366 1516 3456 Guillelm0,
1534 3384 1573 3444 et
1589 3366 1744 3445 Guillel-

316 3523 425 3573 mum
444 3495 494 3572 de
510 3496 823 3588 Pedio-Gizeelli,
845 3515 884 3576 et
902 3499 1031 3606 plures
1050 3498 1144 3576 alios
1164 3498 1338 3576 homines
1357 3496 1457 3574 dicte
1472 3496 1615 3575 bastide
1635 3501 1743 3577 Mon-

315 3622 564 3732 tis-Caprarii,
584 3627 674 3734 ipsis
691 3629 831 3711 vocatis
849 3645 888 3707 et
904 3658 974 3736 per
992 3628 1266 3707 contumaciam
1282 3627 1515 3716 absentibus,
1537 3629 1743 3737 positisque

316 3783 387 3861 per
398 3783 487 3834 eum
499 3757 644 3864 pluries
657 3757 698 3836 in
714 3759 898 3849 deffectu,
913 3760 1061 3839 lecisset
1072 3761 1267 3840 veritatem
1283 3759 1449 3867 inquiri:
1464 3758 1652 3848 Tandem,
1668 3759 1746 3838 visa

317 3887 491 3993 inquesta
511 3890 678 3995 predicta
696 3908 737 3969 et
753 3891 954 4000 diligenter
974 3893 1197 3983 examinata,
1215 3921 1284 3998 per
1298 3890 1458 3968 eandem
1478 3891 1674 3968 inventum
1691 3911 1746 3972 est

318 4018 425 4124 quod
438 4017 560 4098 dictus
571 4018 768 4129 Philippus
782 4021 830 4100 de
840 4023 1050 4101 lencheriis
1063 4023 1174 4100 etalii
1187 4021 1456 4130 prenominati,
1470 4049 1512 4099 ac
1524 4022 1585 4100 alii
1601 4023 1743 4130 plures,

317 4177 408 4228 cum
420 4179 553 4261 magna
565 4153 832 4244 multitudine,
848 4171 1001 4233 centum
1016 4155 1217 4233 hominum
1227 4170 1265 4231 et
1277 4153 1464 4260 plurium,
1480 4171 1557 4232 tam
1573 4155 1745 4262 equitum

317 4307 435 4388 quam
458 4284 650 4390 peditum,
677 4285 833 4364 diversis
856 4315 1049 4364 armorum
1071 4286 1275 4395 generibus
1299 4303 1545 4374 armatorum,
1568 4305 1747 4364 exeuntes

320 4411 493 4492 dedicta
511 4415 659 4496 bastida
677 4417 718 4494 in
735 4416 793 4493 via
812 4417 981 4523 publica,
1003 4417 1198 4495 irruerunt
1214 4417 1255 4494 in
1276 4414 1419 4494 dictum
1440 4415 1659 4522 magistrum
1679 4417 1746 4495 Pe·

318 4561 420 4622 trum
441 4573 484 4622 ac
501 4548 658 4626 Petrum
676 4547 725 4626 de
744 4548 898 4627 Mozeiis
917 4565 955 4626 et
973 4548 1232 4638 Simonetum,
1252 4545 1454 4624 servientes
1474 4561 1637 4638 nostros,
1660 4575 1745 4626 cum

320 4702 368 4754 eo
383 4676 599 4768 existentes,
614 4696 654 4757 et
665 4679 831 4758 eundem
846 4681 898 4758 M.
915 4682 1069 4758 Petrum
1082 4708 1154 4786 per
1165 4676 1315 4755 frenum
1330 4677 1419 4785 equi
1433 4677 1493 4755 sui
1507 4677 1547 4754 in
1560 4677 1683 4785 platea
1698 4681 1745 4757 de

319 4805 531 4887 Pestilhaco
547 4810 803 4900 adduxeruut,
822 4828 861 4889 et
878 4810 1023 4891 ibidem
1036 4810 1109 4888 sibi
1125 4809 1254 4918 plures
1270 4809 1424 4918 injurias
1443 4809 1670 4900 intulerunt,
1688 4812 1746 4888 in-

319 4954 382 5015 ter
392 4968 490 5045 quos
498 4941 631 5019 Petrus
641 4941 789 5021 Santilli
801 4942 937 5021 dixisse
951 4943 1155 5031 invenitur,
1168 4979 1181 5011 ι
1194 4941 1467 5020 Interficiamus
1477 4941 1619 5049 ipsum3
1635 4977 1648 5010 ι
1663 4942 1747 5020 Phi-

321 5067 429 5177 lippo
448 5071 498 5151 de
511 5071 721 5153 Joncberiis
736 5089 775 5150 et
791 5074 951 5183 Hugone
974 5073 1022 5152 de
1036 5073 1220 5153 Menhaco
1237 5071 1471 5152 dicentibus:
1489 5073 1611 5153 «Male
1628 5074 1699 5152 erit
1714 5075 1744 5152 si
