4450 6209
766 724 1036 834 anutrns
1062 743 1126 814 ar
1152 725 1360 817 raocts.
1702 744 1776 817 ars

352 886 410 963 nis
432 886 592 992 predicti
616 884 822 975 Abnanini‚
846 886 1064 994 cognicione
1088 874 1284 993 prehabito
1310 886 1514 965 summarie
1534 903 1573 964 et
1597 887 1645 964 de
1664 887 1777 996 plano
1813 901 1999 964 Puurnlv.

351 1016 398 1098 de
419 1016 593 1126 dampnis
607 1046 747 1097 ¹eorum
766 1016 962 1124 predictis,
985 1015 1277 1095 satisfactionem
1298 1016 1379 1094 lieri
1401 1036 1691 1125 competentem.
1875 995 1937 1037 Μ’

405 1149 561 1230 Veneris
574 1165 666 1228 ante
686 1152 823 1229 Ramos
841 1149 1066 1228 Palmarum.

406 1284 457 1361 M.
478 1284 556 1361 Yvo
571 1283 627 1361 de
645 1281 873 1361 Laudunaco
894 1282 1106 1389 reportavit.

407 1544 595 1622 LXXXIII.
628 1543 709 1621 lite
724 1559 843 1631 mota,
860 1544 900 1621 in
916 1543 1176 1632 curiensem,
1194 1544 1293 1620 inter
1304 1543 1486 1653 Agnetem
1501 1548 1548 1625 de
1559 1548 1778 1636 villaribus,

351 1675 520 1756 relictam
537 1674 732 1755 Guillelmi
748 1673 925 1763 tunsam,
942 1674 1137 1780 quondam
1157 1674 1306 1764 militis,
1324 1693 1489 1782 exparte
1509 1704 1603 1767 una,
1617 1696 1655 1755 et
1674 1678 1782 1757 balli-

350 1836 438 1887 vum
454 1806 502 1885 de
518 1806 713 1895 Greciaco,
728 1832 798 1911 pro
813 1804 941 1893 nobis,
955 1830 999 1881 cx
1014 1804 1145 1894 altera,
1161 1833 1336 1912 supereo
1352 1806 1457 1913 qnod
1475 1807 1574 1885 dicta
1588 1806 1712 1915 Agnes
1727 1838 1784 1888 as-

350 1937 661 2019 serebatdictum
679 1936 860 2017 ballivum
875 1936 1090 2045 judicatum
1111 1937 1305 2044 quoddam
1325 1937 1475 2015 dedisse
1495 1957 1625 2016 eontra
1645 1941 1780 2048 ipsam,

350 2069 454 2147 nulla
477 2069 538 2148 die
563 2069 611 2147 ad
632 2064 900 2147 diffiniendum
921 2068 1119 2177 assignata,
1143 2068 1379 2177 testibusque
1399 2067 1471 2147 sibi
1495 2072 1534 2148 in
1555 2072 1655 2149 dicta
1675 2100 1784 2150 causa

351 2202 570 2279 necessariis
588 2202 637 2278 ad
651 2200 810 2308 plenum
828 2226 908 2277 non
926 2194 1139 2306 productis,
1158 2227 1228 2277 nec
1252 2202 1389 2278 vocatis
1410 2203 1631 2281 bominibus
1651 2203 1783 2281 leuda-

350 2331 454 2409 tariis
473 2330 685 2410 castellania
701 2330 749 2408 de
769 2330 964 2420 Creciaco,
986 2355 1177 2437 perquos·
1190 2330 1270 2436 ipsa
1289 2330 1454 2408 debebat
1465 2332 1645 2439 judicari,
1663 2350 1708 2410 nt
1727 2334 1784 2410 di-

353 2462 471 2551 cebat,
484 2462 695 2555 secundum
710 2488 824 2537 usum
835 2478 873 2538 et
881 2460 1197 2540 consuetudinem
1208 2460 1420 2538 castellanie
1438 2464 1667 2569 supradicte,
1679 2490 1785 2570 prop

352 2612 409 2671 ter
427 2594 537 2701 quod
554 2592 706 2700 petebat
716 2592 861 2669 dictum
876 2592 1088 2701 judicatum
1105 2592 1180 2668 dici
1195 2590 1365 2679 nullum,
1379 2610 1418 2669 et
1428 2620 1468 2670 se
1484 2592 1605 2671 audiri
1622 2594 1661 2671 in
1676 2616 1785 2671 causa

351 2704 534 2833 predicta,
553 2740 592 2801 et
601 2722 764 2811 eandem
784 2723 932 2803 causam
947 2753 1016 2831 per
1030 2723 1150 2801 dictos
1164 2724 1339 2801 homines
1353 2724 1566 2815 terminari3
1589 2726 1690 2805 dimo
1705 2725 1787 2803 bal-

352 2857 426 2935 livo
446 2856 677 2934 contrarium
699 2871 888 2933 asserente
917 2871 957 2932 et
975 2854 1124 2933 dicente
1151 2880 1191 2931 se
1215 2882 1294 2931 non
1314 2855 1437 2931 teneri
1455 2854 1583 2932 ‘dictos
1607 2854 1782 2935 bomibes
1807 2950 1812 2957 ἱ
1923 2868 1929 2879 “

351 3016 499 3077 vocare,
513 3016 556 3065 ac
567 3013 678 3095 posse
694 2986 741 3064 de
755 3014 829 3064 usn
848 3002 885 3101 et
897 2984 1174 3065 consuetudine
1190 2963 1290 3063 dicte
1307 3002 1426 3079 terre,
1442 3012 1513 3091 pro
1527 2960 1639 3065 no'bis
1652 3002 1786 3065 etnos-

352 3138 412 3199 tro
422 3120 578 3198 nonrine
589 3178 598 3208 ,
611 3118 826 3203 maximein
844 3116 962 3194 causis
976 3116 1133 3205 nostris,
1150 3133 1428 3223 cognoscereet
1443 3140 1505 3193 eas
1523 3117 1692 3195 delinire·
1702 3117 1786 3195 abs-

354 3280 429 3357 que
449 3249 670 3329 bominibus
687 3248 883 3355 predictis,
903 3263 941 3324 et
954 3246 1060 3354 quod
1079 3246 1179 3323 dicta
1189 3246 1314 3354 Agnes
1328 3248 1610 3325 renunciaverat
1621 3248 1787 3356 produc»

354 3382 450 3463 tium
470 3381 640 3472 testium,
663 3396 702 3457 et
717 3378 824 3485 quod
844 3378 968 3457 eidem
989 3377 1125 3487 Agneti
1146 3394 1228 3454 erat
1245 3377 1294 3454 ad
1317 3376 1585 3456 diffiniendum
1605 3380 1788 3484 assignata

356 3513 438 3593 dics
450 3510 610 3621 quafuit
628 3509 852 3613 diffinitum:
868 3509 955 3589 Visa
971 3508 1161 3615 inquesta,
1177 3534 1293 3616 super
1304 3509 1380 3587 boc
1398 3509 1447 3585 de
1463 3509 1639 3586 mandato
1655 3526 1788 3589 nostro

350 3644 464 3736 ncta,
489 3654 558 3752 p'cr
585 3644 687 3723 cume
712 3658 841 3721 nostre
863 3640 1052 3751 judicium
1082 3641 1226 3718 dictum
1244 3639 1324 3718 luit
1345 3640 1484 3717 dictam
1506 3641 1689 3747 Agnetem
1711 3665 1788 3718 non

348 3777 530 3887 probasse
546 3774 936 3883 sufficienteraIIquid
951 3773 1226 3882 propterquod
1244 3773 1458 3879 predictum
1469 3773 1681 3879 judicatum
1698 3773 1787 3850 dicti

348 3908 484 3990 ballivi
507 3908 581 3987 dici
606 3908 742 3987 debeat
766 3934 847 3987 esse
871 3905 1041 3995 nullum,
1066 3904 1216 4013 fuitque
1233 3905 1369 3983 'dietus
1386 3904 1565 3993 ballivus,
1589 3927 1660 4011 per
1683 3904 1788 4014 idem

352 4043 466 4121 curie·
482 4059 608 4120 nostre
634 4039 839 4150 judicium,
865 4038 912 4117 ab
939 4038 1182 4146 impeticione
1211 4036 1379 4144 predicta
1411 4036 1511 4115 dicte
1539 4035 1693 4144 Agnetis
1720 4036 1788 4113 ‘ab-

356 4173 519 4265 solutus,
542 4189 581 4251 et
604 4170 676 4249 luit
699 4170 844 4249 dictum
873 4170 977 4279 quod
1003 4168 1218 4277 judicatum
1242 4169 1457 4275 predictum
1485 4169 1524 4245 in
1550 4196 1619 4245 suo
1643 4166 1784 4243 robore

355 4303 581 4384 remanebit.

412 4437 570 4519 Veneris
589 4452 676 4513 ante
695 4435 832 4513 Remos
851 4432 1078 4512 Palmarum.

414 4569 577 4678 Mangon
597 4566 811 4675 reportavit.

417 4831 607 4911 LXXXIV.
638 4831 722 4909 lite
738 4829 961 4907 mota=inter
977 4829 1132 4905 Petrum
1152 4827 1354 4920 Nimetiau,
1375 4829 1551 4916 ‹te-vico,
1575 4839 1613 4905 et
1630 4826 1792 4906 Guillel·
1849 4880 1851 4884 -

359 4962 720 5055 maudunense:
733 4978 840 5069 parte
853 4984 948 5051 una,
967 4964 1006 5036 et
1018 4958 1239 5068 magistrum
1254 4959 1431 5039 Odonem
1443 4962 1500 5039 'de
1518 4958 1788 5052 Columbariis,

359 5094 606 5177 collectorem
616 5093 755 5203 regalis
770 5092 810 5169 in
825 5092 1042 5201 episcopatu
1056 5092 1259 5171 Pictavensi
1272 5092 1494 5200 deputatum
1511 5092 1671 5180 anobis,
1690 5114 1788 5167 anno

1612 5246 1663 5307 60.
