4450 6209
513 597 603 725 sn
1098 649 1190 724 nas
1219 647 1359 724 orm.

285 805 473 866 esurirunt.
513 793 681 873 Guidoni
703 792 866 882 Odardi,
889 792 1001 871 militi
1023 810 1061 882 et
1078 793 1292 900 Aymerico,
1315 790 1398 899 ejus
1411 792 1558 897 nepoti,
1580 792 1683 871 curia
1697 813 1825 874 uostm
1839 801 1936 879 dicta

347 899 410 942 ”¹⁰⁸
514 926 675 1032 dampna
695 923 829 1002 taxavit
848 924 895 999 ad
910 922 1135 1032 quingentas
1154 941 1193 1000 et
1213 923 1344 1000 decem
1366 920 1479 1001 libras
1502 951 1565 1001 sex
1583 922 1726 1002 solidos
1744 928 1936 1010 Tumnen

510 1084 586 1146 ses,
615 1074 652 1134 et
677 1056 797 1134 dictos
825 1053 955 1131 [ratres
983 1054 1271 1159 condempnavit
1295 1052 1343 1129 ad
1370 1051 1590 1132 solvendum
1615 1055 1753 1134 dictam
1776 1063 1932 1163 pecunie

510 1188 776 1293 quantitatem,
803 1213 871 1291 pro
893 1184 1065 1290 dampnis
1085 1183 1324 1291 hujusmodi,
1341 1183 1453 1262 militi
1473 1202 1510 1262 et
1525 1183 1721 1292 Aymerico
1738 1189 1928 1292 predictis,

510 1317 666 1424 prestito
696 1317 800 1422 prius
822 1313 869 1392 ab
895 1317 949 1392 eis
971 1315 1187 1421 juramento
1213 1314 1261 1392 de
1286 1315 1492 1420 quantitate
1512 1317 1691 1422 predicta.
1722 1317 1823 1395 Dicti
1844 1349 1929 1399 sero

510 1448 618 1526 miles
640 1463 829 1554 atnepos,
853 1447 890 1524 in
916 1450 1017 1524 curia
1036 1464 1251 1552 presentes,
1271 1447 1398 1524 statim
1419 1445 1517 1526 dieta
1536 1447 1697 1554 dampna
1713 1479 1778 1526 sua
1787 1451 1931 1556 jurave·

510 1597 599 1657 runt
617 1607 737 1685 usque
758 1579 806 1656 ad
825 1578 1069 1684 quantitatem
1088 1578 1295 1684 predictam
1317 1596 1356 1655 et
1369 1577 1480 1656 ultra.

566 1709 717 1788 Sabbati
738 1710 905 1815 predicta
918 1727 1003 1818 post
1016 1707 1252 1798 Brandones,
1268 1736 1368 1786 anno
1388 1709 1548 1786 decimo.

566 1973 656 2053 CVI.
688 1973 785 2052 Cum
798 1974 897 2051 inter
911 1971 1090 2051 Jacobum
1107 1972 1154 2050 de
1169 1971 1367 2060 Chartaut,
1385 1999 1431 2049 ex
1446 2000 1523 2074 una
1534 1989 1652 2079 parte,
1670 1990 1710 2050 et
1722 1975 1927 2053 iohannem

512 2104 692 2209 Prepositi
708 2104 755 2182 de
769 2104 1139 2193 Castro-Nanthonis,
1156 2134 1200 2182 ex
1215 2104 1341 2196 altera,
1353 2103 1502 2211 questio
1518 2119 1737 2196 verteretur,
1752 2104 1793 2181 in
1807 2124 1927 2184 nostra

510 2236 627 2323 cruia,
654 2263 767 2341 super
793 2235 966 2342 eoquod
999 2234 1121 2312 dictm
1140 2235 1298 2314 lacobus
1327 2235 1404 2313 duo
1431 2234 1534 2342 paria
1556 2235 1784 2324 litterarum,
1804 2237 1923 2345 sigilio

510 2365 700 2444 Castelleti
714 2366 930 2444 Parisiensis
943 2363 1205 2474 sigillatamm3
1217 2366 1361 2471 priores
1375 2365 1674 2472 videlicetsuper
1687 2365 1827 2444 debato
1840 2364 1926 2444 duo

508 2524 594 2574 rum
614 2497 779 2575 millium
799 2514 1047 2604 nogentarum
1069 2513 1106 2574 et
1125 2496 1276 2604 triginta
1292 2495 1412 2573 trium
1430 2495 1612 2574 librarum
1631 2523 1696 2572 sex
1718 2495 1924 2574 solidorum

511 2647 547 2705 et
565 2645 650 2708 octo
672 2629 914 2706 denariorum
934 2627 1215 2715 Parisiensium,
1242 2655 1288 2703 ex
1305 2627 1522 2704 venditione
1544 2626 1725 2716 nemoris,
1747 2627 1926 2705 secundas

511 2787 616 2848 vero,
636 2787 749 2866 super
764 2758 893 2838 debito
915 2760 1080 2838 duorum
1095 2757 1257 2836 millium
1269 2757 1451 2836 librarum
1467 2757 1748 2849 parisiensium,
1765 2785 1808 2833 ex
1824 2787 1926 2836 causa

510 2890 651 2980 mutui,
681 2907 807 2966 contra
837 2889 1052 2996 predictum
1078 2890 1288 2968 Johannem
1321 2889 1474 2994 petebat
1498 2888 1712 2968 execucioni
1737 2888 1922 2976 mandaris

510 3019 806 3110 dictoiohanne,
819 3021 935 3098 adsui
950 3019 1226 3109 defensionem,
1239 3051 1259 3097 e
1273 3020 1460 3098 contrario
1472 3036 1707 3125 proponente
1715 3018 1822 3125 quod
1832 3019 1923 3124 ipse,

511 3151 558 3227 da
573 3150 751 3257 predictis
768 3151 925 3229 summis
939 3151 1133 3240 omnibus,
1149 3151 1332 3258 integram
1349 3149 1636 3228 satisfactionem
1650 3148 1790 3227 fecerat
1806 3149 1925 3226 eidem

508 3281 564 3358 vel
587 3283 668 3390 ejus
685 3300 787 3361 certo
810 3283 1004 3374 mandato,
1034 3300 1071 3361 et
1093 3282 1212 3389 quod,
1233 3311 1302 3388 per
1321 3281 1622 3388 compulsionem
1636 3281 1924 3388 justiciariomm

509 3412 653 3492 domini
675 3414 799 3521 Regis,
822 3415 900 3520 ipse
922 3413 1080 3491 solverat
1099 3413 1225 3489 eidem
1245 3439 1417 3516 magnam
1440 3413 1600 3518 pecunie
1622 3440 1808 3490 summam
1833 3411 1925 3488 ultra

509 3541 679 3622 debitum
700 3544 739 3620 in
766 3570 843 3651 quo
870 3545 949 3650 ipse
972 3543 1072 3621 dicto
1092 3542 1232 3620 Jacobo
1257 3559 1403 3648 poterat
1423 3542 1543 3620 teneri
1565 3541 1715 3619 racione
1733 3541 1925 3647 premisso
2055 3544 2058 3548 ’

504 3702 612 3766 rum,
625 3703 742 3780 quam
758 3703 944 3752 summam
962 3673 1204 3751 excedentem
1220 3672 1294 3750 sibi
1308 3671 1416 3752 reddi
1429 3672 1600 3778 petebat,
1618 3672 1700 3779 ipso
1718 3673 1757 3749 in
1777 3671 1923 3749 residuo

508 3803 709 3881 absoluto:
735 3804 921 3892 Tandem,
946 3805 1082 3881 auditis
1101 3803 1190 3881 hinc
1212 3804 1301 3881 inde
1321 3803 1544 3911 propositis,
1566 3820 1605 3881 et
1619 3803 1797 3910 inquisita
1819 3831 1924 3908 super

508 3932 697 4037 predictis,
714 3933 851 4010 vocatis
865 3934 1045 4039 partibus,
1063 3935 1214 4041 plenius
1225 3937 1390 4026 veritate,
1403 3934 1553 4040 visaque
1566 3934 1741 4041 inquesta
1749 3933 1922 4038 predicta,

509 4063 611 4140 curia
628 4080 753 4140 nostra
763 4063 976 4170 predictum
988 4066 1006 4141 J
1011 4066 1199 4143 ohannem
1216 4062 1358 4143 atotali
1374 4065 1524 4153 debito,
1535 4064 1575 4142 in
1588 4064 1767 4172 predictis
1782 4063 1923 4142 duabus

507 4191 642 4272 litteris
658 4211 850 4283 contento,
870 4197 1021 4301 penitus
1038 4197 1212 4286 absolvit,
1234 4213 1272 4274 et
1281 4194 1568 4302 condempnavit
1587 4197 1731 4274 dictum
1747 4194 1922 4272 iacobum

509 4323 555 4401 ad
565 4325 805 4403 reddendum
820 4326 944 4403 eidem
955 4329 975 4403 J
977 4327 1117 4405 ohanni
1129 4327 1220 4404 duas
1232 4327 1374 4405 litteras
1387 4327 1587 4433 predictas,
1600 4344 1641 4408 et
1649 4324 1924 4433 qtmdringintas

508 4471 545 4530 et
568 4457 812 4563 quadraginta
827 4485 969 4534 novem
982 4457 1331 4537 ⁴libras·tresdecim
1354 4458 1496 4535 solidos
1514 4475 1553 4536 et
1575 4474 1742 4564 quatuor
1755 4455 1923 4532 denarms

508 4587 745 4684 Parisienses,
766 4615 880 4693 quam
899 4616 1107 4677 summam,
1127 4617 1195 4694 per
1216 4587 1427 4694 inquestam
1448 4587 1654 4692 predictam
1677 4586 1779 4663 curie
1801 4603 1924 4663 nosue

508 4716 673 4795 constitit
697 4717 859 4794 eundem
887 4718 1084 4808 iacobum,
1111 4718 1170 4797 vel
1193 4719 1273 4825 ejus
1295 4718 1534 4808 mandatum,
1557 4718 1709 4796 racione
1736 4715 1924 4793 execucio-

507 4844 564 4920 nis
590 4845 771 4924 dictarum
801 4848 1030 4940 litterarum,
1056 4849 1143 4956 plus
1167 4848 1296 4927 debito
1315 4848 1490 4926 levavisse
1508 4877 1529 4925 a
1547 4850 1719 4930 Johanne
1735 4844 1920 4956 predicto;

508 4977 778 5081 reservavitque
790 4978 890 5055 curia
904 4996 1029 5055 nostra
1047 4979 1147 5056 dicto
1160 4978 1299 5058 Jacobo
1311 4979 1429 5086 quod,
1443 5005 1557 5084 super
1569 4978 1687 5061 misiis
1700 4990 1739 5052 ct
1754 4973 1922 5077 dampnis
