4450 6209
765 747 1032 866 suousrns
1059 765 1125 837 ur
1151 746 1356 839 raucus
1698 771 1772 847 rto

349 909 423 984 hoc
438 906 487 984 de
503 905 679 982 mandato
695 921 826 984 nostro
841 905 951 996 facta,
968 907 1046 984 visa
1061 924 1099 984 et
1114 907 1316 1016 diligenter
1327 908 1551 1000 examinata,
1566 912 1640 989 visa
1654 913 1770 992 eciam
1813 929 1943 984 Puurrz
1955 933 1999 995 lv,

348 1039 519 1147 inquesta
539 1036 633 1114 facta
658 1065 774 1144 super
800 1039 1013 1146 suspicione
1039 1042 1231 1146 proposita
1256 1058 1383 1118 contra
1409 1041 1519 1120 illum
1542 1044 1609 1151 qui
1634 1044 1771 1124 dictam
1876 1023 1938 1064 ¹³⁰²

346 1168 436 1245 lecit
462 1168 692 1274 inquestam,
719 1167 808 1275 quia
827 1169 1022 1247 inventurn
1043 1187 1101 1247 est
1124 1169 1355 1248 sufficienter
1372 1161 1575 1278 probatum
1593 1204 1772 1284 magnum

345 1299 514 1406 priorem
545 1297 643 1376 dicte
674 1299 849 1390 ecclesie,
881 1299 1033 1378 fratrem
1063 1299 1185 1378 Adam
1218 1302 1267 1379 de
1297 1305 1463 1396 hesson,
1497 1305 1772 1386 thesaurarium

348 1431 448 1508 dicte
478 1428 653 1518 ecclesie,
680 1431 916 1537 prepositum
942 1431 988 1508 de
1013 1429 1049 1508 la
1071 1431 1212 1522 Chese,
1239 1432 1519 1524 lohannetum,
1545 1437 1771 1544 armigerum
1804 1450 1817 1471 ⁹

348 1560 437 1638 dicti
465 1560 591 1668 magni
617 1560 775 1666 prioris,
806 1561 1017 1640 lohannem
1043 1562 1240 1640 Forminet
1269 1579 1306 1640 et
1333 1564 1554 1654 Tassinum,
1581 1595 1655 1643 una
1685 1597 1773 1646 cum

347 1690 576 1799 quibusdam
595 1691 677 1767 aliis
703 1690 950 1798 complicibus
980 1667 1058 1769 suis
1081 1691 1257 1770 invasisse
1281 1693 1466 1773 violenter
1494 1713 1532 1774 et
1553 1727 1639 1774 cum
1659 1701 1772 1776 armis

348 1819 573 1911 Letardum,
602 1822 785 1928 majorem
810 1822 901 1900 dicti
929 1821 1076 1899 domini
1105 1823 1154 1900 de
1179 1822 1338 1912 Wlmis,
1361 1825 1408 1903 de
1434 1825 1614 1916 Carelles,
1638 1845 1676 1905 et
1700 1829 1772 1906 sibi

348 1952 564 2032 rescussisse
578 1952 743 2060 quedam
760 1952 935 2030 animalia
954 1981 1029 2060 que
1051 1953 1175 2032 dictus
1190 1954 1320 2062 major,
1342 1955 1381 2032 in
1396 1955 1572 2036 chemino
1594 1958 1684 2035 dicti
1706 1961 1774 2037 do-

348 2084 440 2160 mini
457 2083 505 2161 de
518 2081 658 2163 Wlmis
671 2083 917 2192 justiciando,
936 2103 1086 2192 ceperat
1101 2103 1139 2162 et
1156 2111 1284 2163 secum
1300 2086 1480 2174 ducebat,
1494 2106 1533 2165 et
1548 2115 1613 2166 eos
1627 2089 1770 2167 dictum

348 2216 529 2322 majorem
542 2214 756 2293 verberasse
772 2243 893 2322 usque
908 2215 956 2292 ad
972 2214 1165 2322 sanguinis
1181 2216 1423 2307 effusionem,
1443 2247 1512 2325 per
1527 2221 1628 2296 curie
1645 2239 1772 2298 nostre

343 2347 550 2454 judicium,
568 2347 712 2424 dictum
724 2346 797 2424 luit
809 2365 847 2424 et
857 2346 1147 2453 pronunciatum
1162 2347 1266 2453 quod
1281 2347 1404 2426 dictus
1414 2347 1520 2427 locus
1533 2349 1582 2427 de
1594 2351 1772 2457 predictis

349 2478 573 2556 animalibus
592 2479 817 2566 resaisietur,
838 2495 875 2555 et
893 2477 999 2586 quod
1018 2477 1108 2553 dicti
1133 2476 1392 2556 malefactores
1417 2479 1517 2557 dicto
1538 2481 1696 2558 domino
1724 2483 1771 2559 de

349 2609 505 2702 Wlmis,
524 2636 595 2716 pro
614 2609 807 2688 violenciis
827 2627 865 2688 et
884 2609 1057 2716 dampnis
1071 2609 1269 2716 predictis,
1289 2609 1434 2687 solvent
1453 2612 1639 2718 sexaginta
1660 2609 1773 2690 libras

348 2740 629 2818 Tmonensium
649 2740 856 2829 bonomm,
877 2757 936 2830 et,
956 2767 1024 2847 pro
1049 2739 1208 2816 emenda
1227 2755 1368 2830 nostra,
1387 2759 1542 2850 propter
1564 2742 1772 2848 predictam

349 2898 540 2950 armorum
557 2872 829 2979 portacionem,
853 2872 942 2950 dicti
963 2871 1076 2979 prior,
1098 2871 1355 2948 thesaurarius
1376 2889 1414 2948 et
1432 2873 1647 2979 prepositus
1667 2873 1772 2950 mille

349 2991 480 3094 libras,
503 3020 543 3080 et
557 3002 647 3081 dicti
665 3003 873 3094 lohannes,
894 3002 1072 3080 Tassinus
1092 3018 1131 3078 et
1151 3002 1357 3091 lohannes,
1374 3002 1535 3110 quilibet
1550 3032 1702 3094 eorum,
1718 3005 1773 3082 vi-

348 3136 443 3242 ginti
465 3133 580 3212 libras
597 3139 841 3214 Turonenses
858 3135 969 3214 nobis
983 3131 1206 3240 persolvent.

405 3266 533 3344 Martis
550 3266 727 3373 predicta.

406 3395 580 3475 Bocellus
597 3396 812 3503 reportavit.

407 3662 566 3742 XXXIV.
597 3663 695 3740 Cum
717 3658 892 3766 magister
912 3657 1157 3738 Theobaldus
1183 3659 1304 3738 dictus
1324 3658 1497 3738 Maucion
1518 3658 1775 3767 proposuisset

352 3819 477 3870 coram
490 3793 681 3900 preposito
696 3792 912 3882 Parisiensi,
934 3791 1040 3899 quod
1060 3791 1274 3897 Stephanus
1294 3789 1415 3869 dietus
1435 3790 1484 3868 de
1504 3791 1720 3870 Mondidier
1738 3809 1775 3868 et

353 3923 434 4030 ejus
452 3950 547 4000 uxor
563 3921 791 4000 tenebantur
811 3921 935 3999 eidem
960 3907 1000 3998 in
1024 3921 1212 4029 sexaginta
1237 3919 1345 3998 libris
1367 3920 1655 4012 Parisiensibus,
1678 3921 1775 3999 sicut

351 4080 420 4160 per
439 4053 580 4130 litteras
595 4052 787 4131 Castelleti
807 4052 1023 4130 Parisiensis
1044 4051 1192 4128 dicebat
1211 4079 1407 4159 apparere,
1431 4063 1485 4144 et,
1506 4068 1634 4129 contra
1654 4049 1774 4128 dictos

352 4184 529 4293 conjuges
548 4183 596 4259 ad
615 4183 688 4261 hoc
713 4185 862 4275 citatos,
887 4183 1059 4289 peciisset
1079 4183 1195 4260 dictas
1215 4180 1358 4260 litteras
1380 4182 1594 4259 execucioni
1618 4180 1774 4258 deman-

353 4315 433 4392 dari
456 4315 628 4393 inbonis
649 4314 843 4423 cujusdam
862 4311 970 4390 firme
992 4341 1106 4420 quam
1127 4313 1307 4391 tenebant
1325 4313 1414 4391 dicti
1432 4313 1612 4421 conjuges
1629 4341 1649 4387 a
1670 4311 1776 4391 Guil-¹

354 4445 468 4522 lelmo
483 4445 585 4523 dicto
601 4447 649 4523 dc
667 4449 762 4536 Buc,
780 4446 982 4552 armigero,
1006 4459 1048 4524 et,
1057 4443 1233 4552 magister
1248 4441 1473 4551 Reginuldus
1493 4443 1615 4522 dictus
1634 4440 1670 4518 le
1689 4442 1773 4533 Bcl,

355 4576 483 4654 dicens
496 4576 595 4654 dicta
609 4578 709 4655 bona
727 4577 774 4653 ad
791 4603 832 4653 se
846 4575 1051 4682 pertinere,
1069 4601 1113 4651 ex
1135 4601 1245 4652 causa
1261 4570 1503 4680 empcionisa
1520 4571 1628 4650 dictis
1647 4573 1777 4680 conju-

354 4706 465 4814 gibus
484 4707 557 4785 sibi
574 4707 685 4799 facte,
702 4708 742 4783 in
760 4705 979 4815 hujusmodi
1000 4733 1039 4782 se
1060 4704 1312 4812 opposuisset,
1330 4702 1534 4780 scientibus
1555 4701 1778 4812 conjugibus

355 4837 577 4927 antedictis,
603 4865 819 4946 proponens
845 4837 974 4943 plures
1004 4835 1174 4914 raciones
1199 4852 1353 4942 propter
1380 4861 1472 4941 quas
1501 4832 1649 4913 dicebat
1675 4835 1780 4941 quod

356 4967 454 5046 dicte
480 4967 605 5046 littere
631 4996 710 5048 uon
737 4968 921 5046 deberent
950 4966 1059 5046 dictis
1085 4966 1197 5045 bonis
1228 4963 1443 5044 execucioni
1473 4963 1712 5052 demandari,
1743 4979 1781 5039 et

357 5097 495 5177 auditis
510 5097 725 5178 racionihus
744 5098 835 5177 dicti
854 5097 1067 5208 Reginaldi,
1084 5115 1123 5175 et
1138 5095 1420 5175 defensionibus
1440 5095 1529 5174 dicti
1549 5089 1778 5181 Theobaldi,

424 5254 494 5316 'ces
515 5274 597 5318 ortu.
614 5276 660 5317 ur.
988 5313 994 5322 ,
1614 5252 1652 5312 3²
