4450 6209
497 679 572 754 214
1078 681 1170 757 LES
1197 681 1340 758 omn.

269 825 458 890 saansaan.
551 823 675 904 XLIII.
706 827 804 921 Cum
817 825 1149 904 interDurandum
1160 824 1270 902 Fabri
1281 821 1532 914 dellrvemia,
1545 825 1743 919 alericum,
1759 845 1920 936 exparte

331 919 394 961 lm
496 985 586 1047 una,
600 987 643 1035 ac
651 959 864 1036 Iohannem
875 975 915 1036 et
923 957 1101 1065 Egitlium
1117 958 1237 1036 dictos
1256 957 1303 1034 de
1320 955 1546 1048 Silvanectes.
1565 959 1768 1036 servientes
1783 959 1922 1040 Castel

495 1089 560 1169 leti
575 1091 808 1178 Parisiensis‚
821 1113 866 1167 eu
877 1107 981 1196 parte
992 1090 1124 1180 altera,
1134 1089 1285 1197 questio
1295 1105 1505 1166 verteretur
1516 1111 1630 1195 super
1644 1113 1691 1168 eo
1701 1091 1807 1198 qnod
1817 1093 1919 1170 idem

494 1223 696 1300 Dtanndns
710 1221 858 1316 dicebat
871 1221 976 1328 quod
988 1221 1078 1298 dicti
1092 1222 1296 1298 servientes
1313 1221 1451 1328 injuste
1467 1245 1601 1300 manus
1616 1245 1702 1301 suas
1716 1223 1921 1332 injecerant

493 1355 534 1430 in
554 1381 643 1433 eam
661 1370 807 1432 temere
821 1352 1020 1440 violentas,
1043 1354 1168 1458 Ipsum
1187 1351 1439 1458 perentiendo
1459 1351 1531 1430 sub
1553 1353 1714 1443 maxilla,
1732 1355 1919 1462 pulsando

492 1485 531 1562 in
547 1503 700 1592 pectore
718 1503 756 1564 et
769 1479 938 1594 lingendo
958 1484 1126 1562 eundem
1143 1501 1230 1562 eam
1249 1505 1337 1560 ense
1355 1501 1534 1576 extraeto,
1548 1486 1654 1591 quasi
1667 1484 1809 1563 vellent
1829 1517 1941 1582 eum,

491 1618 721 1709 interficere,
736 1617 901 1694 convicia
915 1633 956 1693 et
965 1615 1169 1722 opprobria
1180 1615 1252 1692 alia
1265 1611 1336 1694 sibi
1350 1615 1513 1692 dieendo
1529 1631 1568 1692 et
1580 1613 1793 1706 inferendo,
1806 1647 1920 1724 quarn

491 1748 670 1855 iujuriam
685 1749 872 1827 sustinere
882 1747 1082 1835 noluisset,
1098 1765 1143 1824 ut
1157 1745 1319 1836 dicebat,
1338 1771 1405 1850 pro
1419 1761 1571 1824 centum
1584 1748 1745 1826 marchis
1758 1752 1916 1855 argenti,

491 1881 611 1959 immo
625 1881 744 1993 magis
758 1880 938 1958 voluisset
952 1896 1101 1958 tantum
1118 1878 1167 1957 de
1185 1903 1256 1956 suo
1268 1877 1422 1984 proprio
1436 1872 1669 1984 perdidisses
1685 1901 1802 1985 quare
1821 1899 1919 1985 pete

491 2010 557 2090 bat
577 2013 697 2090 dictos
719 2012 922 2092 servientes
940 2036 1054 2118 super
1073 2010 1147 2087 hiis
1166 2009 1312 2115 puniri,
1336 2025 1374 2086 et
1396 2008 1595 2087 eruendam
1614 2009 1715 2088 dicto
1735 2012 1917 2088 Durando

491 2142 575 2220 fieri
589 2153 888 2250 conpetentem
904 2167 949 2218 ex
962 2138 1118 2218 adverso
1134 2158 1261 2218 antem
1281 2139 1467 2247 negabant
1482 2139 1572 2218 dieti
1590 2142 1793 2218 servientes
1811 2141 1916 2249 quod

489 2275 761 2378 percussissent
773 2301 842 2352 sea
857 2273 1070 2379 pulsassent
1084 2271 1265 2360 eundem,
1286 2271 1456 2348 dieentes
1470 2271 1575 2378 quod
1595 2273 1625 2348 si
1643 2273 1854 2380 tetigerunt
1867 2273 1918 2378 ip·

489 2407 664 2486 sumsuh
683 2404 849 2496 maxilla,
870 2405 944 2482 hoc
961 2404 1135 2482 fecerunt
1153 2405 1233 2480 sine
1253 2398 1397 2480 lesione
1420 2402 1539 2509 ipsius
1560 2419 1598 2480 et
1615 2401 1756 2510 absque
1778 2429 1915 2511 propo·

489 2537 561 2615 sito
576 2536 781 2644 injuriandi
801 2537 944 2626 eidem,
962 2537 1065 2628 licet,
1084 2554 1127 2614 ut
1145 2536 1359 2616 asserebant
1376 2535 1467 2612 dicti
1488 2535 1707 2624 servientes,
1724 2535 1828 2615 iden
1846 2538 1916 2614 Do·

489 2669 629 2745 raudus
643 2669 781 2746 multas
793 2666 1023 2746 rebelliones
1036 2684 1164 2744 contra
1176 2669 1278 2774 ipsos
1294 2667 1457 2755 seclesets
1473 2683 1510 2744 et
1523 2667 1553 2744 si
1565 2691 1694 2744 ensem
1706 2683 1911 2756 traxerunt,

489 2801 562 2876 hoc
577 2828 655 2878 non
667 2799 839 2877 lecerunt
851 2827 960 2876 causa
975 2798 1195 2892 invasionis,
1212 2798 1280 2878 sed
1295 2797 1527 2877 defensionis
1542 2823 1692 2888 eorum,
1707 2823 1795 2876 cum
1810 2800 1913 2876 nme

490 2948 574 3008 rent
591 2958 639 3006 ne
655 2929 778 3008 dictus
794 2930 998 3009 Durandus
1012 2946 1180 3008 curreret
1198 2930 1488 3009 adsumendum
1504 2957 1607 3007 arma
1622 2947 1661 3006 et
1674 2930 1722 3006 ad
1737 2931 1912 3010 invaden—

490 3061 584 3138 dum
604 3059 757 3138 eosdem
778 3092 788 3136 ε
808 3061 895 3140 Visa
914 3060 1029 3168 igitur
1046 3062 1218 3168 inquesta
1239 3087 1353 3167 super
1373 3057 1447 3138 hiis
1464 3059 1576 3149 lana,
1600 3062 1777 3167 inspeetis
1798 3061 1912 3171 eciam

487 3210 564 3269 tam
578 3192 749 3301 personis
762 3217 877 3299 qaum
897 3190 1186 3270 condicionibus
1200 3192 1369 3299 parcium
1387 3191 1658 3298 predictarum,
1678 3194 1769 3298 quia
1785 3219 1913 3298 reper-

487 3342 570 3401 tum
590 3320 664 3401 fuit
680 3321 799 3402 dictos
822 3323 1027 3401 servientes
1046 3324 1085 3400 in
1106 3311 1299 3431 premissis
1318 3323 1515 3401 exsaniata
1536 3322 1713 3430 dictoque
1734 3325 1914 3402 Durande

488 3456 664 3563 injuriam
688 3455 962 3562 intulisse,·per
980 3452 1125 3532 curiam
1149 3474 1315 3534 nostram
1335 3454 1479 3534 dictem
1499 3454 1571 3532 fuit
1598 3456 1703 3562 quod
1724 3453 1814 3532 dicti
1835 3479 1912 3532 sen

487 3589 630 3666 vientes
647 3583 795 3665 solvent
813 3587 914 3664 dicto
933 3581 1129 3678 Dorsone,
1152 3613 1221 3695 pro
1242 3587 1421 3677 emenda,
1444 3587 1576 3666 decem
1597 3586 1712 3666 libras
1731 3586 1914 3664 Parisisn-

488 3719 586 3795 sium
605 3745 806 3825 parvorum
822 3719 1028 3808 bonorum,
1044 3721 1074 3796 si
1091 3718 1214 3798 dictus
1227 3719 1431 3799 Durandus
1446 3737 1593 3796 tantum
1605 3721 1733 3826 jurare
1748 3720 1853 3808 velit,
1875 3732 1913 3795 et

487 3867 672 3957 quantana
686 3851 737 3927 ad
750 3849 947 3928 residuum
963 3845 1215 3931 eslimacionis
1234 3869 1386 3930 centum
1406 3854 1644 3930 martharum
1659 3850 1910 3957 predictarum

487 3979 642 4058 leserunt
662 3976 765 4058 idem
781 3981 983 4060 servientes
1002 3983 1279 4062 sentencialiter
1299 3983 1473 4061 absoluti.
1502 4035 1506 4042 -

543 4113 703 4191 Veneris
716 4129 803 4220 post
815 4114 1075 4222 Epiphaniam.

543 4247 701 4323 Sanctus
719 4243 885 4322 obertus
898 4247 1111 4351 reportavit.

540 4490 663 4568 XLIV.
694 4489 780 4570 Visa
792 4491 983 4597 inquesta,
997 4506 1128 4570 contra
1137 4491 1337 4598 majorem,
1350 4493 1494 4599 juratos
1505 4510 1543 4568 et
1554 4491 1813 4570 eornmuniatn
1822 4492 1907 4570 ville

485 4620 656 4727 Corbeye
671 4621 780 4711 lacta,
798 4650 913 4729 super
926 4650 973 4700 eo
986 4623 1093 4730 quod
1109 4622 1179 4729 ipsi
1200 4649 1322 4730 nuper
1343 4643 1444 4702 extra
1461 4652 1574 4704 suum
1594 4623 1846 4710 territorum,
1869 4625 1907 4700 in

483 4767 582 4826 terra
592 4768 630 4827 et
632 4752 783 4858 justicia
796 4752 941 4832 abbatis
954 4770 993 4832 et
1003 4772 1209 4834 conventus
1218 4753 1453 4845 corbiensis,
1464 4756 1575 4836 turba
1586 4755 1908 4834 multorumcoed·

399 4931 403 4938 -
484 4898 613 4969 unata,
631 4910 733 4960 arma
747 4901 983 4990 portaverant
1002 4915 1069 4992 per
1088 4887 1248 4966 modum
1268 4888 1451 4979 vindicte,
1468 4915 1536 4995 per
1550 4888 1653 4966 curis
1669 4904 1798 4966 nosne
1807 4885 1908 4994 judi-

483 5012 602 5101 cium,
618 5012 707 5090 dicti
723 5015 853 5122 major,
864 5016 979 5122 jurati
996 5034 1033 5092 et
1048 5019 1262 5097 communia
1282 5021 1320 5096 in
1341 5019 1542 5099 enrendam
1561 5019 1854 5125 quingentarum
1870 5015 1909 5092 li·
