4450 6209
744 725 1009 833 srousrns
1035 742 1098 815 nr
1125 724 1330 818 pauens.
1671 741 1746 817 sss

327 887 469 964 amiam
488 882 708 992 appellavit:
727 883 877 962 Auditis
895 883 1009 992 igitur
1029 882 1140 964 dictis
1153 884 1339 992 partibus,
1360 884 1399 961 in
1423 883 1526 962 curia
1544 899 1685 973 nostra,
1707 885 1747 963 iu
1786 891 1973 954 P¹12¹⁹²¹¹V2
2045 972 2055 984 ,

327 1043 436 1095 causa
459 1015 721 1124 appellacionis
749 1016 933 1122 predicte,
963 1033 1002 1094 et
1024 1016 1102 1093 viso
1132 1034 1171 1095 et
1195 1017 1398 1124 diligenter
1421 1015 1627 1092 examinato
1651 1016 1749 1092 dicte
1849 983 1912 1027 mi

325 1148 540 1255 principalis
553 1174 661 1225 cause
674 1174 866 1252 processu,
877 1174 947 1252 per
959 1148 1060 1224 curie
1074 1165 1201 1225 nostre
1210 1147 1414 1255 judicium,
1430 1145 1656 1224 fuitdictum
1666 1174 1752 1251 pre·

328 1280 494 1387 positum
510 1297 550 1357 ct
567 1279 746 1358 ballivum
765 1277 955 1384 predictos
970 1278 1067 1358 bene
1083 1279 1272 1388 judicasse
1288 1294 1328 1356 et
1340 1279 1464 1384 ipsum
1479 1275 1640 1355 militem
1656 1276 1752 1354 male

329 1411 550 1518 appellasse,
574 1426 612 1487 et
630 1410 735 1516 quod
755 1409 834 1515 ipse
855 1409 929 1488 boe
947 1410 1175 1490 emendabit.

384 1541 541 1622 Veneris
561 1557 644 1618 ante
665 1543 919 1619 Pentecosten.

384 1676 415 1751 J.
438 1675 486 1751 de
505 1675 600 1750 Usco
618 1672 830 1779 reportavit.

385 1936 526 2016 XXVII.
557 1935 638 2011 Lite
664 1949 779 2023 mota,
807 1961 933 2012 eoram
951 1936 1142 2041 preposito
1165 1936 1377 2024 Parisieusi,
1399 1935 1498 2014 inter
1513 1936 1756 2016 Vincencimn

330 2068 377 2146 de
395 2068 507 2175 Nigro
524 2082 561 2142 et
579 2065 659 2173 ejus
674 2092 844 2154 uxorem,
864 2095 908 2142 ex
923 2095 995 2143 una
1010 2083 1134 2173 parte,
1153 2085 1191 2144 et
1206 2068 1424 2174 magistrum
1442 2068 1652 2145 Johannem
1664 2069 1758 2149 Bsu·

329 2197 436 2288 nelli,
460 2227 503 2274 ex
522 2196 652 2285 altera,
675 2224 788 2301 super
808 2223 853 2272 eo
874 2197 979 2303 quod
998 2196 1100 2274 idern
1122 2199 1373 2286 Veucencius,
1399 2227 1470 2276 suo
1490 2215 1529 2275 et
1545 2201 1672 2276 uxoris
1689 2229 1755 2278 sue

329 2328 498 2418 nomine,
515 2326 750 2433 proponebat
769 2325 873 2432 quod
891 2328 1201 2433 compromissum
1220 2326 1359 2405 factum
1374 2326 1495 2404 fuerat
1514 2329 1553 2405 in
1567 2345 1687 2407 certos
1702 2359 1758 2407 ar-

329 2460 463 2548 bitros,
481 2488 501 2536 a
515 2459 624 2535 dictis
633 2455 804 2564 partibus
818 2460 1068 2536 communiter
1080 2459 1234 2550 electos,
1250 2488 1348 2566 pena
1365 2477 1404 2537 et
1417 2459 1633 2567 juramento
1646 2460 1757 2539 valla-

328 2607 429 2680 tum,
452 2589 499 2666 de
519 2588 680 2695 quadam
700 2589 949 2666 controversia
964 2590 1061 2667 inter
1080 2617 1148 2668 eos
1161 2608 1241 2668 orta
1260 2619 1375 2698 super
1387 2591 1511 2670 tribus
1525 2592 1687 2699 arpentis
1706 2594 1758 2669 vi-

330 2749 486 2800 nearum
508 2749 586 2799 uno
604 2717 796 2826 quarterio
817 2719 958 2812 minus,
986 2721 1140 2798 sitarum
1159 2721 1261 2827 apud
1279 2722 1483 2829 Baigneux,
1505 2723 1759 2802 Saint-Eblant

330 2870 368 2931 et
382 2882 445 2932 sex
459 2869 496 2931 et
511 2850 780 2960 quinquaginta
795 2853 925 2930 solidis
944 2868 983 2929 et
1000 2879 1063 2931 sex
1082 2852 1248 2930 denariis
1265 2854 1378 2930 annui
1398 2881 1546 2944 census,
1563 2854 1644 2932 sitis
1658 2854 1758 2932 Pari·

329 2983 421 3074 sius,
448 2982 622 3060 videlicet
641 2977 889 3095 quadraginta
912 2984 1044 3063 solidis
1064 2984 1145 3062 sitis
1168 3012 1283 3090 supra,
1303 2984 1465 3092 quadam
1488 2985 1605 3062 domo
1627 2985 1695 3062 sita
1715 2985 1756 3062 in

262 3195 266 3200 .
328 3116 408 3195 vico
430 3114 777 3209 Sancti-Germani,
800 3119 838 3194 in
858 3146 931 3225 qua
951 3115 1121 3193 habitant
1137 3116 1312 3193 monachi
1332 3115 1380 3194 de
1401 3117 1693 3224 Regali-Monte,
1720 3133 1759 3194 et

328 3246 516 3324 sexdecim
531 3244 663 3322 solidis
682 3275 745 3326 ser
767 3248 931 3326 denariis
940 3247 1024 3340 'sitis
1038 3273 1151 3352 srrpra
1168 3246 1282 3323 domo
1294 3274 1370 3352 que
1384 3245 1457 3324 suit
1471 3247 1652 3325 Johannis
1666 3247 1756 3324 dicti

328 3379 488 3488 Aquart,
509 3383 549 3459 in
563 3385 644 3462 vico
660 3381 728 3493 qui
749 3379 853 3456 ducit
866 3379 912 3454 de
927 3377 1146 3454 Ferrouaria
1163 3376 1211 3452 ad
1220 3405 1371 3454 crucem
1386 3377 1466 3454 dou
1480 3377 1624 3466 Tiroer,
1640 3376 1679 3453 in
1692 3405 1758 3453 cu-

329 3536 403 3590 neo
419 3511 487 3588 alle
507 3513 809 3620 pellipariorum
827 3509 893 3615 qui
908 3507 1066 3613 quidem
1087 3507 1215 3584 arbitri
1234 3523 1406 3612 suscepto
1425 3507 1464 3582 in
1481 3534 1521 3584 se
1538 3535 1652 3585 onere
1668 3506 1757 3584 dieti

330 3645 603 3749 compromissi,
624 3642 863 3752 presentibus
881 3639 994 3716 dictis
1011 3637 1182 3745 partibus
1198 3655 1237 3716 et
1249 3636 1476 3716 sentenciam
1495 3635 1582 3714 ferri
1596 3637 1759 3743 petenti·

330 3774 417 3863 bus,
434 3777 776 3880 pronunciaverunt
788 3771 894 3882 quod
907 3771 1014 3849 vinee
1030 3787 1068 3847 et
1081 3795 1216 3847 census
1230 3769 1388 3876 predicti
1402 3785 1529 3845 essent
1540 3795 1758 3846 communes

332 3905 430 3981 inter
443 3923 564 4010 partes
578 3907 763 4011 predictas
780 3920 817 3980 et
831 3902 879 3978 ad
891 3900 1098 4008 quamlibet
1112 3899 1293 4007 ipsarum,
1310 3927 1381 4006 pro
1394 3916 1499 4006 parte
1514 3898 1657 3987 media,
1673 3925 1759 4004 per·

331 4034 508 4124 tinemut,
530 4035 635 4112 n'ulla
655 4032 853 4112 sufficienti
875 4032 1152 4110 contradicione
1172 4061 1238 4111 seu
1261 4031 1528 4146 redamacione
1552 4057 1666 4138 snper
1684 4028 1758 4108 hoc

332 4182 481 4271 sequta3
508 4193 624 4271 quare
643 4165 796 4272 petebat
819 4164 923 4240 idem
943 4164 1191 4253 Vencencius,
1215 4164 1368 4241 nomine
1392 4191 1470 4269 quo
1488 4189 1618 4269 supra,
1642 4161 1759 4238 dietas

333 4295 541 4387 res-dividi,
564 4314 603 4373 et
616 4313 762 4402 partem
782 4294 978 4372 dimidiam
994 4293 1149 4370 cuilibet
1163 4319 1296 4369 eorum
1310 4291 1501 4400 assignari,
1515 4291 1618 4398 juxta
1637 4289 1757 4366 dicto·

333 4455 417 4504 rum
431 4428 655 4504 sentenciam
671 4427 912 4515 arbitrorum,
931 4453 1016 4502 cum
1036 4423 1116 4531 ipse
1134 4421 1271 4512 nollet,
1293 4439 1336 4499 ut
1356 4421 1518 4510 dicebat,
1535 4417 1696 4525 amplius
1716 4419 1756 4494 in

334 4557 431 4635 dicta
454 4559 717 4636 communione
739 4584 950 4651 remanere;
972 4556 1073 4633 dicto
1091 4555 1268 4663 magistro
1286 4553 1457 4632 Jobanne
1476 4577 1532 4639 se,
1555 4547 1684 4627 multis
1700 4575 1758 4625 ra·

334 4687 514 4776 cionibus,
541 4689 580 4765 in
600 4689 827 4768 contrarium
852 4686 1077 4766 defendente
1098 4703 1136 4764 et
1159 4684 1305 4762 dicente
1324 4682 1551 4761 arbitrorum
1569 4680 1758 4789 predicto·

333 4845 417 4896 rum
437 4820 661 4897 sentenciam
679 4847 755 4897 non
777 4819 913 4908 valere,
934 4845 1006 4894 nec
1023 4843 1068 4894 ex
1088 4845 1132 4894 ea
1151 4816 1374 4893 divisionem
1392 4812 1476 4891 fieri
1495 4812 1655 4905 debere3
1674 4828 1759 4888 tan-

334 4948 437 5036 dem,
464 4949 600 5025 auditis
627 4979 740 5057 super
765 4949 838 5029 boc
867 4949 1081 5028 racionibus
1103 4947 1272 5054 parcium
1297 4945 1570 5053 predictarum,
1595 4943 1756 5048 visisque

335 5078 638 5185 depositionibus
655 5082 827 5170 testium,
852 5097 891 5158 et
911 5079 1087 5187 inspectis
1105 5077 1301 5157 tenoribus
1319 5077 1653 5157 instrumentorum
1670 5099 1757 5178 pro·

1578 5228 1628 5290 83.
