4450 6209
761 747 1353 855 ovoutrussrrsocss
1407 806 1411 812 ψ
1695 770 1769 844 sss

349 907 447 983 dinis
461 905 650 985 dictorum
666 904 853 1002 Gnidouis
868 925 906 985 et
921 908 1125 1016 hymenei,
1143 910 1284 997 stollis
1302 912 1379 988 suis
1398 908 1525 1019 bonis,
1547 913 1772 1019 poqnonoel·
1811 920 1942 977 rmum
1954 922 1995 984 tv,

348 1037 405 1117 les
430 1036 476 1113 de
497 1038 609 1115 armis
627 1038 765 1123 ansuis
784 1046 986 1145 ponerem,
1015 1040 1210 1147 diotosquc
1222 1041 1459 1119 ¹Gnidanam
1474 1059 1513 1119 et
1531 1042 1771 1151 Aymericnm
1873 1014 1934 1057 Μ

348 1187 385 1247 et
402 1172 658 1249 eorum-boos
678 1171 928 1275 defenderent
946 1171 993 1250 ab
1014 1173 1164 1281 injuriis
1181 1190 1220 1249 et
1240 1173 1437 1251 violenciis
1448 1173 1770 1284 quibuscumqner

348 1320 384 1377 et
398 1301 502 1409 quod
517 1320 602 1408 post
618 1302 688 1390 hec
709 1302 838 1381 ornnia
852 1302 942 1380 dicti
959 1302 1106 1395 fratres,
1117 1305 1506 1411 mngmgrslissooum
1523 1306 1670 1389 ebriter
1683 1336 1771 1384 een-

348 1451 429 1510 tum
448 1432 671 1511 bominibus
687 1434 728 1511 in
743 1452 879 1540 oporto
896 1434 1048 1513 ematis
1063 1437 1102 1511 io
1117 1436 1242 1540 equis,
1254 1452 1300 1511 et
1310 1436 1459 1513 circiter
1472 1438 1686 1545 quingentis
1703 1468 1791 1545 1³⁰¹,

347 1565 498 1643 ditibus'
513 1566 659 1643 diverse
683 1594 878 1643 armerum
901 1588 1049 1676 genem·
1063 1565 1315 1672 portantibus,
1344 1584 1477 1645 euntes
1502 1568 1557 1645 sd·
1571 1587 1773 1679 stangnum

348 1699 437 1775 dicti
452 1696 839 1787 GuidonisOuderdi,
856 1696 1102 1777 obviaverunt
1111 1696 1223 1778 dictis
1232 1699 1651 1793 nostris-servientibus,
1664 1702 1774 1808 signi

347 1828 563 1918 boantibus,
584 1829 847 1907 inhibentibus
865 1846 904 1905 et
921 1828 1349 1935 precipientibusrdiotis
1365 1829 1544 1908 frutribus
1564 1848 1602 1909 et
1619 1859 1774 1939 generas

346 1962 433 2039 liter
445 1962 626 2041 omnibus
641 1960 789 2038 aliis-ne
802 1960 929 2067 aliqua
941 1962 1153 2070 gravamina
1168 1960 1443 2041 velui'oleneias
1456 1961 1774 2052 ivdetuontinbo·

347 2094 404 2169 nis
429 2092 617 2170 dictorum
642 2091 831 2171 (luidonis
858 2108 902 2169 et
919 2091 1260 2200 Aymericiss'prout
1283 2093 1337 2169 eis
1361 2122 1383 2169 a
1408 2093 1510 2171 dieto
1531 2092 1773 2173 ballivoorat

347 2224 534 2323 datumin
562 2224 745 2301 mandatis
766 2252 834 2331 per
858 2222 1117 2331 litterasqnae
1136 2224 1250 2314 dictis·
1265 2224 1441 2303 fratribus
1460 2242 1497 2302 et
1516 2226 1598 2303 aliis
1620 2227 1772 2333 publico

348 2354 613 2443 ostendebant3
635 2384 801 2462 numque
818 2354 1018 2462 peoiissent
1037 2385 1058 2431 a
1079 2354 1455 2433 dietisservientibus
1472 2357 1581 2464 quod
1598 2385 1772 2463 pennon-

346 2489 484 2567 eellum
505 2506 677 2565 nostrum
701 2487 739 2563 in
760 2488 860 2565 dicto
886 2504 1044 2595 stangno
1065 2488 1232 2593 positum
1253 2506 1483 2577 amoverent,
1506 2488 1673 2596 dictique
1692 2518 1772 2567 ser-

345 2621 486 2699 vientes
501 2621 573 2697 hoc
589 2618 710 2697 lacere
725 2619 948 2713 noluerunt,
964 2635 1001 2697 et
1015 2636 1107 2696 tuno
1125 2620 1216 2697 dicti
1234 2618 1383 2711 fratres,
1398 2619 1558 2698 ulterius
1572 2636 1772 2699 transeun„

344 2769 400 2831 tos
419 2780 506 2831 cum
526 2750 608 2827 aliis
627 2777 756 2828 seeum
776 2751 1012 2839 coadunatis,
1033 2750 1126 2832 dicti
1146 2752 1773 2859 elangui-chumeytmmppernnt

346 2902 384 2959 et
401 2881 568 2961 bond'am
588 2882 804 2959 levaverunt
824 2899 860 2957 et
878 2882 1099 2959 scinderunt
1109 2926 1127 2971 ,·
1137 2901 1175 2959 et
1188 2882 1526 2961 documentum
1541 2883 1783 2997 pennense

345 3012 426 3093 lum
446 3012 495 3091 od
517 3028 657 3097 terram
676 3013 935 3120 projecerunt,
956 3042 1034 3094 non
1059 3012 1232 3098 obstante
1255 3014 1449 3119 presencia
1472 3014 1664 3092 dictorum
1683 3042 1772 3092 nos-

344 3162 489 3223 toorum
509 3146 738 3223 servientum
758 3160 796 3220 ot
816 3172 947 3220 eorum
967 3142 1312 3250 pmhibioionibus3
1334 3161 1373 3221 et
1389 3146 1500 3252 quod
1516 3146 1586 3251 ipsi
1606 3146 1771 3223 servien-

345 3295 400 3354 tes
423 3276 543 3359 dictos
567 3274 699 3352 fratres
717 3302 783 3355 ore
803 3291 841 3351 et
860 3302 973 3354 manu
994 3292 1179 3380 ceperunt
1198 3291 1236 3351 et
1252 3292 1547 3364 metaverant,
1570 3294 1608 3354 et
1628 3276 1772 3355 dietum

347 3409 547 3517 Hugonem
568 3404 745 3512 Philippo
762 3404 809 3483 de
828 3406 984 3493 Verere,
1002 3403 1131 3496 militi,
1150 3411 1188 3481 o't
1201 3404 1394 3483 Guilelmo
1415 3405 1492 3484 dou
1513 3406 1634 3495 dinei,
1652 3408 1772 3485 domi,

346 3539 460 3632 cello,
482 3538 721 3617 tradiderunt
741 3552 983 3626 mactatum,
1005 3536 1055 3615 sd
1074 3536 1373 3616 custodimdnm·
1392 3566 1440 3614 nc
1459 3537 1500 3613 in
1522 3537 1651 3645 aliquo
1675 3539 1773 3616 lore-

346 3672 499 3758 suomet,
521 3689 560 3747 et
582 3669 687 3777 quod
716 3668 941 3777 generaliter
959 3666 1139 3747 omuibus
1162 3667 1245 3746 aliis
1262 3688 1529 3776 preceperunt,
1548 3685 1592 3747 ut
1615 3670 1656 3746 in
1672 3688 1772 3754 statu

347 3805 385 3880 in
402 3832 481 3911 quo
501 3819 607 3882 erant
624 3820 717 3881 tunc
740 3800 839 3879 irent
858 3801 960 3909 upvsd
972 3802 1179 3879 Lodunum
1199 3800 1313 3908 capti,
1338 3818 1375 3878 et
1392 3830 1465 3909 pro
1479 3803 1690 3881 emessibus
1701 3834 1773 3909 per
1799 3876 1803 3882 ,

347 3964 413 4013 eos
431 3933 641 4013 commissis
660 3962 699 4011 se
717 3932 924 4011 redderent
947 3933 999 4011 ibi
1024 3952 1168 4041 captos3
1198 3950 1235 4010 et
1261 3934 1367 4041 qnod
1391 3934 1533 4024 statim,
1560 3934 1635 4012 boc
1656 3936 1768 4025 beto,

346 4068 415 4173 ipsi
432 4065 824 4173 injuriantes'ivenmt
846 4065 895 4140 ad
921 4064 1022 4141 aliud
1040 4082 1242 4174 stangnum
1264 4066 1355 4143 dicti
1372 4066 1562 4154 Gnidonis
1580 4068 1768 4158 Oudardi,

348 4196 448 4275 etad
462 4194 654 4304 quoddam
667 4195 931 4272 molendinum
947 4195 1047 4272 dicto
1064 4213 1224 4303 stangno
1238 4200 1446 4303 pertinensj
1463 4214 1501 4276 et
1515 4199 1565 4275 ad
1578 4200 1770 4305 quoddam

347 4328 450 4407 aliud
476 4326 744 4407 molendinum
769 4326 816 4405 ad
837 4343 992 4403 ventum
1017 4326 1108 4403 dieti
1128 4326 1331 4419 Guidonis,
1358 4329 1470 4435 cujus
1491 4332 1639 4436 stsngoi
1659 4330 1773 4407 chau-

347 4490 482 4570 eeyam-
497 4478 535 4538 et
551 4459 649 4547 dicta
672 4458 751 4546 duo
772 4457 990 4535 molendino
1011 4457 1080 4563 ipsi
1104 4458 1386 4548 destruxerunt,
1406 4458 1643 4567 presentibus
1663 4461 1774 4540 dietis

348 4594 484 4672 nostris
511 4590 774 4679 servientibus,
799 4606 836 4666 et
866 4589 1137 4695 pennonoollos
1165 4607 1313 4667 nestros
1331 4590 1382 4688 ‚in
1406 4589 1707 4700 dictisstangnis
1734 4610 1773 4669 et

348 4722 575 4803 molendinis
598 4723 740 4831 positos
770 4722 914 4802 eisdem
934 4720 1225 4808 ostendentibus
1250 4737 1290 4798 et
1311 4721 1604 4829 prohibentibus
1628 4739 1666 4799 et
1688 4750 1773 4829 pre-

350 4854 575 4963 cipientibus
593 4857 663 4945 eis,
683 4871 725 4931 ut
740 4880 849 4961 supra
867 4852 1050 4943 fecerant3
1072 4870 1158 4961 post
1176 4855 1248 4931 boe
1266 4854 1516 4931 incontinenti
1537 4852 1626 4930 dicti
1640 4853 1772 4932 fratres

350 5004 388 5065 et
415 5012 546 5065 eorum
574 4984 774 5092 complices
799 4983 945 5063 iverunt
970 4983 1019 5061 ad
1042 4984 1233 5093 grangiam
1262 4985 1349 5061 dicti
1375 4984 1563 5065 Guidonis
1582 4984 1769 5073 Oudardi,

351 5120 525 5225 dictoque
553 5118 705 5228 grangie
728 5134 872 5223 putem
899 5116 1222 5223 discooperierunt
1247 5134 1286 5194 et
1309 5118 1391 5225 ejus
1409 5136 1554 5224 partem
1572 5108 1771 5195 'destruxess

1618 5271 1665 5338 5lt.
