4450 6209
806 645 1075 754 saoneres
1101 656 1167 734 nr
1194 641 1401 734 esoces.
1746 663 1811 734 181

449 806 573 884 XLIII.
603 807 715 895 Item,
744 806 868 884 simile
889 806 1104 916 judicatum
1133 804 1233 883 inter
1260 803 1434 884 abbatem
1454 821 1492 880 et
1511 819 1737 884 conventum
1767 805 1815 881 de
1848 809 1977 868 Parnm
1996 815 2040 879 1v,

391 938 538 1027 Eleae,
557 939 680 1018 Messe
691 937 862 1045 Astrugi‚
878 937 1057 1026 Vitalem,
1073 937 1223 1014 Bonum
1238 935 1466 1042 Astrugum.,
1482 952 1521 1012 et
1539 935 1663 1018 Messe
1684 935 1817 1012 Katha-
1917 905 1983 961 ¹⁵⁰⁶*

390 1068 482 1158 lani,
500 1065 553 1146 'ac
580 1068 766 1176 quosdam
789 1069 884 1147 elios
897 1068 1038 1179 judeos
1062 1095 1158 1173 quos
1179 1066 1274 1145 dicti·
1294 1066 1407 1144 abba's
1431 1084 1469 1144 et
1491 1082 1696 1145 conventus
1716 1065 1817 1144 dice-

389 1199 482 1278 bant
500 1229 588 1280 esse
600 1229 690 1279 suos
707 1202 881 1309 proprios
905 1217 944 1277 et
967 1198 1189 1306 originarios
1215 1215 1253 1276 et
1277 1225 1415 1276 eorum·
1433 1195 1660 1286 talliabiles„
1674 1225 1723 1276 ex·
1741 1226 1816 1278 una

378 1325 516 1436 parte,
547 1349 587 1410 ct
608 1349 892 1440 procuratorem
924 1347 1097 1409 nostrum
1127 1329 1166 1408 in
1192 1328 1416 1408 senescallia·
1436 1328 1740 1418 Carcassonensi‚
1774 1357 1816 1406 ac

387 1481 678 1568 procuratorem
701 1462 984 1542 communitatis
1003 1461 1213 1569 judeorum
1237 1461 1344 1567 regni
1375 1461 1526 1551 nostri‚.
1544 1477 1750 1538 asserentes
1776 1461 1815 1536 in

387 1593 723 1700 contrariumrpro
748 1593 857 1672 nobis
881 1611 920 1670 et
933 1591 1063 1701 judeis
1080 1591 1235 1683 nostris,
1258 1591 1379 1670 dictos
1398 1591 1538 1698 judeos
1563 1609 1710 1670 nostros
1735 1619 1815 1669 esse

387 1741 426 1801 et
454 1726 564 1803 nobis
592 1724 810 1815 uniones,
844 1753 890 1802 ex
920 1724 1058 1814 altera,
1089 1722 1339 1802 controversia
1371 1739 1473 1802 mota
1509 1737 1624 1810 esset,
1656 1739 1734 1800 etc..
1768 1725 1818 1800 Ut

385 1882 510 1961 supra.

442 1985 571 2064 Martis
583 1986 763 2092 predicta.

440 2118 571 2226 Voyssi
590 2120 813 2225 reportarit..

439 2382 563 2461 XLIV.
595 2381 694 2460 Cum
708 2381 953 2487 inquisitores
971 2407 994 2457 a
1012 2377 1123 2460 nobis
1143 2382 1185 2458 in
1203 2383 1496 2487 Petragoricensi
1512 2365 1726 2461 senescallia
1744 2387 1814 2462 de-

382 2511 521 2616 putati,
542 2512 587 2587 in.
608 2510 773 2618 qrrodam
799 2511 931 2617 papiro
958 2511 1155 2618 cujusdam
1179 2511 1313 2588 notarii
1340 2511 1448 2590 dicte·
1463 2512 1698 2605 senescallie,
1721 2533 1810 2592 tune

382 2640 567 2734 defuncti,
584 2643 767 2748 seriptum
784 2641 1014 2720 invenissent
1032 2643 1139 2750 quod
1152 2643 1286 2720 Petrus
1297 2640 1488 2732 Salium-ii,
1508 2642 1702 2749 quondam
1716 2645 1809 2722 bur-

380 2772 504 2880 gensis
527 2772 684 2879 Figiaci‚
710 2775 906 2852 occasione
925 2774 1198 2852 submersionis
1216 2774 1316 2852 Petri
1341 2773 1567 2866 Prodicum,
1589 2775 1715 2866 nobis,
1741 2805 1809 2880 per

380 2903 513 2982 locum.
531 2922 726 2984 tenentem
745 2905 939 2983 senescaIIi
964 2904 1293 3012 Pemagoricensis‚
1315 2907 1356 2982 in
1375 2906 1481 2984 mille
1506 2907 1649 2984 mareis·
1664 2911 1806 3015 argenti

380 3033 502 3113 suerat
526 3034 840 3142 condempnatus,
862 3036 1077 3126 etidcirco,
1103 3053 1180 3112 tam
1205 3065 1273 3142 per
1297 3036 1397 3143 ipsos
1421 3038 1663 3144 inquisitores
1692 3068 1805 3146 quam

380 3167 519 3244 deinde
538 3196 607 3274 per
625 3168 767 3245 curiam
783 3184 966 3259 nostram,
989 3167 1133 3246 dictum
1153 3167 1285 3246 suisset
1305 3185 1342 3244 et
1360 3168 1571 3274 injunctum
1587 3171 1693 3276 quod
1708 3171 1805 3248 dicta

380 3297 651 3376 condemnacio'
673 3313 804 3376 eontra
821 3299 1074 3376 Bertrandum
1098 3298 1290 3389 Sabnerii‚
1311 3298 1435 3376 filiurn
1457 3316 1495 3376 et
1513 3300 1694 3378 heredem
1713 3303 1803 3380 dicti

379 3430 496 3518 Petri,
517 3431 761 3507 mandaretur
777 3431 1013 3534 execucionia
1031 3431 1145 3538 cujus
1159 3428 1475 3508 virtutemandati
1492 3429 1617 3508 dictus
1628 3433 1804 3538 Bertran-

377 3560 448 3638 dus
463 3561 677 3668 compulsus
692 3561 767 3638 fuit
783 3578 922 3638 certam
934 3561 1095 3668 pecunie
1111 3560 1362 3668 quantitatem
1375 3560 1486 3638 nobis
1498 3559 1640 3640 solvere
1653 3563 1701 3640 de
1715 3593 1804 3640 con—

377 3691 861 3800 dempnncionepredictae
875 3691 1083 3800 datiamque
1100 3709 1231 3798 postea
1250 3690 1365 3773 beria
1385 3691 1496 3774 nobis
1520 3693 1678 3800 intelligi
1699 3698 1806 3800 quod

375 3822 500 3902 dictus
518 3822 842 3932 papinudabatus
859 3793 997 3913 nemi,
1020 3841 1058 3903 et
1068 3824 1181 3930 quod
1199 3823 1366 3930 predicta
1386 3823 1702 3931 condempnans,
1725 3853 1803 3904 non

374 3985 444 4064 per
461 3985 617 4035 manum
635 3956 744 4034 illius·
758 3957 867 4064 cujus
886 3954 1008 4040 suerat
1023 3955 1328 4064 dictem-papirus,
1352 3956 1419 4034 sed
1430 3974 1519 4063 post
1534 3956 1617 4063 ejus
1633 3958 1801 4048 obitum,

373 4117 442 4194 per
460 4117 616 4166 manum
633 4087 806 4176 alterius,
825 4086 920 4165 falso
940 4086 1063 4167 fuerat·
1081 4086 1135 4164 ibi
1155 4089 1307 4194 scripta,
1330 4089 1537 4193 superbos
1556 4088 1699 4194 inquiri
1719 4089 1804 4176 feci÷

375 4249 460 4297 mus
471 4218 691 4297 veritatemr
702 4217 789 4297 Visa
801 4219 917 4324 igitur
932 4235 972 4296 et
982 4219 1183 4325 diIIgenter
1196 4218 1587 4325 examinatainquesta
1602 4247 1645 4298 su
1649 4245 1716 4324 per
1729 4218 1804 4296 boc

374 4349 618 4429 demandato
639 4349 901 4438 assuefacta,
923 4349 1118 4428 inventum
1138 4348 1212 4428 fuit
1231 4348 1675 4455 sufficienterprobatum
1695 4349 1801 4454 quod

373 4481 473 4559 dicta
496 4479 798 4589 condempnacio
811 4509 882 4588 pen
904 4508 1058 4561 manum
1078 4480 1241 4560 alienam
1260 4479 1353 4558 salso
1372 4478 1496 4563 Inerat
1514 4478 1568 4556 ibi
1588 4480 1740 4586 scripta,
1763 4498 1800 4558 et

371 4612 516 4691 idcirco
535 4614 658 4695 dictus
675 4612 906 4692 bertrandus
923 4611 971 4690 ab
989 4611 1210 4722 hujusmodi
1227 4609 1545 4690 condemnacione
1564 4627 1602 4688 et
1617 4611 1698 4718 ejus
1715 4639 1802 4690 exe·

372 4745 636 4837 consuebant,
661 4772 731 4853 por
754 4743 857 4824 curie
876 4760 1004 4822 nostre
1022 4743 1230 4851 judicium,
1250 4739 1418 4820 totaliter
1442 4741 1656 4833 absolutus,
1684 4760 1721 4820 et
1745 4744 1805 4822 ei--
1885 4773 1889 4781 ·

372 4873 460 4951 dem
483 4876 593 4953 reddi
614 4875 793 4955 boemus
815 4874 1003 4984 quicquid¹
1021 4875 1110 4981 ipse·
1126 4873 1238 4954 nobis
1256 4872 1365 4950 solvit
1383 4871 1431 4959 de
1451 4872 1805 4984 condempnacione

369 5006 586 5112 predicta(
624 5044 627 5050 ’
1175 5017 1179 5026 “
