4450 6209
497 709 569 781 528
1008 779 1009 782 ,
1074 711 1166 783 Lus
1195 709 1333 784 OLIM.

271 867 399 924 Prinne
413 866 455 926 tv.
493 881 594 944 vera,
616 879 762 931 necnon
782 851 888 958 quod
906 852 1157 958 prenominati
1176 853 1281 957 prior
1304 869 1343 929 et
1361 867 1583 943 conventus,
1602 850 1713 928 titulo
1740 849 1918 930 donacio-

332 961 393 1002 Μ’
495 983 553 1060 nis
573 983 756 1090 predicte,
778 983 944 1090 predicta
962 981 1061 1060 bona
1082 983 1382 1090 explectnverunt
1401 999 1439 1060 et
1457 982 1628 1062 fecerunt
1646 981 1791 1060 [ructus
1810 1009 1915 1072 suos3

496 1113 644 1192 dicebat
663 1114 778 1190 eciam
806 1113 928 1220 quod,
954 1114 1132 1219 predictis
1155 1141 1233 1192 uon
1252 1114 1504 1204 obstantibus,
1529 1114 1689 1220 predicti
1709 1113 1917 1192 Benaudus

495 1261 532 1320 et
548 1245 629 1353 ejus
642 1275 747 1334 uxor,
769 1247 901 1322 Petrus
917 1261 953 1321 et
969 1245 1051 1352 ejus
1071 1245 1218 1322 uxorin
1238 1245 1511 1353 possessionem
1526 1245 1714 1324 dictorum
1728 1245 1916 1322 bonorum

494 1403 533 1452 se
554 1375 787 1453 intruserunt
798 1377 948 1484 injuste,
969 1375 1008 1451 in
1024 1375 1231 1482 dampnum
1251 1393 1289 1453 et
1306 1405 1502 1485 gravamen
1518 1376 1706 1456 dictorum
1724 1373 1916 1480 religioso-

494 1536 594 1597 rum,
613 1537 727 1614 quare
745 1508 895 1614 potebat
915 1524 1135 1612 procurator
1150 1507 1406 1612 predictorum
1424 1507 1560 1614 prioris
1576 1524 1615 1585 et
1628 1522 1833 1583 conventus
1849 1532 1916 1609 pcr
1985 1576 1996 1596 ‚

492 1639 679 1744 predictos
702 1639 884 1716 decanum
907 1655 944 1714 et
964 1636 1171 1742 capitulum
1195 1637 1469 1746 Sancti-Reguli
1488 1635 1728 1744 pronunciari
1748 1635 1916 1739 predicta

491 1770 591 1849 bona
608 1769 715 1847 dictis
729 1768 845 1876 priori
859 1785 897 1846 et
916 1770 1116 1846 conventui
1132 1768 1271 1847 debere
1291 1770 1436 1876 dejure
1454 1770 1660 1876 pertinere,
1676 1784 1715 1843 et
1726 1766 1916 1872 predictos

494 1902 649 1981 Mariam
668 1917 705 1976 et
725 1900 973 1989 Bertaudum,
992 1899 1195 1980 Ysabeliim
1215 1917 1252 1977 et
1271 1902 1425 1978 Petrum
1444 1901 1713 2007 apossessione
1728 1899 1916 1976 dictorum

493 2032 683 2110 bonorum
715 2030 851 2107 debere
879 2031 1062 2108 removeri
1087 2049 1126 2108 et
1144 2031 1184 2108 in
1204 2031 1305 2137 ipsos
1328 2030 1525 2138 religiosos
1541 2029 1748 2120 transserri3
1777 2028 1917 2135 predic·

492 2163 540 2239 tis
562 2162 783 2240 mulieribus
811 2161 925 2238 Maria
956 2177 993 2237 et
1015 2160 1186 2238 Ysabelle
1211 2163 1438 2240 contrarium
1461 2160 1713 2240 asserentibus
1731 2177 1770 2236 st
1792 2159 1917 2236 diceu-

493 2293 596 2372 tibus
621 2293 725 2399 quod
752 2293 944 2400 quondam
968 2292 1157 2370 Johannes
1180 2291 1408 2371 Malebessse
1438 2311 1478 2370 et
1500 2293 1678 2381 Odeiiua,
1705 2291 1787 2400 ejus
1809 2319 1912 2379 uxor,

493 2439 663 2530 ternpore
681 2452 756 2529 quo
773 2423 955 2510 vivebant,
975 2440 1013 2500 et
1025 2424 1158 2500 Petrus
1173 2451 1304 2502 eorum
1323 2422 1426 2500 filius
1441 2423 1629 2509 naturalis,
1647 2439 1734 2528 post
1747 2420 1915 2527 ipsorum

494 2573 691 2660 parentum
710 2555 920 2643 decessum,
941 2556 1122 2635 tenebant
1141 2573 1179 2632 et
1197 2555 1438 2662 possidebant
1461 2555 1628 2661 predicta
1645 2552 1747 2631 bona
1764 2569 1918 2630 conten·

495 2687 610 2776 cissa,
628 2704 805 2794 tanquam
826 2715 958 2765 eornm
976 2687 1145 2795 propria,
1164 2688 1311 2796 dejure
1331 2715 1418 2776 suo,
1436 2687 1536 2765 etde
1553 2686 1643 2792 ipsis
1658 2684 1816 2761 erantin
1834 2712 1918 2790 pos-

495 2819 672 2906 sessione,
696 2835 734 2894 et
752 2817 937 2896 faciebant
956 2818 1098 2898 fructus
1118 2848 1219 2908 suos,
1237 2819 1415 2896 solvendo
1431 2847 1567 2897 census
1581 2835 1619 2894 et
1637 2817 1729 2894 alias
1744 2814 1917 2892 rediben-

495 2949 569 3025 cias
601 2948 764 3028 dominis
793 2948 1011 3038 censuariis,
1052 2967 1090 3026 et
1124 2951 1196 3028 bec
1233 2950 1447 3059 recognovit
1479 2965 1699 3057 procurator
1726 2946 1915 3024 dictorum

495 3078 758 3184 religiosorum
772 3109 851 3158 esse
870 3108 955 3156 vcra
970 3081 1009 3158 in
1024 3080 1185 3187 judicio,
1203 3098 1241 3159 et
1256 3081 1422 3187 predicta
1433 3079 1533 3160 bona
1545 3081 1847 3186 explectaverunt
1860 3105 1917 3183 pa·

497 3209 599 3286 cifice
616 3239 684 3317 per
703 3228 827 3288 totum
841 3240 991 3289 cursum
1009 3212 1084 3290 vite
1101 3241 1186 3304 sue,
1203 3213 1386 3318 usquead
1403 3229 1554 3319 tempus
1573 3211 1706 3292 mortis
1717 3208 1918 3316 cujuslibet

497 3367 644 3434 eorum,
663 3361 715 3432 et,
733 3359 902 3448 tempore
920 3344 1052 3422 mortis
1068 3371 1217 3433 eorum,
1236 3361 1340 3420 erant
1356 3342 1396 3422 in
1414 3343 1646 3449 possessione
1667 3369 1800 3419 eorum
1817 3341 1917 3445 paci-

494 3471 584 3562 fica;
602 3473 777 3550 dicebant
792 3475 910 3550 eciam
922 3475 1019 3551 dicte
1034 3473 1213 3552 mulieres
1222 3474 1343 3580 quod,
1361 3491 1532 3580 tempore
1547 3473 1680 3552 mortis
1696 3471 1788 3547 dicti
1798 3471 1914 3562 Petri,

494 3602 572 3709 ipse
595 3621 700 3681 erant
718 3605 799 3710 ejus
823 3604 1112 3709 propinquiores
1131 3605 1292 3682 heredes
1311 3605 1499 3683 naturales
1517 3622 1556 3681 et
1575 3633 1642 3710 pro
1662 3603 1744 3709 ejus
1766 3599 1917 3678 heredi·

492 3733 565 3810 bus
585 3763 624 3811 se
644 3750 849 3839 gesserant,
868 3750 907 3808 et
926 3735 1046 3838 quod,
1066 3763 1135 3839 per
1153 3751 1318 3812 mortem
1341 3734 1432 3812 dicti
1448 3736 1566 3824 Petri,
1583 3734 1811 3822 dominium,
1829 3761 1917 3837 pro-

493 3864 646 3968 prietas,
659 3864 722 3968 jus
731 3881 776 3940 et
787 3863 970 3969 possessio
986 3863 1173 3940 dictorum
1187 3862 1376 3941 bonorum
1389 3865 1566 3944 translata
1580 3865 1734 3942 suerunt
1745 3862 1787 3938 in
1799 3861 1916 3937 dictas

495 3990 672 4068 mulieres
694 4008 733 4068 et
756 3992 836 4096 ipso
855 3991 970 4082 sacto,
993 3992 1147 4072 suerunt
1165 3995 1206 4071 in
1221 3995 1355 4072 saisina
1374 3995 1565 4074 bonorum
1586 3993 1822 4081 eorumdem,
1843 3990 1918 4068 soi·

495 4122 615 4200 vendo
636 4150 771 4201 census
794 4140 832 4200 et
851 4123 1082 4202 redibencias
1103 4125 1267 4204 dominis
1287 4126 1492 4217 consuetis,
1516 4143 1556 4204 et
1574 4124 1680 4232 qnod
1698 4150 1813 4228 snper
1837 4122 1917 4200 istis

496 4269 573 4330 erat
596 4253 708 4344 fama,
731 4283 847 4360 quare
868 4255 1044 4360 petebant
1063 4257 1230 4362 predicta
1255 4256 1356 4332 bona
1370 4256 1419 4333 ad
1433 4285 1495 4336 eas
1512 4256 1656 4361 dejure
1676 4253 1816 4332 debere
1829 4280 1916 4357 pro·

495 4385 663 4464 nunciari
681 4387 888 4491 pertinere,
913 4386 1264 4476 nonobstantibus,
1291 4417 1360 4496 per
1384 4387 1529 4466 dictum
1552 4401 1853 4493 procuratorem,
1877 4382 1917 4460 in

493 4517 723 4594 contrarium
746 4516 912 4624 allegatis
929 4551 940 4608 ς
963 4517 1100 4596 auditis
1119 4517 1301 4624 quicquid
1320 4537 1443 4626 partes
1463 4545 1674 4624 proponere
1697 4513 1913 4603 voluerunt,

491 4645 648 4749 predicti
669 4647 832 4726 decanus
853 4663 890 4724 et
911 4648 1115 4754 capitulum
1137 4649 1407 4758 Sancti-Reguli
1426 4649 1689 4758 judicaverunt
1708 4644 1814 4753 qnod
1833 4671 1919 4752 pro-

493 4791 642 4852 curator
656 4775 843 4853 dictorum
860 4775 997 4882 prioris
1012 4796 1050 4856 et
1068 4795 1271 4860 conventus
1291 4780 1547 4858 intencionem
1565 4806 1674 4856 suam
1691 4804 1769 4854 non
1784 4774 1918 4880 proba-

492 4917 606 4992 verat,
630 4903 670 4980 in
690 4905 804 4984 modo
825 4906 920 4985 etin
940 4909 1057 4986 forma
1076 4911 1259 4990 contentis
1277 4911 1335 4989 vel
1355 4911 1559 5018 propositis
1577 4911 1619 4987 in
1642 4907 1832 5016 peticione
1851 4933 1917 4982 sua

491 5060 617 5120 coram
638 5034 743 5150 ipsis,
771 5037 1001 5117 absolventes
1022 5056 1166 5150 partem
1186 5040 1379 5126 adversam
1400 5043 1447 5125 ab
1468 5041 1708 5150 impeticione
1729 5038 1823 5126 tacta
1848 5063 1916 5149 per
