4450 6209
739 725 1008 833 annutans
1033 745 1098 817 ur
1125 744 1334 819 raucas.
1680 744 1752 818 509

327 887 456 965 habito
470 902 630 964 tractatu
649 914 736 963 curn
752 885 973 964 consiliariis
988 886 1087 964 dicte
1103 886 1209 977 ville,
1221 886 1519 993 hominibusque
1537 887 1757 965 universita·
1795 901 1925 954 nurnine
1939 901 1981 963 lt,

327 1019 376 1095 tis
395 1017 485 1095 dicti
505 1016 578 1094 loci
601 1017 642 1093 in
660 1017 735 1094 boc
754 1016 1098 1109 consencientibus,
1121 1006 1340 1126 congregata
1363 1018 1608 1096 multitudine
1634 1018 1758 1095 homi·
1858 992 1921 1035 ¹⁸¹⁰'

327 1178 437 1238 uum,
454 1150 502 1225 ad
520 1148 778 1256 ingorgiacum
799 1148 873 1226 sive
889 1166 1090 1256 stangnum
1109 1150 1157 1227 de
1176 1148 1211 1225 la
1228 1151 1412 1237 Martona,
1432 1180 1550 1258 prope
1569 1148 1758 1226 molendi-

327 1310 419 1359 num
438 1280 635 1360 Guillelmi
650 1280 820 1360 Amaudi
837 1280 885 1358 de
897 1281 1037 1358 Prisart
1051 1298 1090 1359 et
1104 1294 1322 1359 consortum
1335 1310 1505 1376 suorum,
1514 1283 1620 1389 juxta
1633 1280 1758 1357 villam

328 1414 376 1491 de
392 1412 556 1501 Affaciis,
575 1414 796 1491 accedentes
810 1412 1005 1491 hostiliter
1024 1431 1063 1491 et
1084 1442 1171 1490 cum
1189 1413 1316 1503 armis,
1339 1414 1561 1491 macrasium
1581 1437 1648 1491 seu
1662 1412 1759 1491 bon-

329 1545 417 1621 dam
437 1544 526 1621 dicti
546 1545 749 1654 ingorgiaci
771 1544 846 1623 sive
864 1546 1011 1651 stangni
1037 1560 1273 1637 amoverunt,
1296 1545 1540 1652 hostiumque
1564 1545 1759 1652 cujusdam

329 1675 539 1754 molendini
560 1676 614 1754 ibi
632 1704 751 1781 prope
772 1675 963 1753 existentis
977 1675 1181 1783 fregerunt,
1196 1693 1233 1752 et
1251 1704 1357 1764 eum,
1375 1676 1455 1753 sine
1470 1676 1600 1766 blado,
1617 1676 1759 1753 molere

328 1806 508 1897 fecerunt,
521 1809 706 1914 reciaque,
719 1809 767 1885 ad
776 1808 999 1914 piscandum
1011 1808 1143 1913 pisces,
1158 1808 1311 1885 indicto
1326 1824 1485 1915 stangno
1500 1809 1757 1916 projecerunt,

329 1968 540 2045 aquamque
567 1969 589 2015 a
608 1940 709 2017 dicto
733 1956 892 2048 stangno
916 1938 1083 2016 totaliter
1100 1956 1340 2026 evacuarunt,
1362 1938 1565 2046 pluresque
1592 1968 1761 2018 excessus

329 2068 422 2147 alios
438 2071 478 2146 in
497 2071 598 2147 dicto
616 2070 700 2149 loco
721 2070 1011 2160 commiserunt,
1032 2099 1101 2175 pro
1126 2070 1264 2177 quibus
1284 2070 1407 2148 dictus
1427 2072 1671 2163 senescallus,
1691 2075 1762 2149 eis-

330 2202 419 2279 dem
439 2204 571 2281 volens
584 2232 722 2310 penam
742 2204 957 2308 imponere,
973 2202 1184 2279 secundum
1206 2202 1335 2279 delicti
1351 2203 1588 2309 qualitatem,
1611 2202 1658 2281 de
1678 2232 1762 2311 pre-

329 2333 453 2410 missis
468 2334 657 2412 mandavit
667 2335 861 2413 veritatem
877 2332 1035 2439 inquiri,
1054 2332 1229 2439 inquesta
1245 2331 1361 2439 igitur
1375 2332 1470 2411 sacta
1486 2336 1533 2411 de
1547 2334 1758 2440 premissis,

330 2464 378 2543 de
403 2466 581 2544 mandato
606 2466 698 2543 dicti
712 2463 924 2553 senescalli,
946 2463 1216 2570 condempnati
1241 2463 1414 2553 suerunt,
1437 2493 1506 2571 per
1530 2466 1760 2543 sentenciam

330 2596 422 2675 dicti
434 2597 640 2689 senescalli,
653 2598 743 2675 dicti
757 2596 931 2676 consules
946 2613 984 2673 et
998 2596 1218 2673 universitas
1229 2595 1416 2674 Gimontis
1432 2596 1470 2671 in
1490 2596 1640 2675 duobus
1650 2597 1763 2675 milli·
1810 2681 1829 2719 x

329 2729 402 2807 bus
421 2728 529 2807 libris
540 2729 827 2807 Turonensibus
841 2727 967 2821 nobis,
984 2757 1054 2835 pro
1071 2728 1248 2817 emenda,
1262 2728 1466 2819 solvendis;
1487 2758 1593 2835 aqua
1606 2730 1762 2835 quidem

332 2861 537 2950 sentencia,
553 2891 596 2940 ex
610 2877 715 2967 parte
729 2859 929 2939 consulum
946 2877 983 2936 et
1002 2859 1252 2939 universitatis
1265 2858 1363 2937 dicte
1379 2859 1482 2948 ville,
1499 2863 1547 2938 ad
1561 2889 1630 2938 nos
1643 2862 1763 2939 extitit

330 2993 582 3100 appellatum:
603 2993 775 3072 Partibus
792 2993 918 3101 igitur,
940 2992 981 3069 iu
1001 3010 1128 3071 nostra
1147 2992 1267 3080 curia,
1289 2992 1330 3068 in
1348 3021 1457 3070 causa
1480 2993 1579 3070 dicte
1599 2994 1761 3101 appella·

331 3127 464 3216 cionis,
487 3127 804 3232 comparentibus,
832 3143 871 3202 et
899 3123 1014 3200 nichil
1039 3124 1126 3201 novi
1147 3123 1462 3230 proponentibus,
1492 3124 1652 3231 visisque
1677 3126 1763 3201 dili-

331 3276 464 3367 genter
484 3257 720 3364 processibus
739 3255 856 3363 partis
880 3257 1094 3360 utriusque,
1110 3284 1179 3360 per
1196 3255 1298 3332 curie
1318 3273 1445 3333 nostre
1462 3255 1669 3364 judicium,
1692 3254 1763 3333 luit

327 3390 479 3481 ,dictum
502 3388 601 3465 bene
623 3386 738 3465 fuisse
759 3386 990 3494 judicatum,
1019 3402 1056 3462 et
1079 3384 1177 3473 male
1201 3384 1456 3490 appellatum,
1478 3402 1516 3461 et
1537 3386 1641 3491 quod
1665 3386 1761 3462 dicta

332 3518 630 3625 condempnacio
645 3518 887 3596 mandabitur
904 3515 1133 3595 execucioni.

389 3650 543 3731 Veneris
561 3666 647 3756 post
664 3666 832 3727 sanctum
851 3647 1124 3728 Vinccncium..

389 3784 495 3863 Creci
514 3782 726 3888 reportavit.

392 4051 451 4128 Vl.
483 4048 590 4125 Mota·
607 4047 792 4125 discordia
802 4049 902 4125 inter
916 4047 1135 4153 episcopum
1150 4046 1432 4125 Ruthenensem
1446 4062 1483 4123 et
1497 4046 1764 4152 Berengarium

335 4180 505 4270 amaldi,
529 4197 697 4286 exparte
717 4208 809 4270 una,
836 4198 874 4257 et
897 4197 1179 4286 procuratorem
1201 4195 1373 4258 nostrum
1393 4177 1607 4255 senescallie
1625 4178 1768 4253 Rutbe-

335 4313 477 4419 nensis,
496 4311 686 4401 exaltem,
705 4338 820 4420 super
831 4311 964 4389 saisina
981 4310 1055 4386 alte
1064 4309 1216 4417 justicie
1230 4310 1337 4386 castri
1352 4309 1399 4385 de
1414 4310 1588 4385 Lencone
1601 4323 1637 4384 et
1648 4307 1764 4382 mansi

337 4445 384 4523 de
411 4444 576 4537 Solerio,
598 4444 660 4521 siti
686 4443 726 4519 in
745 4442 941 4549 parrochia
957 4441 1048 4519 dicti
1069 4440 1200 4531 castri,
1228 4456 1282 4530 et,
1302 4456 1388 4547 post
1407 4438 1551 4515 multos
1561 4464 1767 4543 processus

337 4604 451 4684 super
463 4577 538 4655 boc
551 4574 716 4663 habitos,
735 4573 830 4654 sacta
846 4574 1017 4680 inquesta
1028 4572 1081 4650 -de
1095 4571 1274 4649 mandato
1290 4568 1481 4648 senescalli
1496 4566 1765 4656 Rutbenensis,

338 4708 459 4785 dictus
473 4707 699 4786 senescallus
713 4710 870 4783 manum
886 4721 1070 4793 nostram,
1089 4706 1130 4781 in
1150 4705 1223 4781 alta
1235 4702 1384 4812 justicia,
1404 4701 1592 4779 dictorum
1609 4699 1716 4777 castri
1732 4718 1770 4775 et

339 4838 457 4915 mansi
476 4840 656 4946 positam,
677 4842 830 4927 amovit,
852 4834 1102 4945 promisitque
1124 4836 1232 4913 dictis
1257 4833 1461 4943 episcopis¹
1484 4849 1522 4911 et
1543 4832 1768 4939 Berengario

339 4970 444 5077 quod
463 4970 535 5077 ipsi
552 4972 608 5049 uti
627 4988 781 5078 possent
804 4968 937 5049 saisina
962 4968 1061 5047 dicte
1085 4967 1159 5046 alte
1180 4968 1347 5075 justicie,
1376 4968 1416 5043 in
1441 4980 1560 5044 castro
1581 4980 1620 5040 et
1638 4991 1768 5039 manso

384 5146 391 5175 ¹
415 5147 496 5207 Lissa
510 5146 641 5229 episcopo.
