4450 6209
509 680 583 751 310
1091 670 1183 745 LES
1213 668 1355 743 OLlM.

278 840 411 894 Pmum
422 828 466 889 W·
505 816 660 926 petebat
674 816 951 925 possessionem
964 784 1156 923 dictorum
1169 810 1360 889 bonorum
1375 809 1447 888 sibi
1462 810 1628 900 restitui3
1645 811 1796 917 petebat
1810 812 1934 890 eciam

341 928 406 975 'm'
506 950 695 1058 sexaginta
713 948 830 1027 libras
841 945 914 1025 sibi
934 943 1063 1034 reddi,
1080 970 1175 1051 quas
1190 942 1269 1050 ipse
1283 942 1497 1049 Stephanus
1510 940 1753 1049 expenderat,
1770 960 1813 1021 ut
1825 944 1936 1023 dice-

506 1083 587 1172 bat,
603 1109 673 1189 pro
688 1107 736 1159 eo
750 1077 857 1186 quod
872 1077 997 1154 hctus
1014 1074 1191 1169 ballium,
1204 1102 1276 1182 per
1286 1074 1500 1181 predictum
1518 1074 1769 1179 Stephanum,
1788 1074 1936 1183 pluries

507 1206 711 1321 requisitam
724 1226 770 1289 ut
785 1208 955 1318 predicte
967 1208 1041 1288 sibi
1055 1207 1288 1299 restitueret,
1305 1206 1379 1288 boc
1392 1204 1514 1284 lacere
1529 1204 1599 1284 sihi
1616 1206 1863 1314 denegaverat
1879 1209 1936 1285 in·

370 1435 376 1454 Ι
503 1347 624 1453 juste,
638 1342 749 1421 dictis
761 1340 901 1420 ballivo
917 1357 956 1417 et
970 1340 1125 1418 domina
1138 1337 1314 1447 pluribus
1327 1336 1541 1417 nacionibus
1554 1364 1575 1414 e
1589 1337 1776 1415 contrario
1789 1366 1935 1447 propo·

507 1473 689 1554 uentibus
701 1474 872 1581 predicta
884 1470 968 1550 fieri
983 1498 1062 1549 non
1076 1470 1217 1549 debere
1232 1500 1241 1545 ε
1256 1469 1342 1549 Visa
1358 1468 1558 1577 diligenter
1571 1468 1743 1575 inquesta
1759 1468 1807 1546 de
1828 1498 1936 1547 man-

508 1607 597 1684 dato
617 1605 722 1683 curie
742 1620 870 1683 nostre
889 1631 1004 1711 super
1022 1602 1113 1680 hinc
1132 1601 1221 1679 inde
1244 1600 1446 1708 propositis
1469 1598 1580 1689 lacta,
1603 1598 1692 1676 dicti
1711 1598 1873 1677 ballivus
1898 1618 1935 1677 et

510 1737 681 1829 domina,
702 1764 771 1842 per
783 1734 973 1841 judicium
991 1734 1094 1812 curie
1113 1748 1255 1821 nostre,
1273 1730 1429 1809 lireruut
1444 1730 1492 1809 nb
1512 1729 1751 1836 impeticione
1765 1730 1934 1837 predicta

511 1870 602 1947 dicti
622 1867 802 1973 Stephani
821 1864 1100 1944 sentencialiter
1119 1862 1292 1941 absoluti.

565 1998 723 2078 Veneris
741 1997 921 2102 predicta.

566 2128 726 2208 Cuillier
744 2128 957 2236 reportavit.

568 2392 660 2471 Llll.
692 2389 790 2469 Cum
801 2404 903 2466 mota
916 2403 1014 2465 esset
1025 2384 1227 2474 discordia,
1246 2414 1370 2463 coram
1386 2386 1650 2465 commissariis
1662 2388 1815 2476 nostris,
1835 2389 1933 2467 inter

511 2522 733 2630 magistrum
752 2518 931 2627 Egidiunr
950 2516 1150 2606 Camelini,
1166 2533 1259 2593 tuuc
1274 2532 1554 2623 procuratorem
1573 2532 1759 2609 nostrum,
1778 2520 1933 2597 nomine

511 2670 658 2740 nostro,
680 2668 719 2729 et
737 2648 946 2729 Arnaldum
964 2646 1162 2727 Gmllolmi
1183 2664 1223 2725 et
1241 2646 1438 2727 Sicredum
1459 2645 1506 2724 de
1526 2646 1762 2737 Ardinbauo‚
1784 2646 1931 2738 fratres,

512 2812 557 2861 ex
578 2808 655 2859 uua
671 2795 794 2885 parte,
814 2795 854 2855 et
872 2778 1110 2857 Bernardum
1134 2777 1181 2853 de
1204 2778 1460 2867 Mira-Monte,
1478 2777 1655 2869 militem,
1673 2796 1932 2886 preceptorem

512 2912 651 2989 domus
667 2908 869 3015 Hospitalis
886 2907 1180 2986 ierosolimitani
1201 2908 1249 2985 de
1264 2908 1450 2997 Bolbona‚
1467 2892 1684 2985 senescallie
1698 2906 1931 3001 Tholosane‚

513 3039 668 3156 nomine
689 3039 810 3145 ipsius
826 3038 981 3126 domus,
1003 3066 1047 3115 ox
1066 3038 1201 3128 altere,
1221 3067 1336 3146 super
1350 3039 1437 3149 jure
1458 3038 1654 3118 exercendi
1674 3022 1931 3118 omnimodam

506 3170 698 3280 justiciam
712 3169 827 3247 altam
841 3186 880 3247 et
892 3168 1040 3247 baasam
1054 3170 1094 3246 in
1108 3169 1195 3248 loco
1210 3171 1259 3248 de
1272 3170 1443 3249 Robora
1454 3170 1629 3278 predicto
1641 3196 1727 3247 cum
1743 3171 1934 3277 pertinen·

399 3357 401 3364 -
512 3300 580 3379 ciis
599 3301 694 3390 suis,
720 3300 827 3407 quod
839 3299 906 3408 jus
926 3316 1084 3407 utraque
1103 3300 1272 3406 parcium
1294 3300 1342 3379 ad
1360 3330 1399 3379 se
1423 3300 1612 3406 pertinere
1640 3299 1816 3378 dicebat:
1837 3303 1934 3379 Visis

513 3430 694 3511 omnibus
706 3459 781 3537 que
801 3430 900 3508 dicte
919 3448 1042 3537 partes
1060 3458 1273 3537 proponere
1287 3430 1502 3521 voluerunt,
1519 3458 1587 3537 per
1606 3430 1710 3507 curie
1727 3447 1854 3508 nostre
1869 3433 1934 3540 ju-

513 3562 673 3653 dicium,
689 3562 834 3640 dictum
844 3559 919 3643 fuit
926 3561 991 3669 jus
1004 3562 1202 3639 exercendi
1213 3562 1472 3641 omnimodam
1477 3561 1668 3671 justiciam
1679 3558 1788 3637 altam
1803 3579 1841 3638 et
1850 3560 1934 3639 bas·

513 3720 592 3771 sam
611 3693 652 3768 in
670 3690 755 3768 loco
779 3690 952 3796 predicto
976 3691 1023 3767 de
1047 3689 1219 3769 bolbona
1242 3720 1329 3768 cum
1355 3692 1436 3799 ejus
1463 3688 1705 3797 pertinenciis
1727 3691 1776 3767 ad
1800 3720 1870 3769 nos
1899 3710 1934 3769 et

515 3821 635 3898 dictos
647 3819 856 3899 Arnaidum
869 3836 907 3897 et
920 3821 1137 3912 Sicredum‚
1155 3820 1303 3910 fratres,
1322 3823 1530 3927 pertinere,
1549 3821 1769 3928 dictumque
1781 3850 1934 3928 precep-

447 4037 450 4042 ,
514 3969 637 4029 torem
653 3965 693 4027 et
706 3949 837 4027 fratres
852 3950 951 4028 dicte
970 3951 1106 4028 domus
1116 3952 1180 4059 jus
1196 3952 1393 4029 exercendi
1409 3952 1572 4058 aliquam
1585 3951 1774 4059 justicium
1789 3951 1932 4029 ibidem

514 4108 592 4160 uon
606 4080 767 4173 babere;
780 4080 1094 4188 prohibitumque
1109 4082 1182 4159 fuit
1202 4080 1362 4172 eisdem,
1382 4110 1450 4189 per
1464 4082 1564 4159 dicte
1578 4098 1706 4160 nostre
1722 4084 1824 4160 curie
1833 4083 1933 4190 judi-

515 4212 635 4303 cium,
657 4238 706 4289 na
726 4211 776 4291 de
795 4228 922 4289 cetero
934 4211 1001 4289 tali
1010 4212 1161 4319 justicia
1174 4213 1381 4291 utanturin
1402 4212 1495 4290 locis
1513 4212 1710 4318 predictis,
1732 4212 1933 4319 condemp-

404 4318 409 4326 '
506 4344 671 4450 ‘natique
689 4340 847 4423 burum
864 4341 935 4449 ipsi
954 4359 1160 4450 preceptor.
1172 4359 1210 4420 et
1228 4340 1359 4421 bauer
1378 4343 1426 4420 ad
1444 4338 1689 4420 reddendum
1703 4344 1813 4421 nobis
1830 4372 1934 4421 emo-

514 4474 687 4557 lumenta
704 4472 832 4553 omnia
851 4502 926 4579 que
947 4473 1038 4581 ipsi,
1058 4474 1208 4551 racione
1229 4472 1328 4550 dicte
1345 4472 1619 4582 jurisdicionis‚
1641 4502 1756 4582 qaram
1775 4474 1814 4551 in
1834 4474 1931 4552 dieto

514 4603 601 4682 loco
620 4620 659 4681 et
677 4604 760 4708 ejus
778 4604 1021 4709 pertinenciis
1036 4620 1284 4683 exercuerunt
1302 4620 1507 4711 atempore
1527 4603 1608 4683 litis
1624 4620 1845 4693 contestato,
1863 4603 1931 4681 sci-

515 4732 621 4824 licet,
642 4732 690 4811 ab
708 4762 810 4810 uano
830 4734 985 4812 Domini
1009 4734 1214 4813 millesimo
1234 4735 1493 4814 ducentesimo
1514 4734 1769 4843 octuagesimo
1792 4736 1928 4840 primo,
2002 4832 2009 4846 ·

515 4880 766 4967 perceperamt
784 4862 930 4941 exinde.

573 4990 725 5074 Sabbuti
743 5009 833 5100 post
847 4993 1110 5071 Remiuiscers.
