4450 6209
506 708 581 779 296
1085 702 1176 776 LES
1206 701 1345 776 OLIM.

279 853 410 907 rmum
422 855 466 916 W·
505 848 634 928 lasset:
646 850 836 941 Tandem,
848 850 890 925 in
909 874 1017 927 causa
1036 846 1137 925 dicte
1154 844 1436 952 appellacionis,
1447 846 1625 953 predictis
1643 846 1811 953 partibus
1829 846 1927 923 audi-

341 947 403 989 1³08.

504 981 553 1058 tis
568 998 607 1057 et
618 981 705 1059 visis
723 1000 800 1059 tam
816 1006 927 1058 cause
938 977 1154 1086 principalis
1168 1005 1285 1084 quam
1304 976 1571 1084 appellacicnis
1590 977 1760 1085 predicte
1780 1005 1926 1082 proces-

505 1112 625 1201 sibus,
635 1140 705 1217 per
717 1130 885 1190 nostram
902 1110 975 1187 fuit
986 1110 1128 1187 curiam
1145 1108 1360 1187 ordinatum
1376 1111 1498 1215 quod,
1513 1126 1640 1187 amoto
1654 1108 1925 1215 impedimento

502 1273 572 1351 per
589 1244 736 1323 dictum
755 1242 996 1349 Arnulphum
1018 1242 1059 1319 in
1078 1240 1212 1318 saisina
1231 1240 1331 1319 dicte
1355 1242 1569 1319 medietatis
1588 1242 1725 1319 domus
1740 1240 1924 1347 apposito,

504 1375 673 1482 predicta
688 1375 822 1452 saisina
835 1374 961 1453 eidem
973 1374 1164 1461 Johanne,
1178 1389 1366 1479 quantum
1376 1374 1423 1451 ad
1438 1374 1583 1453 dictum
1595 1371 1851 1478 Arnulphum,
1862 1372 1925 1449 dc-

504 1506 736 1595 liberabitur,
754 1506 855 1585 salvo
874 1523 1003 1583 tamen
1022 1532 1136 1610 super
1155 1503 1244 1592 biis,
1267 1503 1306 1581 in
1321 1504 1517 1594 omnibus,
1534 1506 1621 1612 jure
1641 1503 1790 1581 domini
1806 1504 1923 1611 Regis.

560 1638 689 1716 Martis
709 1655 795 1714 ante
814 1635 1044 1749 Brandones.

563 1902 722 1979 XXXIV.
752 1902 795 1978 ln
814 1928 925 1979 causa
944 1919 1047 1977 mota
1066 1901 1165 1979 intur
1185 1902 1384 1979 dominum
1406 1898 1454 1977 de
1472 1901 1633 1979 Buxeria
1650 1915 1691 1977 ct
1709 1899 1926 2005 magistrum

508 2034 742 2138 Stephanum
764 2032 812 2106 de
833 2031 1123 2107 SanctoPoncio
1143 2056 1256 2136 super
1276 2030 1520 2107 edificacione
1536 2032 1674 2107 domus
1690 2030 1737 2105 de
1755 2032 1926 2117 Forneto,

506 2190 622 2269 quam
643 2161 735 2238 dicit
754 2157 875 2237 dicms
894 2160 1074 2237 dominus
1094 2187 1174 2237 esse
1197 2161 1354 2237 domum
1375 2160 1512 2237 sortem
1536 2161 1641 2237 etde
1663 2186 1760 2237 novo
1781 2159 1928 2237 edifica·

506 2313 583 2370 tam
601 2291 698 2369 inira
717 2293 913 2371 baroniam
928 2291 1038 2369 castri
1061 2291 1119 2368 sui
1135 2292 1183 2369 de
1199 2292 1374 2383 buxeria,
1392 2291 1431 2367 in
1448 2292 1505 2369 sui
1520 2291 1773 2398 prejudicium
1791 2307 1831 2367 at
1844 2318 1928 2368 con-

429 2408 434 2422 ⁰
507 2443 564 2502 tra
581 2424 895 2503 consuetudinem
918 2422 992 2501 loci
1007 2422 1188 2530 predicti,
1210 2422 1285 2499 visa
1304 2422 1476 2527 inquesta
1496 2448 1608 2527 super
1624 2421 1696 2499 boc
1711 2420 1805 2499 sacta
1818 2449 1928 2527 prop-

506 2574 564 2633 ter
575 2555 744 2634 desectus
753 2556 793 2631 in
806 2582 849 2632 ea
868 2572 1054 2662 repertos,
1070 2553 1157 2642 fuit,
1170 2581 1238 2659 par
1246 2553 1388 2631 curiam
1400 2570 1582 2650 nostram,
1597 2552 1814 2631 ordinatum
1826 2552 1928 2660 quod

506 2684 748 2764 mandabitur
758 2684 897 2764 ballivo
915 2683 1193 2773 Matisconensi,
1207 2684 1266 2761 cui
1277 2682 1672 2790 remitteturinquesta
1682 2683 1866 2791 predicto,
1877 2700 1927 2771 nt,

508 2817 646 2894 vocatis
666 2817 880 2905 evocandis,
899 2844 968 2921 per
989 2832 1104 2893 testes
1120 2813 1210 2892 alias
1228 2814 1435 2921 productos
1457 2815 1497 2893 in
1519 2816 1619 2891 dicta
1637 2816 1828 2921 inquesta,
1845 2840 1929 2889 cum

509 2946 635 3023 minus
650 2946 880 3024 sufficienter
898 2946 1039 3023 fuerim
1058 2944 1274 3033 examinati,
1292 2963 1331 3022 et
1353 2971 1422 3050 per
1441 2945 1534 3024 alios
1560 2974 1657 3055 quos
1683 2946 1784 3024 dicte
1808 2959 1929 3049 psrtcs

509 3076 721 3183 producere
735 3076 942 3165 voluerint,
955 3103 1069 3182 super
1083 3076 1277 3182 premissis
1290 3076 1480 3182 inquirat,
1493 3104 1563 3182 per
1579 3104 1618 3153 se
1639 3075 1776 3181 velpcr
1796 3074 1927 3165 alium,

511 3207 715 3316 diligenter
732 3207 945 3296 veritatem,
966 3224 1134 3285 cessante
1152 3206 1257 3284 omni
1278 3205 1408 3285 frivola
1428 3207 1701 3313 appellacione,
1723 3223 1763 3283 et
1780 3206 1930 3311 inques-

510 3356 586 3415 tam
611 3337 832 3445 hujusmodi
857 3338 969 3444 plene
992 3336 1197 3443 perfectam
1218 3337 1321 3413 curie
1344 3352 1470 3413 nostre
1490 3337 1656 3415 remittat
1669 3335 1927 3444 judicandam,

512 3486 565 3558 et,
579 3470 668 3577 quia
679 3470 779 3547 dicta
793 3471 946 3557 domus,
959 3485 1113 3574 propter
1127 3467 1312 3545 dictarum
1325 3467 1495 3574 parcium
1511 3466 1705 3555 debatum,
1718 3466 1767 3545 ad
1780 3492 1930 3543 manum

510 3598 658 3677 domini
678 3599 788 3709 Regis
806 3599 927 3704 posita
945 3596 1035 3688 fuit,
1055 3614 1170 3702 prout
1193 3614 1432 3675 asseruerunt
1453 3596 1698 3703 inquisitores
1723 3624 1836 3701 super
1860 3596 1932 3675 hoc

403 3738 410 3743 ’
512 3727 702 3831 deputati,
722 3745 761 3804 et
786 3728 885 3804 dicta
903 3756 1038 3805 manus
1058 3727 1197 3805 dicitur
1216 3727 1328 3805 fracta
1347 3726 1483 3817 fuisse,
1506 3727 1607 3805 dicto
1624 3725 1763 3805 ballivo
1782 3726 1932 3803 manda-

510 3858 614 3935 bitur
627 3858 734 3964 quod
748 3858 778 3935 si
794 3858 872 3964 ipse
888 3856 1073 3935 invenerit
1090 3858 1142 3934 ita
1163 3886 1261 3948 esse,
1281 3858 1418 3936 dictam
1441 3858 1620 3949 domum,
1637 3858 1711 3937 hoc
1724 3858 1929 3961 pendente,

512 3989 718 4065 addictam
740 4017 898 4066 manum
918 3989 1063 4065 domini
1084 3990 1194 4097 Regis
1212 4007 1355 4081 teneat,
1377 3990 1456 4067 sine
1477 4006 1587 4066 custn
1606 4006 1645 4067 et
1664 3988 1829 4094 dampno
1849 4014 1930 4093 par-

486 4121 488 4124 ’
511 4120 613 4197 cium
625 4119 894 4227 predictarum,
910 4119 1045 4197 stilles
1059 4122 1126 4228 qui
1143 4120 1280 4199 dictam
1295 4148 1452 4197 manum
1467 4120 1678 4227 fregerunt,
1692 4118 1841 4224 justicia
1856 4146 1932 4195 me·

513 4251 658 4342 diante,
678 4250 883 4356 compellat
900 4249 948 4327 ad
968 4251 1169 4329 emendam
1189 4252 1413 4358 condignam
1434 4249 1523 4328 inde
1545 4248 1764 4327 faciendam.

568 4384 673 4486 Lune
690 4398 778 4488 post
794 4381 1026 4460 Brandones.

567 4512 675 4590 Creci
695 4512 906 4620 reportarit.

567 4772 710 4852 XXXV.
740 4774 839 4852 Cum
865 4792 969 4853 mota
986 4791 1086 4853 esset
1102 4775 1289 4855 discordia
1313 4777 1412 4854 inter
1431 4776 1630 4855 dominum
1650 4773 1849 4865 Kamlum,
1871 4800 1932 4849 co·

511 4901 643 4978 mitem
664 4902 831 4992 Valesie,
854 4923 1021 5011 exparte
1046 4934 1139 4995 una,
1166 4924 1205 4983 et
1224 4907 1387 5013 priorem
1410 4907 1460 4983 de
1484 4904 1651 4993 autolio,
1677 4904 1820 4983 ordinis
1841 4902 1931 4982 Clu-

511 5032 710 5120 niscensis‚
731 5061 776 5109 ex
794 5034 923 5128 altera,
949 5064 1129 5141 supereo
1153 5036 1260 5143 quod
1279 5036 1400 5115 dictus
1423 5036 1527 5143 prior
1547 5034 1700 5142 petebat
1718 5034 1822 5143 quod
1840 5060 1932 5139 quo-
