4450 6209
766 678 1028 785 nvoutrns
1053 697 1118 770 nr
1144 676 1347 772 raeces.
1698 703 1772 776 ooo

352 851 480 918 nostre
494 837 676 928 mittatur,
691 838 741 918 ad
749 837 920 918 futurum
936 839 1106 947 proximo
1120 840 1412 947 parlamentum,
1426 855 1466 920 ct
1479 841 1585 949 quod
1597 843 1774 921 commis·
1814 853 1944 909 Puuuu
1955 854 2000 919 tv,

349 969 436 1049 sarii
451 970 517 1078 qui
532 971 580 1048 ad
599 971 673 1049 hoc
692 971 992 1082 deputabuntur,
1010 989 1211 1080 postquam
1227 973 1297 1080 ipsi
1316 972 1542 1080 perfecerint
1558 973 1696 1052 dictam
1716 976 1775 1055 in·
1874 946 1938 989 Μ’

349 1117 532 1209 questam,
550 1099 657 1180 diem
675 1102 824 1182 ballivie
839 1103 1081 1183 Bituricensis
1109 1103 1230 1182 bituri
1251 1105 1422 1211 proximo
1441 1103 1662 1210 parlamenti
1688 1134 1774 1212 par·

347 1233 452 1312 tibus
466 1235 670 1345 assignent,
688 1236 737 1314 ad
754 1236 962 1315 videndum
972 1236 1136 1346 judicari
1154 1237 1366 1344 inquestam
1384 1235 1602 1343 predictam.

405 1366 571 1446 Sabbata
591 1367 770 1476 predicta.

406 1499 508 1606 Roya
526 1498 739 1606 reportavit.

405 1629 513 1707 Facta
535 1647 591 1708 est
611 1629 824 1709 commissio
845 1631 954 1709 dictis
966 1630 1203 1710 auditoribus
1218 1648 1256 1709 et
1272 1631 1430 1710 remissa
1447 1631 1631 1739 inquesta.

404 1893 494 1971 LXI.
528 1892 625 1971 Cum
640 1892 799 1971 dilectus
812 1891 986 1971 etfidelis
1002 1910 1131 1970 noster
1144 1892 1348 1982 liebertus,
1369 1920 1497 1970 comcs
1516 1891 1717 1983 Bolonnie,
1734 1892 1774 1968 in

348 2024 603 2115 carisomus,
622 2040 752 2102 contra
762 2023 942 2101 ballivum
957 2021 1267 2114 Ambianensem,
1280 2050 1497 2129 proponens
1510 2025 1772 2131 cognicionem

350 2174 387 2233 et
414 2155 676 2232 execucionem
704 2153 1021 2262 cyrographorum
1048 2171 1086 2231 et
1109 2153 1321 2231 litterarum
1349 2153 1608 2231 scabinatuum
1637 2155 1677 2231 in
1703 2184 1772 2232 suo

349 2288 530 2364 comitatu
547 2304 584 2363 ct
598 2303 726 2364 contra
740 2315 828 2364 suos
847 2285 1020 2364 subditos
1032 2302 1071 2362 et
1083 2284 1124 2362 in
1136 2286 1219 2393 ipso
1237 2285 1416 2362 comitatu
1432 2303 1708 2364 commorantes
1724 2287 1773 2363 ad

349 2417 472 2524 ipsum
491 2419 698 2525 pertinere,
721 2434 758 2495 et
779 2445 819 2496 se
841 2445 920 2495 csse
946 2433 984 2494 et
1004 2415 1139 2508 luisse,
1161 2446 1182 2494 a
1201 2432 1374 2524 tempore
1394 2417 1503 2524 cujus
1520 2415 1705 2494 memoria
1724 2417 1771 2494 de

348 2549 536 2626 contrario
561 2577 640 2626 non
663 2547 803 2637 existit,
829 2548 869 2624 in
893 2547 992 2625 bona
1018 2547 1152 2624 saisina
1176 2546 1343 2625 habendi
1368 2563 1406 2624 et
1431 2546 1627 2624 exercendi
1651 2547 1773 2655 cogni·

348 2681 497 2757 cionem
517 2697 554 2758 et
578 2679 844 2757 execucionem
872 2679 1099 2784 predictam,
1122 2677 1265 2756 diceret
1284 2678 1388 2785 quod
1409 2676 1532 2754 dictus
1551 2673 1711 2753 ballivus
1735 2693 1773 2754 et

347 2811 559 2916 prepositus
572 2811 620 2888 de
632 2810 871 2900 Mosterolio,
888 2838 958 2916 pro
971 2809 1096 2902 uobis,
1110 2809 1235 2916 ipsum
1248 2807 1507 2916 impediebant
1519 2805 1648 2883 minus
1660 2808 1774 2886 racio-

347 2941 525 3020 nabiliter
542 2943 582 3018 in
596 2942 791 3048 predictis,
811 2942 1019 3020 exercendo
1041 2957 1079 3018 et
1097 2941 1299 3018 retinendo
1321 2940 1510 3018 dictorum
1530 2940 1773 3046 cyrographo·

346 3102 432 3151 rum
446 3091 483 3150 et
496 3073 705 3151 litterarum
718 3070 976 3150 scabinatuum
990 3071 1250 3179 cognicionem
1265 3087 1302 3147 et
1314 3099 1427 3176 super
1439 3071 1494 3147 eis
1507 3068 1771 3147 execucionem

346 3202 519 3281 iaciendo
540 3203 581 3279 in
600 3205 675 3281 suo
686 3203 867 3281 comitatu
886 3219 924 3279 et
942 3219 1071 3280 contra
1090 3202 1264 3280 subditos
1281 3230 1371 3280 suos
1385 3219 1424 3279 et
1438 3219 1711 3278 commorantes
1731 3203 1770 3278 in

347 3335 529 3414 comitatu
540 3334 723 3441 predicto,
740 3363 855 3441 quare
868 3333 1021 3441 petebat
1032 3334 1178 3412 dictum
1190 3333 1510 3440 impedimentum
1523 3335 1699 3424 amoveri,
1716 3351 1767 3423 et,

345 3495 415 3574 per
439 3483 606 3544 nostram
629 3466 788 3556 curiam,
810 3465 1049 3572 pronunciari
1075 3492 1145 3544 nos
1171 3493 1249 3544 non
1270 3464 1409 3543 habere
1428 3465 1492 3571 jus
1517 3464 1707 3543 retinendi
1733 3482 1771 3542 et

346 3597 542 3676 exercendi
558 3598 817 3705 cognicionem
831 3614 869 3675 et
884 3596 1148 3676 executionem
1162 3596 1364 3701 predictas,
1378 3595 1480 3673 dicto
1494 3593 1632 3675 ballivo
1645 3625 1690 3674 ex
1701 3596 1769 3673 ad·

344 3757 449 3808 verso
470 3746 704 3836 proponente
722 3757 790 3807 nos
813 3757 892 3806 esse
912 3745 954 3805 et
971 3755 1040 3833 per
1062 3743 1210 3804 tantum
1229 3745 1381 3834 tempus
1399 3725 1514 3804 fuisse
1531 3726 1638 3833 qnod
1656 3756 1770 3834 super

345 3860 420 3938 hoc
434 3861 498 3969 jus
517 3877 574 3938 est
592 3859 701 3937 nohis
723 3858 961 3964 acquisitum,
984 3857 1024 3934 in
1043 3857 1145 3936 bona
1163 3857 1298 3935 saisina
1316 3857 1505 3936 retinendi
1526 3855 1710 3948 habendi,
1732 3875 1771 3938 et

346 3988 541 4068 exercendi
557 3989 817 4097 cognicionem
831 4004 868 4065 et
885 3987 1150 4066 execucionem
1170 3987 1488 4095 cyrograpborum
1504 4004 1543 4064 et
1560 3986 1770 4074 litterarum

345 4121 606 4200 scabinatuum
627 4136 755 4199 contra
774 4116 945 4196 subditos
965 4118 1053 4196 dicti
1075 4118 1223 4196 comitis
1243 4136 1282 4196 et
1300 4137 1576 4196 commorantes
1592 4120 1633 4197 in
1653 4123 1770 4198 comi·

343 4270 421 4331 tatu
449 4253 636 4360 predicto,
658 4251 977 4359 quandocumque
1002 4248 1165 4328 ballivus
1188 4248 1450 4329 Ambianen'sis
1476 4248 1533 4325 vel
1555 4251 1770 4355 prepositus

344 4383 580 4464 Monsterolii
601 4411 714 4490 super
726 4384 798 4460 hoc
810 4381 987 4489 primitus
1000 4380 1259 4488 requiruntur,
1280 4396 1319 4457 et
1337 4379 1492 4484 insuper
1506 4378 1624 4456 dictas
1643 4381 1770 4490 cogni·

342 4515 491 4595 cionem
522 4534 559 4595 et
583 4514 846 4593 erecucionem
872 4511 1037 4590 habendi
1067 4529 1105 4589 et
1135 4511 1330 4589 exercendi
1354 4538 1432 4589 non
1462 4525 1612 4586 tantum
1640 4527 1768 4593 contra

342 4663 619 4725 commorantes
633 4646 672 4723 in
691 4645 871 4723 comitatu
885 4643 1084 4730 Bolonnie,
1105 4643 1172 4720 scd
1187 4671 1257 4750 par
1274 4659 1394 4720 totam
1407 4640 1599 4718 balliviam
1613 4640 1767 4720 Ambia-

343 4803 501 4855 nensem
529 4794 568 4855 et
595 4779 677 4886 ejus
704 4792 929 4866 ressortum,
959 4771 1133 4852 videlicet
1162 4775 1202 4852 in
1229 4773 1476 4882 preposituris
1504 4771 1764 4861 Ambianensi,

345 4909 677 5000 Sancti-Richarii,
709 4911 757 4987 de
785 4911 956 5017 Vymeu,
970 4904 1211 4983 comitatibus
1229 4905 1500 4993 Attrebatenai,
1526 4903 1701 4982 Flandrie
1729 4921 1768 4979 et

344 5037 556 5145 Guynensis
576 5059 612 5118 et
631 5039 711 5118 aliis
731 5039 840 5117 terris
859 5035 1348 5132 circomvicinisootnitatui
1367 5034 1552 5114 Rolonnie
1575 5032 1763 5139 predicto,

1587 5187 1636 5248 88.
