4450 6209
519 707 570 781 811
1106 696 1197 772 Lus
1227 693 1367 770 OLIM.

292 859 424 912 esrum
437 856 480 919 tv,
521 847 643 925 dictos
669 844 890 949 Philippum
914 858 953 919 et
976 837 1149 917 consules
1180 832 1428 942 interpositis,
1457 830 1601 908 dictum
1629 827 1943 934 impedimentum

356 950 419 992 Μ’
520 979 560 1054 in
580 975 815 1084 possessione
837 972 1023 1050 dictarum
1041 967 1192 1048 bladate
1213 984 1251 1046 et
1267 965 1389 1042 vincte
1410 959 1535 1040 eidem
1552 959 1760 1038 Bertrando
1776 987 1846 1064 per
1862 987 1944 1065 pre-

523 1110 643 1188 dictos
657 1107 873 1216 appositum
887 1131 967 1182 esse
982 1100 1258 1191 amovendum,
1270 1113 1309 1175 et
1322 1096 1465 1174 dictum
1479 1091 1732 1172 Bertrandum
1746 1091 1796 1170 sd
1808 1105 1943 1168 statum

522 1242 561 1316 in
587 1269 665 1345 quo
689 1255 769 1315 erat
791 1254 963 1341 tempore
985 1233 1077 1310 dicti
1096 1228 1360 1337 impedimenti
1380 1222 1540 1332 appositi
1559 1221 1840 1314 reducendum,
1862 1247 1943 1328 pro-

523 1369 693 1448 bibendo
712 1397 779 1457 ne,
804 1363 1043 1444 contradicti
1059 1361 1218 1470 judicati
1236 1377 1427 1444 tenorem,
1447 1355 1518 1462 ipsi
1536 1353 1596 1432 vel
1610 1351 1676 1432 alii
1695 1353 1840 1432 dictum
1858 1353 1943 1430 Ber-

519 1501 698 1578 trandum
717 1497 929 1605 impediant
946 1492 1006 1572 vel
1026 1493 1260 1601 perturbent.

576 1631 676 1710 lovis
692 1647 779 1737 post
797 1625 1027 1705 Brandones.

576 1760 779 1840 Toffardus
798 1755 1013 1865 reportavit.

579 2023 690 2103 XXV.
719 2023 894 2127 Inquesta
908 2019 955 2096 ad
970 2017 1190 2096 instanciam
1206 2014 1402 2094 bertrandi
1414 2012 1701 2100 dePestilhaeo‚
1719 2029 1849 2090 contra
1859 2041 1942 2092 con-

523 2154 626 2232 sules
645 2171 684 2232 et
703 2153 932 2232 habitatores
950 2148 1096 2226 bastide
1118 2144 1440 2252 Montis-Caprarii
1464 2161 1502 2222 et
1524 2143 1665 2222 vicinos
1686 2143 1874 2222 dictorum
1892 2145 1941 2222 lo-

523 2313 674 2374 corum,
695 2301 736 2363 et
754 2283 965 2392 specialiter
985 2298 1114 2358 contra
1128 2279 1360 2358 Armandum
1382 2275 1430 2354 de
1450 2274 1747 2365 Monte-Acuta,
1766 2273 1939 2364 militem,

522 2416 616 2494 sacta
639 2445 754 2523 super
771 2412 1015 2494 clandestinis
1034 2409 1230 2490 maleficiis
1254 2411 1293 2488 iu
1314 2407 1558 2496 molendinis,
1580 2407 1745 2516 stangnis
1764 2424 1803 2486 et
1822 2406 1941 2485 domi-

521 2546 595 2626 bus
616 2547 706 2626 dicti
728 2545 923 2624 Bertrandi
940 2544 1179 2652 perpetratis,
1201 2558 1355 2649 propter
1373 2539 1627 2646 suspicionem
1647 2555 1685 2616 et
1702 2537 1841 2616 vicium
1860 2567 1941 2646 pro-

522 2705 648 2757 cessus
674 2678 792 2784 ipsius
820 2678 1010 2782 inqueste,
1040 2673 1113 2751 tuit
1139 2701 1206 2780 per
1235 2671 1377 2752 curiam
1405 2669 1572 2748 totaliter
1600 2667 1774 2748 anullata.
1805 2670 1943 2748 Poterit

523 2827 652 2888 tamen
672 2809 778 2886 idem
800 2806 1047 2893 Bertrandus‚
1071 2805 1102 2882 si
1123 2803 1302 2897 voluerit,
1326 2804 1459 2882 iterato
1481 2828 1595 2908 super
1620 2799 1731 2881 dictis
1753 2798 1942 2879 maleficiis

440 2919 443 2924 .
524 2939 705 3045 conqueri
723 2955 761 3016 et
781 2967 824 3014 ea
839 2937 1019 3044 prosequi
1035 2953 1078 3014 ut
1094 2934 1260 3013 debebit.

578 3070 679 3148 Jovis
698 3087 783 3176 post
800 3067 1028 3146 Brandones.

579 3199 782 3280 Toffmdus
797 3198 1011 3308 reportavit.

578 3464 704 3544 XXVI.
734 3466 911 3570 lnquesta
923 3464 973 3540 ad
988 3461 1209 3540 instanciam
1223 3460 1419 3539 Bertrandi
1435 3462 1482 3539 de
1496 3458 1706 3538 Pestilbaco
1724 3475 1855 3538 contra
1865 3458 1941 3538 Phi·

523 3595 672 3702 lippum
691 3594 741 3670 de
768 3593 978 3672 Joncberiis
1004 3608 1200 3670 tenentem
1223 3592 1350 3670 locum
1375 3591 1596 3701 gardiatoris
1621 3590 1767 3668 bastide
1792 3591 1940 3669 Montis·

522 3723 704 3831 Camurii,
732 3751 882 3802 necnon
907 3721 1078 3801 consules
1102 3742 1141 3800 et
1163 3722 1257 3801 alios
1280 3723 1328 3800 dc
1356 3722 1456 3800 dicta
1474 3721 1620 3800 bastida
1638 3720 1733 3798 lacta
1751 3749 1866 3828 super
1885 3751 1939 3799 cx-

523 3853 689 3934 cessibus
713 3870 753 3930 et
774 3853 965 3932 violenciis
987 3854 1092 3933 lactis
1111 3855 1152 3932 in
1177 3870 1296 3932 castro
1323 3854 1370 3932 de
1388 3852 1615 3941 Pestilbnco‚
1636 3869 1790 3959 propter
1807 3852 1939 3930 vicium

522 4013 719 4092 processus
742 3985 860 4092 ipsius
884 3985 1071 4091 inqueste‚
1091 4012 1161 4091 per
1184 3985 1327 4062 curiam
1347 3984 1467 4062 extitit
1485 3983 1663 4073 anullata,
1686 3999 1724 4060 et
1742 3981 1939 4062 reficienda

523 4135 579 4230 est
597 4145 667 4222 per
685 4115 831 4222 aliquos
850 4117 989 4222 probos
1008 4117 1074 4223 qui
1095 4144 1138 4193 cx
1158 4133 1264 4223 parte
1282 4115 1393 4225 Regis
1412 4116 1460 4193 ad
1479 4116 1552 4194 hoc
1570 4115 1779 4192 mittentur.

576 4244 721 4325 Eadem
740 4247 814 4326 die.

577 4379 649 4454 Per
667 4378 831 4457 eundem
851 4397 1049 4486 reportata.

576 4640 718 4719 XXVII.
749 4641 849 4720 Cum
864 4641 1083 4719 collectores
1095 4643 1214 4719 nostri
1229 4659 1667 4759 manuummortuarnm‚
1678 4670 1749 4750 pro
1761 4641 1887 4731 nobis,
1902 4641 1938 4716 in

520 4787 648 4848 nostra
664 4773 948 4878 proposuissent
967 4772 1070 4850 curia
1089 4789 1216 4850 contra
1235 4773 1446 4852 lohannem
1468 4774 1642 4864 Provain,
1659 4772 1765 4880 quod
1784 4772 1866 4880 ipse
1882 4775 1938 4850 Jo-

520 4899 666 4978 hannes
686 4920 765 4980 erat
788 4903 904 4980 homo
930 4901 1074 4980 servilis
1097 4902 1331 4981 condicionis
1356 4903 1404 4980 de
1424 4920 1691 4982 manumortus
1714 4919 1753 4980 et
1775 4900 1938 4982 lorismt·

520 5029 655 5141 ritegin
683 5033 864 5111 lobannis
893 5033 983 5110 dicti
1013 5034 1195 5143 Mengier‚
1222 5035 1407 5124 scutiferi,
1438 5052 1475 5112 et
1506 5036 1612 5142 quod
1639 5033 1762 5112 dictus
1790 5031 1938 5112 scutifer
