4450 6209
750 694 1018 829 proceres
1042 716 1107 789 nr
1133 696 1340 793 raocts.
1687 721 1761 797 cce
1792 784 1799 793 .

216 856 221 865 '
337 856 451 966 pleno
470 858 574 967 jore,
596 873 634 935 et
651 858 757 967 qnod
776 856 885 937 dictis
911 856 1089 936 fratribus
1106 857 1258 938 nullum
1275 860 1339 968 jus
1362 859 1544 967 competit
1563 866 1761 943 exercendi
1799 873 1986 940 recessit,

331 990 635 1097 jurisdictionem
654 990 695 1067 in
714 990 817 1069 dicto
832 988 937 1080 loco,
956 1016 1072 1098 qtroro
1090 991 1245 1097 petebat
1264 991 1386 1070 dictus
1398 1010 1619 1098 procurator
1634 1014 1763 1073 noster
1860 968 1924 1011 Μ’

334 1123 611 1201 sentencialiter
620 1121 861 1230 pronunciari
876 1120 996 1199 dictos
1006 1141 1268 1230 preceptorem
1282 1141 1321 1201 et
1333 1122 1479 1216 fratres,
1493 1127 1649 1206 nomine
1662 1127 1761 1206 dicte

333 1256 489 1348 domtts,
506 1257 571 1365 jus
595 1280 672 1335 non
699 1252 840 1335 habere
860 1254 1058 1333 exercendi
1077 1254 1269 1347 minorem
1286 1253 1590 1363 jurisdictionem
1611 1257 1651 1335 in
1677 1257 1762 1337 loco

333 1388 521 1494 predicto,
549 1405 604 1476 et,
632 1412 682 1463 ne
707 1386 755 1463 de
781 1403 908 1464 cetero
933 1384 1072 1463 dictam
1090 1385 1395 1494 jurisdictionem
1418 1387 1458 1464 in
1482 1388 1569 1467 loco
1591 1391 1762 1496 predicto

334 1535 545 1607 exerceant,
568 1520 622 1597 eis
641 1517 921 1597 sentencialiter
936 1518 1149 1624 prohiberi,
1172 1536 1212 1596 et
1227 1517 1292 1626 jus
1312 1518 1509 1597 exercendi
1530 1548 1685 1599 omnem
1700 1525 1763 1630 jn-

315 1650 590 1729 ,risdimonem
605 1651 644 1727 in
660 1650 744 1728 loco
762 1649 931 1756 predicto
951 1649 999 1726 od
1013 1676 1083 1727 nos
1095 1650 1288 1757 pertinere
1299 1650 1579 1729 sentencialiter
1595 1680 1764 1759 pronun·

334 1782 422 1858 clari
437 1798 474 1859 et
489 1781 688 1871 declarari,
702 1780 855 1888 petebat
867 1781 984 1859 eciam
996 1780 1176 1860 interesse
1186 1780 1294 1888 quod
1305 1782 1345 1859 in
1356 1809 1534 1889 processu
1544 1785 1643 1862 dicte
1653 1810 1762 1865 cause

331 1937 372 1991 se
385 1910 664 1991 declaraturum
675 1911 851 2002 retinuit,
869 1928 974 2017 parte
988 1910 1141 1989 adversa
1151 1912 1280 2021 plures
1293 1914 1463 1992 raciones
1474 1915 1516 1991 in
1532 1917 1761 1993 contrarium

331 2058 566 2149 proponente
584 2070 593 2117 ε
609 2042 797 2129 Tandem,
820 2042 992 2149 inquesta
1011 2068 1126 2149 super
1143 2042 1218 2121 hoc
1236 2070 1305 2150 per
1324 2045 1601 2123 commissarios
1615 2064 1762 2124 nostros

331 2173 441 2265 lacta,
460 2175 509 2253 ad
529 2174 671 2253 curiam
692 2190 858 2252 nostram
881 2190 1081 2280 asportata,
1104 2191 1143 2252 ct
1159 2175 1249 2252 dato
1266 2175 1404 2265 eciam,
1428 2204 1496 2284 per
1513 2178 1656 2255 curiam
1674 2203 1763 2257 nos-

331 2323 445 2395 tram,
467 2322 570 2385 certo
590 2306 770 2397 termino,
794 2306 903 2383 dictis
918 2288 1131 2413 preceptori
1147 2322 1186 2383 et
1202 2304 1397 2395 fratribus,
1424 2306 1520 2385 infra
1538 2335 1655 2415 quem
1675 2337 1762 2415 pos-

332 2454 433 2529 sent,
456 2438 486 2515 si
506 2436 665 2527 vellent,
681 2435 942 2515 attesteciones
963 2452 1003 2514 et
1025 2435 1096 2513 clia
1120 2437 1169 2514 ed
1192 2464 1342 2515 causam
1355 2435 1533 2515 laciencia
1548 2416 1761 2544 producere

332 2588 369 2646 et
385 2570 490 2647 curie·
501 2585 629 2648 nostre
645 2569 811 2660 tradere,
833 2569 1005 2658 demum,
1022 2566 1150 2677 elapso
1166 2567 1266 2647 dicto
1281 2569 1462 2657 termino,
1482 2569 1668 2677 dictisque
1683 2596 1763 2677 pre·

332 2721 482 2809 ceptore
495 2718 538 2780 et
551 2701 728 2780 fratribus
750 2700 869 2779 nichil
887 2701 972 2779 novi
993 2701 1310 2809 proponentibus,
1328 2702 1480 2809 visaque
1496 2702 1668 2809 inquestc
1683 2730 1763 2809 pre-

333 2835 444 2924 dicta,
461 2860 530 2941 per
546 2834 649 2911 curie
667 2850 796 2911 nostre
807 2832 998 2941 judicium
1017 2832 1160 2911 dictum
1175 2832 1249 2911 fuit
1265 2832 1371 2941 quod
1384 2833 1450 2942 jus
1467 2834 1664 2911 exercendi
1678 2860 1761 2912 om-

331 2992 420 3045 nem
434 2965 741 3075 jurisdictionem
763 2965 803 3043 in
825 2966 912 3045 loco
934 2966 1107 3072 predicto
1128 2964 1177 3042 ad
1195 2991 1266 3043 noe
1287 2963 1453 3072 pertinet
1466 2966 1579 3072 pleno
1597 2966 1701 3072 jure,
1725 2984 1762 3041 et

330 3100 435 3208 qnod
450 3098 559 3176 dictis
573 3098 783 3207 preceptori
802 3114 841 3177 et
852 3097 1029 3177 fratribus
1043 3096 1197 3175 nullum
1209 3097 1274 3204 jus
1285 3098 1466 3204 competit
1478 3097 1675 3175 exercendi
1688 3098 1758 3173 mi-

329 3260 465 3312 norem
479 3232 787 3341 jurisdictionem
806 3231 846 3309 in
864 3229 948 3307 loco
963 3226 1153 3335 predicto,
1175 3246 1214 3305 et
1233 3228 1378 3306 eisdem
1392 3228 1481 3318 fuit,
1498 3255 1566 3334 per
1583 3222 1686 3307 idem
1701 3229 1762 3334 ju-

329 3364 489 3452 dicium,
505 3362 711 3441 inhibitum
726 3388 775 3440 ne
787 3361 857 3469 ipsi
874 3361 922 3439 de
937 3376 1065 3437 cetero
1079 3358 1221 3436 minori
1232 3358 1496 3465 jurisdictione
1509 3374 1708 3435 uterentur
1720 3360 1761 3433 in

329 3492 413 3573 loco
433 3494 666 3603 supradicto,
691 3492 1033 3599 condempnatiqnc
1053 3490 1210 3567 ficerunt
1228 3488 1317 3565 dicti
1336 3505 1537 3595 preceptor
1555 3504 1594 3565 et
1612 3488 1758 3581 fratres,

328 3627 483 3705 nomine
500 3626 685 3734 predicto,
703 3625 752 3701 ad
769 3622 1011 3702 reddendum
1033 3638 1071 3699 et
1083 3620 1365 3699 restituendum
1379 3619 1490 3697 nobis
1502 3614 1762 3697 emolumenta

330 3786 404 3865 que
417 3759 503 3865 ipsi,
519 3760 566 3836 ab
576 3786 675 3835 anno
691 3756 843 3835 Domini
857 3754 1062 3833 millesimo
1071 3750 1337 3829 ducentesimo
1348 3749 1579 3859 octogesimo
1594 3750 1761 3827 secundo

331 3908 367 3967 et
386 3891 494 3982 eitra,
515 3906 768 3997 perceperunt
792 3913 836 3965 cx
858 3885 1028 3993 predicta
1046 3881 1314 3994 jurisdictione
1335 3900 1374 3959 et
1393 3881 1549 3988 expletio
1567 3880 1697 3986 ipsius.

386 4021 540 4099 sabbati
557 4038 643 4128 post
661 4020 924 4097 Reminiscere.

387 4152 533 4232 Cuiller
552 4152 762 4260 reportavit.

386 4419 477 4498 LIV.
506 4418 626 4505 Cum,
646 4438 769 4492 ocrem
782 4410 1051 4491 commissariis
1070 4412 1209 4489 nostris
1228 4428 1332 4489 moto
1353 4410 1485 4488 luisset
1499 4410 1648 4516 questio
1662 4408 1761 4486 inter

329 4568 612 4661 procuratorem
627 4562 799 4626 nostrum
815 4544 855 4622 in
872 4543 1044 4651 portibus
1063 4542 1304 4631 Tholosanis,
1325 4570 1370 4619 ex
1389 4568 1465 4619 ona
1483 4556 1604 4647 parte,
1626 4556 1664 4616 et
1677 4564 1762 4658 pre·

330 4702 519 4791 ceptorem
538 4700 575 4761 et
587 4680 720 4758 fratres
740 4678 878 4787 domne
894 4674 1097 4784 Hospitalis
1114 4673 1441 4753 Sancti-lohannis
1456 4669 1759 4780 lerosolymitani

332 4816 379 4893 dc
399 4816 581 4903 Bolbona,
602 4842 646 4891 ex
665 4810 798 4900 altera,
821 4836 935 4917 super
955 4834 1000 4885 eo
1021 4807 1127 4915 quod
1145 4804 1296 4885 dicebat
1313 4806 1416 4886 idem
1430 4818 1653 4912 procurator
1672 4826 1759 4880 nos·

329 4968 388 5028 ter
407 4940 513 5057 qnod
531 4960 730 5052 preceptor
749 4958 788 5020 ct
807 4940 939 5019 fratres
957 4938 1135 5049 predicti,
1151 4937 1309 5016 nominc
1324 4936 1424 5015 dicte
1440 4935 1594 5023 domus,
1612 4958 1759 5011 exerce-

330 5079 422 5157 bmt
441 5077 628 5154 minorem
643 5072 946 5184 jurisdictionem
963 5073 1003 5148 in
1024 5070 1109 5148 loco
1129 5098 1195 5147 seu
1214 5066 1300 5145 villa
1320 5068 1370 5146 de
1391 5065 1575 5158 llnhanis,
1592 5084 1759 5145 asserens

1583 5222 1630 5283 56.
