4450 6209
738 755 1007 863 suoulrus
1031 774 1096 845 su
1122 754 1329 847 esoces.
1674 772 1745 845 nor
1819 708 1823 717 ¹

326 944 367 995 ss
379 916 569 1025 pertinere
583 930 755 1022 querum
768 931 917 1021 putem
930 914 1068 993 domus
1085 912 1296 1024 cujusdam,
1313 913 1382 992 site
1399 911 1626 1005 Aurelianis,
1639 913 1678 991 in
1693 942 1750 992 vo·
1788 921 1919 975 aarum
1931 920 1974 983 ll,

325 1046 399 1126 teri
413 1046 602 1139 rrrrrrrerln⁴
619 1050 732 1153 quam
751 1046 831 1153 ipso
851 1044 999 1123 dicebat
1012 1045 1202 1123 coemisse
1215 1070 1237 1121 s
1252 1034 1418 1122 Robesto
1438 1044 1486 1121 de
1507 1029 1747 1133 Domeciaco,
1851 1012 1913 1054 Μ’

328 1196 365 1257 ct
382 1177 536 1285 petebat
554 1199 638 1255 eam
655 1176 726 1255 sibi
746 1172 970 1286 adjudiceri3
990 1176 1091 1253 dicto
1106 1177 1279 1255 lobenne
1295 1176 1525 1254 'contrarium
1546 1184 1748 1265 asserente,

328 1310 531 1391 ct‘dicente
547 1332 685 1387 secem
703 1308 853 1399 emisse,
873 1336 960 1385 enm
980 1307 1198 1386 sudoritate
1210 1302 1350 1416 judicis
1366 1309 1666 1417 competentius
1686 1336 1752 1384 cu-

327 1441 512 1520 ratoribus
531 1441 622 1518 dicti
642 1440 816 1530 Robusti,
831 1440 931 1518 datis
948 1441 1073 1519 eidem
1092 1462 1163 1547 pro
1179 1462 1224 1517 co
1240 1439 1329 1546 quia
1346 1438 1427 1545 ipse
1441 1438 1642 1546 dissipabat
1653 1440 1753 1519 bona

328 1600 409 1662 suut
433 1573 659 1681 dicenteque
673 1602 720 1651 se
737 1571 913 1651 finisse‘et
931 1596 1011 1649 esse
1035 1571 1075 1647 in
1094 1572 1195 1650 bona
1213 1570 1347 1648 saisina
1366 1570 1466 1648 dicte
1489 1586 1620 1677 quarte
1638 1561 1754 1679 pictis

330 1706 375 1781 en
393 1724 500 1801 causa
519 1702 706 1812 predicta,
722 1722 949 1813 petentesque
969 1701 1041 1781 sibi
1060 1700 1265 1810 adjudicari
1281 1702 1549 1809 proprietatem
1563 1702 1754 1811 ejusdem3

279 1901 284 1913 .
329 1835 468 1914 auditis
487 1860 603 1941 super
627 1837 702 1914 boc
723 1836 890 1943 parcium
915 1829 1131 1911 nacionibus
1154 1833 1426 1939 predictarum,
1451 1828 1574 1910 dictus
1597 1833 1756 1911 ballivus

329 1966 555 2075 edjudicavit
568 1962 671 2043 dicto
687 1962 850 2045 Johanni
864 1948 1132 2073 proprietatem
1147 1981 1185 2041 et
1198 1963 1370 2043 suasam
1387 1962 1485 2040 dicte
1497 1978 1629 2069 quarte
1643 1965 1757 2070 partis

330 2096 469 2175 domus
490 2094 711 2205 predicte-a
731 2124 817 2204 quo
823 2096 1008 2205 judicato,
1031 2093 1324 2203 tanquam-sulec
1345 2070 1531 2202 etprsvo,
1549 2094 1648 2172 dicta
1668 2098 1758 2172 Yse·

330 2227 440 2307 bellis
458 2224 507 2304 ed
524 2245 691 2307 nostram
702 2227 851 2305 curiam
871 2224 1066 2334 appellavit
1080 2258 1089 2302 ε
1105 2218 1254 2304 Auditis
1273 2226 1386 2333 igitur
1399 2225 1437 2301 in
1452 2252 1560 2303 causa
1581 2227 1680 2303 dicte
1698 2251 1760 2333 ap-

330 2358 548 2467 pellacionis
564 2354 946 2468 predictis'punibus
968 2375 1008 2435 ot
1026 2358 1113 2435 visis
1126 2356 1363 2463 processibus
1382 2357 1593 2448 antedictis,
1610 2380 1678 2462 per
1696 2384 1759 2433 cu-

332 2492 388 2569 rie
401 2510 530 2571 nostre
546 2490 734 2599 judicium
752 2489 897 2567 dietum
917 2486 989 2565 fuit
1006 2486 1217 2594 predictum
1238 2485 1414 2563 ballivum
1433 2486 1532 2563 bene
1550 2486 1756 2594 judicasse,

333 2642 371 2701 et
393 2624 532 2703 dictam
548 2622 751 2702 Ysabellim
770 2620 867 2697 mele
883 2616 1088 2728 appellasse
1108 2635 1146 2693 et
1162 2617 1266 2724 quod
1286 2616 1365 2724 ipse
1385 2616 1457 2694 hoc
1473 2616 1701 2695 emendabit.

388 2756 489 2832 lovis
506 2750 773 2861 postmodium
791 2748 1137 2859 Quadragesimam.
1273 2764 1275 2772 ⁴
1355 2769 1358 2777 ⁴

391 3018 530 3095 LXXV.
560 3016 648 3096 Visa
671 3016 863 3123 inquens,
890 3015 991 3096 inter
1013 3010 1191 3090 ballivum
1217 3012 1493 3101 senonensem,
1516 3029 1586 3118 p'ro
1605 3012 1762 3089 dominc

335 3150 453 3253 Rege,
480 3163 519 3223 et
537 3146 772 3224 abbatemet
792 3161 1020 3222 contentum
1046 3142 1094 3220 de
1116 3142 1306 3231 Petilium,
1329 3168 1373 3219 ex
1398 3156 1613 3247 carpente,
1637 3159 1674 3219 et
1698 3140 1765 3217 do

336 3278 460 3356 minos
472 3277 523 3354 de
537 3277 678 3367 Barris,
697 3303 741 3352 ex
755 3274 889 3365 alters,
911 3301 1025 3380 super
1037 3272 1188 3381 justicia
1201 3270 1354 3380 ffangie
1370 3270 1556 3348 dictorum
1573 3270 1766 3379 religioso—

336 3438 422 3488 rum
435 3408 484 3487 de
496 3407 728 3487 Acri-Monte
739 3405 1108 3512 otpertinenciarum
1122 3404 1291 3512 ejusdem
1304 3401 1414 3488 facto,
1428 3416 1583 3509 propter
1598 3401 1765 3478 desectus

337 3540 383 3618 in
393 3570 438 3618 cs
449 3556 633 3647 repertos,
648 3566 719 3644 per
730 3537 837 3616 curie
848 3554 977 3614 nostre
986 3534 1194 3645 judicium,
1212 3536 1384 3640 inquestu
1400 3532 1568 3641 predicte
1581 3531 1652 3609 fuit
1667 3532 1767 3609 enul-

336 3673 426 3761 lota‚
444 3671 548 3750 selvo
561 3671 715 3778 utrique
727 3671 823 3777 perti
839 3692 952 3774 snper
966 3668 1039 3746 boc
1049 3666 1136 3775 jure
1147 3692 1231 3755 suo,
1251 3682 1326 3742 tem
1342 3664 1382 3740 in
1397 3664 1631 3771 possessione
1653 3692 1765 3769 qtram

339 3807 378 3881 in
396 3804 643 3911 proprietate,
657 3800 812 3911 wando
826 3803 940 3908 super
958 3800 1032 3876 boc
1043 3796 1236 3876 soluerint
1251 3796 1428 3903 expes-im
1448 3796 1520 3873 hoc
1531 3794 1633 3873 saltu
1652 3797 1768 3871 eciam
1917 3850 1923 3859 .

339 3936 445 4043 quod
465 3935 514 4012 de
533 3931 841 4038 deposicionibus
855 3928 1123 4008 defunctorum
1138 3930 1312 4017 testium,
1331 3927 1370 4003 in
1387 3926 1485 4004 dictu
1503 3926 1674 4032 inquesta
1690 3954 1771 4031 pro

340 4069 560 4151 ductorum,
585 4061 830 4140 consideretis
857 4063 974 4139 eciam
1005 4059 1312 4167 deposicionibus
1336 4058 1497 4136 aliorum
1519 4058 1675 4137 testium
1702 4060 1769 4163 qui

341 4199 487 4284 vivunt,
508 4194 611 4271 curie
628 4210 769 4281 nostra,
791 4211 905 4300 prout
922 4191 1097 4298 expedire
1117 4190 1270 4278 viderit,
1291 4188 1484 4267 ordinabit
1500 4189 1655 4295 quando
1665 4188 1770 4294 judi-

343 4329 488 4407 cabitur
507 4317 681 4433 inquestu
698 4324 746 4401 dc
765 4351 865 4401 novo
879 4321 1049 4400 faciende
1069 4350 1184 4429 super
1197 4318 1394 4428 questione
1414 4319 1600 4424 predicta,
1623 4318 1652 4392 si
1668 4316 1769 4393 dicte

343 4478 467 4567 portes
484 4461 621 4537 iterato
638 4468 752 4564 super
770 4456 844 4534 boc
859 4453 1046 4532 voluerint
1066 4451 1236 4559 experiri.

401 4593 502 4673 loris
512 4607 602 4699 post
612 4590 745 4668 letare
759 4586 979 4667 lassatam.

279 4772 288 4791 ·
341 4785 343 4788 -
403 4724 605 4802 Mellentus
618 4721 830 4829 reponsvit.

369 4992 374 4999 ’
405 4984 562 5061 LXXVI.
592 4985 676 5062 Lite
687 5000 791 5062 moto
804 4983 904 5060 inter
915 4981 1133 5089 magistrum
1142 4978 1353 5057 iohannem
1364 4972 1773 5075 Gonuontclericunr,

352 5142 395 5192 ex
409 5132 515 5221 perte
532 5142 625 5205 una,
647 5132 686 5192 et
704 5110 1211 5200 PetrumdeVilla-Bboain,
1231 5106 1406 5205 militem,
1428 5108 1677 5189 senescallum
1698 5106 1777 5181 Pic-

1622 5266 1670 5345 59.
