4450 6209
751 729 1105 846 avousrss'sr
1130 736 1332 827 raoots.
1681 755 1752 826 sor

335 901 498 976 hannem
520 897 555 976 le
570 896 702 990 Blont,
720 917 891 1005 tempore
907 925 984 1003 quo
1002 894 1162 986 vivebat,
1180 923 1267 973 cuns
1284 891 1381 970 dicta
1394 919 1510 973 uxore
1527 921 1609 982 sua,
1624 909 1755 1001 utpote
1786 915 1917 969 Pastore
1936 914 1981 978 tv,

334 1028 414 1108 sine
434 1031 650 1108 auctoritate
667 1030 786 1138 ipsius
803 1028 927 1110 mariti
946 1027 1022 1114 sui,
1039 1025 1229 1114 habitum,
1249 1025 1388 1102 debere
1407 1024 1559 1131 penitus
1578 1023 1753 1116 anullari;
1855 1005 1920 1050 ¹⁸¹¹·

334 1161 400 1267 qui
416 1161 645 1266 prepositus,
665 1163 804 1241 auditis
823 1159 932 1238 dictis
950 1157 1136 1265 partibus,
1155 1184 1224 1263 per
1242 1185 1353 1234 suum
1364 1154 1570 1263 judicium,
1587 1182 1757 1261 pronun-

335 1291 443 1368 ciavit
462 1291 600 1370 dictam
619 1294 828 1372 lohannam
849 1291 896 1368 ad
916 1288 1189 1368 resumendum
1213 1287 1312 1366 dicta
1340 1306 1549 1367 atramenta
1573 1287 1693 1366 teneri
1721 1302 1759 1363 et

336 1421 474 1500 dictam
483 1421 698 1503 Esdelinam
711 1425 760 1502 ad
770 1421 1079 1530 prosecucionem
1094 1419 1195 1498 dicte
1212 1446 1339 1506 cause,
1354 1419 1394 1498 in
1406 1436 1505 1497 statu
1520 1419 1560 1494 in
1572 1447 1648 1524 quo
1662 1433 1756 1504 erat,

334 1569 505 1660 tempore
514 1554 648 1634 mortis
660 1553 750 1632 dicti
761 1553 831 1632 lilii
842 1552 913 1642 sui,
926 1552 1065 1630 debere
1076 1549 1366 1655 admitti3aquo
1372 1549 1553 1656 judicato,
1566 1565 1759 1654 tamquam

334 1681 428 1764 falso
444 1701 483 1762 et
496 1713 624 1790 pravo,
641 1686 764 1764 dictus
777 1685 968 1768 lohannes
982 1682 1032 1760 ad
1045 1698 1211 1760 nostram
1225 1680 1367 1758 curiam
1382 1679 1598 1785 appellavit:
1614 1671 1761 1756 Auditis

334 1812 460 1919 igitur,
487 1815 527 1892 in
546 1845 656 1894 causa
676 1815 774 1896 dicte
804 1813 1084 1922 appellacionis‚
1107 1811 1276 1917 partibus
1295 1810 1475 1916 predictis
1497 1827 1535 1892 et
1558 1810 1636 1888 viso
1658 1810 1759 1888 dicto

334 1975 526 2050 processu,
553 1975 621 2054 per
640 1948 742 2024 curie
762 1962 889 2024 nostre
905 1945 1110 2053 judicium,
1135 1943 1279 2025 dictum
1298 1941 1372 2019 suit
1389 1941 1603 2048 predictum
1623 1969 1760 2047 prepo-

334 2077 447 2154 situm
466 2076 564 2184 bqne
581 2077 769 2184 judicasse
791 2095 829 2156 et
848 2077 992 2155 dictum
1008 2075 1218 2153 lohannem
1239 2071 1336 2150 male
1356 2070 1578 2177 appellasse,
1603 2089 1641 2149 et
1655 2069 1760 2176 quod

334 2206 414 2312 ipse
428 2207 502 2284 boc
517 2207 744 2285 emendabit.

391 2336 555 2415 Sabbato
570 2337 748 2444 predicta.

392 2468 443 2545 M.
462 2468 676 2573 Stephanus
691 2467 739 2544 de
756 2467 937 2546 Housseia
952 2467 1166 2574 reportavit.

392 2598 569 2678 Traditus
583 2596 657 2676 fuit
675 2627 872 2706 processus
892 2599 1083 2708 preposito
1107 2598 1316 2678 Parisiensi.

391 2863 482 2940 ldX.
513 2863 709 2971 Religiosis
727 2863 814 2942 viris
834 2863 968 2943 abbate
989 2879 1027 2940 et
1047 2879 1235 2942 conventu
1255 2863 1304 2939 de
1324 2860 1527 2942 Yssiodoro
1542 2859 1654 2938 nobis
1673 2889 1762 2939 cone

335 2994 584 3101 querentibus
604 3023 717 3102 super
740 3023 785 3074 eo
811 2994 935 3103 quod,
956 2995 1046 3102 ipsis
1065 2994 1312 3074 existentibus
1330 2994 1370 3070 in
1385 3009 1511 3070 nostra
1529 2992 1659 3100 gardia
1677 3020 1762 3098 spe·

337 3125 437 3215 ciali,
459 3129 568 3233 Hugo
586 3125 786 3218 Armandi,
806 3153 941 3234 gerens
965 3154 1003 3202 se
1020 3155 1089 3232 pro
1110 3124 1265 3204 consule
1285 3123 1503 3212 distende,
1519 3152 1607 3202 cum
1628 3151 1762 3230 magna

336 3256 582 3334 multitudine
599 3257 855 3335 habitancium
868 3257 967 3334 dicte
977 3256 1083 3348 ville,
1102 3256 1231 3362 plures
1246 3255 1299 3332 eis
1313 3254 1595 3334 inobediencias
1606 3253 1760 3341 fecerat,

338 3402 376 3463 et
394 3385 638 3493 quamplures
655 3387 824 3494 injurias,
843 3385 1088 3464 contumelias
1106 3404 1145 3462 et
1159 3413 1329 3464 excessus
1346 3385 1489 3463 eisdem
1504 3384 1701 3472 intulerat,
1720 3402 1763 3460 ut

338 3516 529 3608 dicebant,
545 3517 803 3596 mandavimus
824 3518 871 3594 de
885 3516 1080 3624 predictis,
1096 3516 1233 3594 vocatis
1248 3515 1435 3622 partibus,
1454 3515 1666 3626 inquestam
1678 3514 1763 3592 lieri
1830 3599 1834 3606 ‚

338 3665 463 3727 nostre
472 3650 574 3728 curie
582 3649 986 3728 remittendaszicta
994 3649 1108 3756 igitur
1117 3649 1291 3754 inquesta
1299 3675 1413 3753 super
1423 3647 1497 3727 hoc
1508 3645 1601 3726 facta
1612 3647 1762 3725 etcurie

336 3797 464 3858 nostre
473 3780 771 3888 adjudicandam
782 3781 910 3871 missa,
924 3781 1062 3858 auditis
1073 3808 1186 3886 super
1194 3779 1268 3859 hoc
1279 3778 1449 3885 partibas
1458 3776 1635 3885 predictis
1646 3778 1763 3856 etvisa

338 3926 376 3988 et
386 3908 586 4018 diligenter
599 3911 806 3988 examinata
815 3911 990 4018 inquesta
1002 3911 1190 4018 predicta,
1205 3911 1296 4017 quia
1309 3926 1505 4015 repertum
1516 3925 1589 3999 est,
1604 3936 1672 4016 per
1681 3936 1763 3986 ean·

339 4040 446 4130 dem,
465 4041 610 4118 dictum
627 4043 846 4147 Hugonem,
863 4058 1056 4120 tenentem
1079 4043 1119 4118 in
1141 4070 1256 4119 manu
1273 4070 1339 4119 sua
1358 4041 1563 4148 quamdam
1581 4039 1760 4130 securim,

338 4173 481 4250 venisse
494 4173 543 4249 ad
559 4172 717 4249 domum
732 4173 913 4250 Johannis
926 4173 974 4250 de
987 4173 1174 4260 Carraria,
1187 4201 1275 4250 cum
1287 4200 1422 4280 magna
1434 4170 1681 4252 multitudine
1695 4170 1763 4246 ha·

338 4303 547 4384 bitancium
565 4303 665 4382 dicte
685 4302 790 4394 ville,
809 4321 863 4392 et,
884 4318 971 4410 post
990 4302 1184 4382 defensam
1202 4301 1430 4380 servientum
1450 4302 1553 4378 omie
1574 4299 1760 4376 dictorum

339 4433 619 4542 religiosorum,
636 4451 782 4539 portam
796 4432 895 4530 dicte
915 4433 1051 4514 domus
1071 4434 1121 4512 ad
1138 4450 1277 4510 terram
1296 4432 1484 4540 posuisse,
1497 4431 1702 4537 ipsumque
1715 4429 1763 4508 ad

339 4567 541 4674 quemdam
554 4565 758 4673 postellum
769 4565 989 4645 existentem
997 4584 1082 4643 ante
1093 4566 1232 4644 dictam
1242 4564 1418 4654 domum,
1432 4592 1518 4643 cum
1531 4561 1630 4640 dicta
1640 4560 1764 4640 securi

338 4697 583 4807 percussisse,
605 4697 695 4776 licet
714 4697 804 4775 dicti
825 4697 1027 4776 servientes
1047 4697 1173 4775 eidem
1195 4695 1368 4774 dicerent
1379 4693 1492 4802 quod
1510 4692 1607 4773 dicta
1624 4691 1764 4772 ἆοιιιιιι

341 4847 378 4908 et
395 4829 495 4908 bona
510 4829 612 4908 intus
627 4828 827 4906 existencia
847 4845 953 4907 erant
970 4829 1092 4936 posita
1107 4829 1155 4907 ad
1174 4854 1329 4909 manum
1347 4825 1453 4906 curie
1472 4824 1661 4906 macrum
1679 4822 1763 4901 reli-

339 4961 549 5068 giosorum,
562 4959 761 5067 ipsumque
769 4962 972 5067 ⁴Hugonem
990 4978 1028 5038 et
1043 4959 1172 5066 plures
1185 4957 1279 5037 alios
1295 4956 1524 5043 habitatores
1540 4955 1638 5036 dicte
1653 4953 1759 5041 ville,

340 5115 409 5196 per
431 5088 573 5180 curiam
595 5089 782 5182 dictorum
803 5090 1067 5198 religiosorum
1090 5103 1305 5178 attestatos,
1328 5116 1400 5194 pro
1422 5087 1534 5168 certis
1554 5081 1763 5164 excessibus

384 5295 390 5306 .
425 5265 477 5306 sss
499 5263 580 5305 οιιιι.
597 5265 644 5306 ιιι.
1594 5237 1636 5301 88
