<?xml version="1.0" encoding="UTF-8"?>
<!DOCTYPE html PUBLIC "-//W3C//DTD XHTML 1.0 Transitional//EN"
    "http://www.w3.org/TR/xhtml1/DTD/xhtml1-transitional.dtd">
<html xmlns="http://www.w3.org/1999/xhtml" xml:lang="en" lang="en">
 <head>
  <title>
</title>
<meta http-equiv="Content-Type" content="text/html;charset=utf-8" />
  <meta name='ocr-system' content='tesseract 3.04.00' />
  <meta name='ocr-capabilities' content='ocr_page ocr_carea ocr_par ocr_line ocrx_word'/>
</head>
<body>
  <div class='ocr_page' id='page_1' title='image "./lesolimouregist00parigoog_0721.png"; bbox 0 0 4450 6209; ppageno 0'>
   <div class='ocr_carea' id='block_1_1' title="bbox 522 677 1361 752">
    <p class='ocr_par' dir='ltr' id='par_1_1' title="bbox 522 677 1361 752">
     <span class='ocr_line' id='line_1_1' title="bbox 522 677 1361 752; baseline 0 -2"><span class='ocrx_word' id='word_1_1' title='bbox 522 677 596 750; x_wconf 80' lang='lat'>626</span> <span class='ocrx_word' id='word_1_2' title='bbox 1105 679 1195 752; x_wconf 78' lang='lat' dir='ltr'>Lus</span> <span class='ocrx_word' id='word_1_3' title='bbox 1219 677 1361 752; x_wconf 87' lang='lat' dir='ltr'><strong>OLIM.</strong></span> 
     </span>
    </p>
   </div>
   <div class='ocr_carea' id='block_1_2' title="bbox 296 818 2114 1062">
    <p class='ocr_par' dir='ltr' id='par_1_2' title="bbox 296 818 2114 1062">
     <span class='ocr_line' id='line_1_2' title="bbox 296 818 2114 937; baseline 0 -39"><span class='ocrx_word' id='word_1_4' title='bbox 296 825 426 880; x_wconf 63' lang='lat' dir='ltr'>P¹¹¹t¹⁹¹²¹÷</span> <span class='ocrx_word' id='word_1_5' title='bbox 439 825 481 890; x_wconf 72' lang='grc' dir='ltr'>Νι</span> <span class='ocrx_word' id='word_1_6' title='bbox 520 819 592 898; x_wconf 84' lang='lat' dir='ltr'>luit</span> <span class='ocrx_word' id='word_1_7' title='bbox 603 819 709 928; x_wconf 90' lang='lat' dir='ltr'>quod</span> <span class='ocrx_word' id='word_1_8' title='bbox 723 819 801 928; x_wconf 84' lang='lat' dir='ltr'>ipsa</span> <span class='ocrx_word' id='word_1_9' title='bbox 811 819 918 900; x_wconf 81' lang='lat' dir='ltr'>Anda</span> <span class='ocrx_word' id='word_1_10' title='bbox 932 818 979 898; x_wconf 91' lang='lat' dir='ltr'>de</span> <span class='ocrx_word' id='word_1_11' title='bbox 995 819 1097 900; x_wconf 87' lang='lat' dir='ltr'>dicto</span> <span class='ocrx_word' id='word_1_12' title='bbox 1112 819 1197 900; x_wconf 89' lang='lat' dir='ltr'>loco</span> <span class='ocrx_word' id='word_1_13' title='bbox 1213 821 1262 899; x_wconf 94' lang='lat' dir='ltr'>de</span> <span class='ocrx_word' id='word_1_14' title='bbox 1274 821 1400 928; x_wconf 77' lang='lat' dir='ltr'>Tyren</span> <span class='ocrx_word' id='word_1_15' title='bbox 1412 838 1451 900; x_wconf 90' lang='lat' dir='ltr'>et</span> <span class='ocrx_word' id='word_1_16' title='bbox 1464 821 1708 926; x_wconf 85' lang='lat' dir='ltr'>pertinenciis</span> <span class='ocrx_word' id='word_1_17' title='bbox 1721 821 1806 930; x_wconf 87' lang='lat' dir='ltr'>ejus</span> <span class='ocrx_word' id='word_1_18' title='bbox 1821 839 1861 899; x_wconf 91' lang='lat' dir='ltr'>et</span> <span class='ocrx_word' id='word_1_19' title='bbox 1871 851 1945 900; x_wconf 91' lang='lat' dir='ltr'>om·</span> <span class='ocrx_word' id='word_1_20' title='bbox 2113 930 2114 937; x_wconf 7' lang='grc' dir='ltr'>ἵ</span> 
     </span>
     <span class='ocr_line' id='line_1_3' title="bbox 521 942 2114 1062; baseline 0.002 -34"><span class='ocrx_word' id='word_1_21' title='bbox 521 951 633 1029; x_wconf 90' lang='lat' dir='ltr'>nibus</span> <span class='ocrx_word' id='word_1_22' title='bbox 648 951 871 1030; x_wconf 72' lang='lat' dir='ltr'><strong>animalibus</strong></span> <span class='ocrx_word' id='word_1_23' title='bbox 884 969 922 1029; x_wconf 89' lang='lat' dir='ltr'>et</span> <span class='ocrx_word' id='word_1_24' title='bbox 935 951 1047 1030; x_wconf 85' lang='lat' dir='ltr'>bonis</span> <span class='ocrx_word' id='word_1_25' title='bbox 1060 953 1250 1059; x_wconf 74' lang='lat' dir='ltr'>predictis,</span> <span class='ocrx_word' id='word_1_26' title='bbox 1271 954 1301 1030; x_wconf 86' lang='lat' dir='ltr'>si</span> <span class='ocrx_word' id='word_1_27' title='bbox 1317 969 1459 1042; x_wconf 81' lang='lat' dir='ltr'>extant,</span> <span class='ocrx_word' id='word_1_28' title='bbox 1478 951 1647 1060; x_wconf 85' lang='lat' dir='ltr'>alioquin</span> <span class='ocrx_word' id='word_1_29' title='bbox 1665 953 1714 1060; x_wconf 85' lang='lat' dir='ltr'>de</span> <span class='ocrx_word' id='word_1_30' title='bbox 1730 954 1944 1062; x_wconf 78' lang='lat' dir='ltr'>quingentis</span> <span class='ocrx_word' id='word_1_31' title='bbox 2113 942 2114 1013; x_wconf 78' lang='lat' dir='ltr'>l</span> 
     </span>
    </p>
   </div>
   <div class='ocr_carea' id='block_1_3' title="bbox 356 917 420 958">
    <p class='ocr_par' dir='ltr' id='par_1_3' title="bbox 356 917 420 958">
     <span class='ocr_line' id='line_1_4' title="bbox 356 917 420 958; baseline 0 0"><span class='ocrx_word' id='word_1_32' title='bbox 356 917 420 958; x_wconf 73' lang='lat'>1³11.</span> 
     </span>
    </p>
   </div>
   <div class='ocr_carea' id='block_1_4' title="bbox 496 1081 1941 4082">
    <p class='ocr_par' dir='ltr' id='par_1_4' title="bbox 496 1081 1941 4082">
     <span class='ocr_line' id='line_1_5' title="bbox 519 1081 1941 1190; baseline 0.001 -32"><span class='ocrx_word' id='word_1_33' title='bbox 519 1081 626 1160; x_wconf 83' lang='lat' dir='ltr'>libris</span> <span class='ocrx_word' id='word_1_34' title='bbox 638 1082 940 1174; x_wconf 85' lang='lat' dir='ltr'>Turonensibus,</span> <span class='ocrx_word' id='word_1_35' title='bbox 953 1111 1022 1190; x_wconf 92' lang='lat' dir='ltr'>pro</span> <span class='ocrx_word' id='word_1_36' title='bbox 1037 1111 1169 1162; x_wconf 88' lang='lat' dir='ltr'>eorum</span> <span class='ocrx_word' id='word_1_37' title='bbox 1183 1082 1324 1173; x_wconf 88' lang='lat' dir='ltr'>valore,</span> <span class='ocrx_word' id='word_1_38' title='bbox 1342 1084 1371 1160; x_wconf 91' lang='lat' dir='ltr'>si</span> <span class='ocrx_word' id='word_1_39' title='bbox 1388 1085 1532 1162; x_wconf 91' lang='lat' dir='ltr'>dictum</span> <span class='ocrx_word' id='word_1_40' title='bbox 1546 1083 1713 1162; x_wconf 85' lang='lat' dir='ltr'>valorem</span> <span class='ocrx_word' id='word_1_41' title='bbox 1727 1084 1827 1162; x_wconf 88' lang='lat' dir='ltr'>dicta</span> <span class='ocrx_word' id='word_1_42' title='bbox 1839 1084 1941 1161; x_wconf 68' lang='lat' dir='ltr'>eluda</span> 
     </span>
     <span class='ocr_line' id='line_1_6' title="bbox 521 1193 1939 1324; baseline 0.001 -33"><span class='ocrx_word' id='word_1_43' title='bbox 521 1244 564 1291; x_wconf 82' lang='lat' dir='ltr'>ex</span> <span class='ocrx_word' id='word_1_44' title='bbox 578 1193 829 1303; x_wconf 80' lang='lat' dir='ltr'>habundanti,</span> <span class='ocrx_word' id='word_1_45' title='bbox 846 1216 886 1292; x_wconf 91' lang='lat' dir='ltr'>in</span> <span class='ocrx_word' id='word_1_46' title='bbox 902 1215 1005 1294; x_wconf 90' lang='lat' dir='ltr'>curia</span> <span class='ocrx_word' id='word_1_47' title='bbox 1019 1235 1163 1306; x_wconf 90' lang='lat' dir='ltr'>nostra,</span> <span class='ocrx_word' id='word_1_48' title='bbox 1178 1216 1380 1324; x_wconf 83' lang='lat' dir='ltr'>jnraverit,</span> <span class='ocrx_word' id='word_1_49' title='bbox 1398 1216 1621 1293; x_wconf 82' lang='lat' dir='ltr'>restituetur</span> <span class='ocrx_word' id='word_1_50' title='bbox 1636 1231 1676 1294; x_wconf 85' lang='lat' dir='ltr'>et</span> <span class='ocrx_word' id='word_1_51' title='bbox 1691 1217 1740 1295; x_wconf 90' lang='lat' dir='ltr'>ad</span> <span class='ocrx_word' id='word_1_52' title='bbox 1755 1216 1831 1294; x_wconf 90' lang='lat' dir='ltr'>boc</span> <span class='ocrx_word' id='word_1_53' title='bbox 1844 1244 1939 1294; x_wconf 89' lang='lat' dir='ltr'>com-</span> 
     </span>
     <span class='ocr_line' id='line_1_7' title="bbox 519 1345 1936 1451; baseline 0 -27"><span class='ocrx_word' id='word_1_54' title='bbox 519 1345 683 1451; x_wconf 79' lang='lat' dir='ltr'>pelletur</span> <span class='ocrx_word' id='word_1_55' title='bbox 699 1347 803 1425; x_wconf 94' lang='lat' dir='ltr'>idem</span> <span class='ocrx_word' id='word_1_56' title='bbox 818 1347 1021 1438; x_wconf 86' lang='lat' dir='ltr'>Amaldus,</span> <span class='ocrx_word' id='word_1_57' title='bbox 1041 1365 1079 1425; x_wconf 94' lang='lat' dir='ltr'>et</span> <span class='ocrx_word' id='word_1_58' title='bbox 1094 1349 1211 1426; x_wconf 87' lang='lat' dir='ltr'>eciam</span> <span class='ocrx_word' id='word_1_59' title='bbox 1227 1348 1276 1425; x_wconf 91' lang='lat' dir='ltr'>ad</span> <span class='ocrx_word' id='word_1_60' title='bbox 1293 1346 1532 1425; x_wconf 88' lang='lat' dir='ltr'>reddendum</span> <span class='ocrx_word' id='word_1_61' title='bbox 1546 1347 1674 1425; x_wconf 90' lang='lat' dir='ltr'>eidem</span> <span class='ocrx_word' id='word_1_62' title='bbox 1689 1348 1799 1425; x_wconf 84' lang='lat' dir='ltr'>Ande</span> <span class='ocrx_word' id='word_1_63' title='bbox 1817 1365 1936 1436; x_wconf 80' lang='lat' dir='ltr'>cartas,</span> 
     </span>
     <span class='ocr_line' id='line_1_8' title="bbox 519 1477 1940 1586; baseline 0.003 -34"><span class='ocrx_word' id='word_1_64' title='bbox 519 1477 672 1571; x_wconf 87' lang='lat' dir='ltr'>litteras,</span> <span class='ocrx_word' id='word_1_65' title='bbox 686 1477 940 1586; x_wconf 85' lang='lat' dir='ltr'>obligaciones</span> <span class='ocrx_word' id='word_1_66' title='bbox 951 1495 988 1556; x_wconf 91' lang='lat' dir='ltr'>et</span> <span class='ocrx_word' id='word_1_67' title='bbox 1001 1480 1251 1558; x_wconf 89' lang='lat' dir='ltr'>instrumenta</span> <span class='ocrx_word' id='word_1_68' title='bbox 1266 1505 1333 1556; x_wconf 87' lang='lat' dir='ltr'>sua</span> <span class='ocrx_word' id='word_1_69' title='bbox 1346 1480 1386 1555; x_wconf 89' lang='lat' dir='ltr'>in</span> <span class='ocrx_word' id='word_1_70' title='bbox 1399 1479 1516 1557; x_wconf 92' lang='lat' dir='ltr'>domo</span> <span class='ocrx_word' id='word_1_71' title='bbox 1529 1507 1594 1556; x_wconf 89' lang='lat' dir='ltr'>sua</span> <span class='ocrx_word' id='word_1_72' title='bbox 1607 1480 1775 1585; x_wconf 84' lang='lat' dir='ltr'>predicta</span> <span class='ocrx_word' id='word_1_73' title='bbox 1788 1479 1940 1557; x_wconf 79' lang='lat' dir='ltr'>existen·</span> 
     </span>
     <span class='ocr_line' id='line_1_9' title="bbox 521 1609 1940 1720; baseline 0.001 -34"><span class='ocrx_word' id='word_1_74' title='bbox 521 1609 591 1698; x_wconf 89' lang='lat' dir='ltr'>cia,</span> <span class='ocrx_word' id='word_1_75' title='bbox 604 1627 777 1717; x_wconf 90' lang='lat' dir='ltr'>tempore</span> <span class='ocrx_word' id='word_1_76' title='bbox 792 1610 991 1718; x_wconf 89' lang='lat' dir='ltr'>ejeccionis</span> <span class='ocrx_word' id='word_1_77' title='bbox 1003 1611 1187 1716; x_wconf 83' lang='lat' dir='ltr'>predicte,</span> <span class='ocrx_word' id='word_1_78' title='bbox 1204 1629 1242 1688; x_wconf 89' lang='lat' dir='ltr'>et</span> <span class='ocrx_word' id='word_1_79' title='bbox 1254 1611 1381 1689; x_wconf 88' lang='lat' dir='ltr'>omnia</span> <span class='ocrx_word' id='word_1_80' title='bbox 1389 1612 1551 1717; x_wconf 86' lang='lat' dir='ltr'>dampna</span> <span class='ocrx_word' id='word_1_81' title='bbox 1560 1639 1636 1717; x_wconf 89' lang='lat' dir='ltr'>que</span> <span class='ocrx_word' id='word_1_82' title='bbox 1647 1611 1727 1717; x_wconf 89' lang='lat' dir='ltr'>ipsa</span> <span class='ocrx_word' id='word_1_83' title='bbox 1735 1629 1775 1690; x_wconf 88' lang='lat' dir='ltr'>et</span> <span class='ocrx_word' id='word_1_84' title='bbox 1786 1614 1869 1720; x_wconf 86' lang='lat' dir='ltr'>ejus</span> <span class='ocrx_word' id='word_1_85' title='bbox 1878 1613 1940 1688; x_wconf 88' lang='lat' dir='ltr'>ho-</span> 
     </span>
     <span class='ocr_line' id='line_1_10' title="bbox 520 1741 1940 1850; baseline 0.001 -34"><span class='ocrx_word' id='word_1_86' title='bbox 520 1741 642 1818; x_wconf 89' lang='lat' dir='ltr'>mines</span> <span class='ocrx_word' id='word_1_87' title='bbox 656 1742 915 1820; x_wconf 87' lang='lat' dir='ltr'>sustinuerunt</span> <span class='ocrx_word' id='word_1_88' title='bbox 927 1742 1026 1819; x_wconf 88' lang='lat' dir='ltr'>ultra</span> <span class='ocrx_word' id='word_1_89' title='bbox 1038 1743 1123 1831; x_wconf 91' lang='lat' dir='ltr'>hoc,</span> <span class='ocrx_word' id='word_1_90' title='bbox 1135 1743 1285 1820; x_wconf 79' lang='lat' dir='ltr'>racione</span> <span class='ocrx_word' id='word_1_91' title='bbox 1298 1743 1569 1850; x_wconf 89' lang='lat' dir='ltr'>predictorum,</span> <span class='ocrx_word' id='word_1_92' title='bbox 1586 1742 1681 1820; x_wconf 85' lang='lat' dir='ltr'>lacta</span> <span class='ocrx_word' id='word_1_93' title='bbox 1689 1743 1795 1848; x_wconf 89' lang='lat' dir='ltr'>prins</span> <span class='ocrx_word' id='word_1_94' title='bbox 1809 1741 1887 1819; x_wconf 82' lang='lat' dir='ltr'>lide</span> <span class='ocrx_word' id='word_1_95' title='bbox 1896 1743 1940 1818; x_wconf 88' lang='lat' dir='ltr'>de</span> 
     </span>
     <span class='ocr_line' id='line_1_11' title="bbox 499 1871 1940 1981; baseline 0 -32"><span class='ocrx_word' id='word_1_96' title='bbox 499 1873 664 1950; x_wconf 83' lang='lat' dir='ltr'>&#39;eisdem</span> <span class='ocrx_word' id='word_1_97' title='bbox 685 1873 872 1979; x_wconf 82' lang='lat' dir='ltr'>dampnis,</span> <span class='ocrx_word' id='word_1_98' title='bbox 897 1874 1193 1981; x_wconf 88' lang='lat' dir='ltr'>caucionemque</span> <span class='ocrx_word' id='word_1_99' title='bbox 1217 1874 1425 1979; x_wconf 88' lang='lat' dir='ltr'>predictam</span> <span class='ocrx_word' id='word_1_100' title='bbox 1450 1900 1519 1979; x_wconf 85' lang='lat' dir='ltr'>per</span> <span class='ocrx_word' id='word_1_101' title='bbox 1537 1873 1659 1952; x_wconf 91' lang='lat' dir='ltr'>dictos</span> <span class='ocrx_word' id='word_1_102' title='bbox 1684 1875 1861 1952; x_wconf 87' lang='lat' dir='ltr'>homines</span> <span class='ocrx_word' id='word_1_103' title='bbox 1882 1871 1940 1950; x_wconf 92' lang='lat' dir='ltr'>del</span> 
     </span>
     <span class='ocr_line' id='line_1_12' title="bbox 520 2003 1940 2113; baseline 0.001 -32"><span class='ocrx_word' id='word_1_104' title='bbox 520 2005 615 2082; x_wconf 91' lang='lat' dir='ltr'>Bosc</span> <span class='ocrx_word' id='word_1_105' title='bbox 627 2033 695 2111; x_wconf 88' lang='lat' dir='ltr'>pro</span> <span class='ocrx_word' id='word_1_106' title='bbox 709 2032 842 2083; x_wconf 88' lang='lat' dir='ltr'>eorum</span> <span class='ocrx_word' id='word_1_107' title='bbox 858 2003 1136 2084; x_wconf 83' lang='lat' dir='ltr'>deliberacione</span> <span class='ocrx_word' id='word_1_108' title='bbox 1152 2005 1277 2082; x_wconf 89' lang='lat' dir='ltr'>datam</span> <span class='ocrx_word' id='word_1_109' title='bbox 1288 2004 1389 2083; x_wconf 92' lang='lat' dir='ltr'>dicto</span> <span class='ocrx_word' id='word_1_110' title='bbox 1400 2005 1530 2113; x_wconf 84' lang='lat' dir='ltr'>bajulo</span> <span class='ocrx_word' id='word_1_111' title='bbox 1540 2005 1589 2084; x_wconf 90' lang='lat' dir='ltr'>de</span> <span class='ocrx_word' id='word_1_112' title='bbox 1601 2006 1863 2113; x_wconf 77' lang='lat' dir='ltr'>blanquefort,</span> <span class='ocrx_word' id='word_1_113' title='bbox 1878 2034 1940 2082; x_wconf 89' lang='lat' dir='ltr'>cn·</span> 
     </span>
     <span class='ocr_line' id='line_1_13' title="bbox 520 2134 1939 2244; baseline 0.001 -33"><span class='ocrx_word' id='word_1_114' title='bbox 520 2136 573 2212; x_wconf 86' lang='lat' dir='ltr'>ria</span> <span class='ocrx_word' id='word_1_115' title='bbox 588 2153 714 2214; x_wconf 89' lang='lat' dir='ltr'>nostra</span> <span class='ocrx_word' id='word_1_116' title='bbox 727 2136 896 2214; x_wconf 86' lang='lat' dir='ltr'>totaliter</span> <span class='ocrx_word' id='word_1_117' title='bbox 911 2136 1107 2225; x_wconf 72' lang='lat' dir='ltr'>enullavit,</span> <span class='ocrx_word' id='word_1_118' title='bbox 1128 2136 1273 2244; x_wconf 85' lang='lat' dir='ltr'>luitque</span> <span class='ocrx_word' id='word_1_119' title='bbox 1290 2134 1414 2215; x_wconf 87' lang='lat' dir='ltr'>dictus</span> <span class='ocrx_word' id='word_1_120' title='bbox 1426 2137 1627 2230; x_wconf 81' lang='lat' dir='ltr'>Amaldus,</span> <span class='ocrx_word' id='word_1_121' title='bbox 1646 2165 1715 2243; x_wconf 89' lang='lat' dir='ltr'>per</span> <span class='ocrx_word' id='word_1_122' title='bbox 1726 2138 1832 2214; x_wconf 92' lang='lat' dir='ltr'>idem</span> <span class='ocrx_word' id='word_1_123' title='bbox 1842 2138 1939 2213; x_wconf 89' lang='lat' dir='ltr'>curie</span> 
     </span>
     <span class='ocr_line' id='line_1_14' title="bbox 520 2267 1939 2375; baseline 0.002 -32"><span class='ocrx_word' id='word_1_124' title='bbox 520 2285 646 2344; x_wconf 82' lang='lat' dir='ltr'>nostre</span> <span class='ocrx_word' id='word_1_125' title='bbox 655 2267 859 2375; x_wconf 88' lang='lat' dir='ltr'>judicium,</span> <span class='ocrx_word' id='word_1_126' title='bbox 878 2269 1179 2375; x_wconf 84' lang='lat' dir='ltr'>condempnatus</span> <span class='ocrx_word' id='word_1_127' title='bbox 1197 2269 1238 2344; x_wconf 93' lang='lat' dir='ltr'>in</span> <span class='ocrx_word' id='word_1_128' title='bbox 1251 2269 1412 2347; x_wconf 88' lang='lat' dir='ltr'>emenda</span> <span class='ocrx_word' id='word_1_129' title='bbox 1429 2267 1535 2346; x_wconf 92' lang='lat' dir='ltr'>mille</span> <span class='ocrx_word' id='word_1_130' title='bbox 1548 2270 1729 2347; x_wconf 90' lang='lat' dir='ltr'>librarum</span> <span class='ocrx_word' id='word_1_131' title='bbox 1744 2272 1939 2346; x_wconf 87' lang='lat' dir='ltr'>Turonen-</span> 
     </span>
     <span class='ocr_line' id='line_1_15' title="bbox 520 2397 1939 2507; baseline 0.004 -36"><span class='ocrx_word' id='word_1_132' title='bbox 520 2398 618 2475; x_wconf 89' lang='lat' dir='ltr'>sium</span> <span class='ocrx_word' id='word_1_133' title='bbox 642 2397 752 2476; x_wconf 91' lang='lat' dir='ltr'>nobis</span> <span class='ocrx_word' id='word_1_134' title='bbox 778 2397 1041 2477; x_wconf 78' lang='lat' dir='ltr'>solvendarum</span> <span class='ocrx_word' id='word_1_135' title='bbox 1065 2428 1134 2506; x_wconf 91' lang='lat' dir='ltr'>pro</span> <span class='ocrx_word' id='word_1_136' title='bbox 1155 2398 1267 2476; x_wconf 87' lang='lat' dir='ltr'>dictis</span> <span class='ocrx_word' id='word_1_137' title='bbox 1286 2398 1499 2477; x_wconf 81' lang='lat' dir='ltr'>excessibus</span> <span class='ocrx_word' id='word_1_138' title='bbox 1522 2418 1560 2477; x_wconf 90' lang='lat' dir='ltr'>et</span> <span class='ocrx_word' id='word_1_139' title='bbox 1583 2417 1827 2507; x_wconf 74' lang='lat' dir='ltr'>contemptu3</span> <span class='ocrx_word' id='word_1_140' title='bbox 1847 2400 1939 2477; x_wconf 87' lang='lat' dir='ltr'>dicta</span> 
     </span>
     <span class='ocr_line' id='line_1_16' title="bbox 518 2529 1938 2638; baseline 0.004 -35"><span class='ocrx_word' id='word_1_141' title='bbox 518 2556 606 2606; x_wconf 83' lang='lat' dir='ltr'>vero</span> <span class='ocrx_word' id='word_1_142' title='bbox 618 2529 737 2619; x_wconf 78' lang='lat' dir='ltr'>duda,</span> <span class='ocrx_word' id='word_1_143' title='bbox 749 2530 1131 2608; x_wconf 79' lang='lat' dir='ltr'>devalorebonorum</span> <span class='ocrx_word' id='word_1_144' title='bbox 1142 2529 1400 2636; x_wconf 88' lang='lat' dir='ltr'>predictorum</span> <span class='ocrx_word' id='word_1_145' title='bbox 1412 2531 1593 2638; x_wconf 84' lang='lat' dir='ltr'>requisita</span> <span class='ocrx_word' id='word_1_146' title='bbox 1602 2530 1743 2638; x_wconf 88' lang='lat' dir='ltr'>jurare,</span> <span class='ocrx_word' id='word_1_147' title='bbox 1754 2559 1938 2638; x_wconf 90' lang='lat' dir='ltr'>persuum</span> 
     </span>
     <span class='ocr_line' id='line_1_17' title="bbox 520 2662 1938 2771; baseline 0.001 -35"><span class='ocrx_word' id='word_1_148' title='bbox 520 2662 677 2738; x_wconf 88' lang='lat' dir='ltr'>asseruit</span> <span class='ocrx_word' id='word_1_149' title='bbox 692 2665 951 2771; x_wconf 89' lang='lat' dir='ltr'>juramentum</span> <span class='ocrx_word' id='word_1_150' title='bbox 971 2662 1075 2769; x_wconf 89' lang='lat' dir='ltr'>quod</span> <span class='ocrx_word' id='word_1_151' title='bbox 1095 2663 1194 2740; x_wconf 90' lang='lat' dir='ltr'>dicta</span> <span class='ocrx_word' id='word_1_152' title='bbox 1209 2664 1309 2741; x_wconf 85' lang='lat' dir='ltr'>bona</span> <span class='ocrx_word' id='word_1_153' title='bbox 1328 2662 1400 2740; x_wconf 88' lang='lat' dir='ltr'>sibi</span> <span class='ocrx_word' id='word_1_154' title='bbox 1416 2662 1549 2754; x_wconf 87' lang='lat' dir='ltr'>ablata,</span> <span class='ocrx_word' id='word_1_155' title='bbox 1565 2679 1737 2770; x_wconf 87' lang='lat' dir='ltr'>tempore</span> <span class='ocrx_word' id='word_1_156' title='bbox 1750 2663 1938 2771; x_wconf 86' lang='lat' dir='ltr'>ejectionis</span> 
     </span>
     <span class='ocr_line' id='line_1_18' title="bbox 519 2791 1936 2903; baseline 0 -33"><span class='ocrx_word' id='word_1_157' title='bbox 519 2793 699 2899; x_wconf 87' lang='lat' dir='ltr'>predicte,</span> <span class='ocrx_word' id='word_1_158' title='bbox 711 2794 751 2870; x_wconf 91' lang='lat' dir='ltr'>in</span> <span class='ocrx_word' id='word_1_159' title='bbox 765 2791 881 2872; x_wconf 90' lang='lat' dir='ltr'>domo</span> <span class='ocrx_word' id='word_1_160' title='bbox 892 2821 957 2871; x_wconf 88' lang='lat' dir='ltr'>sna</span> <span class='ocrx_word' id='word_1_161' title='bbox 967 2794 1135 2900; x_wconf 88' lang='lat' dir='ltr'>predicta</span> <span class='ocrx_word' id='word_1_162' title='bbox 1146 2793 1195 2872; x_wconf 93' lang='lat' dir='ltr'>de</span> <span class='ocrx_word' id='word_1_163' title='bbox 1206 2797 1382 2903; x_wconf 80' lang='lat' dir='ltr'>Tyranno</span> <span class='ocrx_word' id='word_1_164' title='bbox 1394 2796 1603 2886; x_wconf 78' lang='lat' dir='ltr'>eristencia,</span> <span class='ocrx_word' id='word_1_165' title='bbox 1614 2795 1790 2874; x_wconf 84' lang='lat' dir='ltr'>videlicet</span> <span class='ocrx_word' id='word_1_166' title='bbox 1793 2794 1936 2902; x_wconf 80' lang='lat' dir='ltr'>jocalia,</span> 
     </span>
     <span class='ocr_line' id='line_1_19' title="bbox 519 2922 1938 3032; baseline 0.002 -34"><span class='ocrx_word' id='word_1_167' title='bbox 519 2922 646 3013; x_wconf 89' lang='lat' dir='ltr'>blada,</span> <span class='ocrx_word' id='word_1_168' title='bbox 664 2925 769 3014; x_wconf 87' lang='lat' dir='ltr'>vina,</span> <span class='ocrx_word' id='word_1_169' title='bbox 785 2924 956 3015; x_wconf 80' lang='lat' dir='ltr'>culcitra,</span> <span class='ocrx_word' id='word_1_170' title='bbox 973 2926 1207 3032; x_wconf 88' lang='lat' dir='ltr'>coopertoria</span> <span class='ocrx_word' id='word_1_171' title='bbox 1221 2942 1261 3002; x_wconf 91' lang='lat' dir='ltr'>et</span> <span class='ocrx_word' id='word_1_172' title='bbox 1274 2925 1347 3004; x_wconf 88' lang='lat' dir='ltr'>alia</span> <span class='ocrx_word' id='word_1_173' title='bbox 1357 2927 1520 3032; x_wconf 88' lang='lat' dir='ltr'>quedam</span> <span class='ocrx_word' id='word_1_174' title='bbox 1537 2927 1636 3005; x_wconf 88' lang='lat' dir='ltr'>hona</span> <span class='ocrx_word' id='word_1_175' title='bbox 1647 2955 1731 3017; x_wconf 91' lang='lat' dir='ltr'>sua,</span> <span class='ocrx_word' id='word_1_176' title='bbox 1743 2953 1821 3002; x_wconf 90' lang='lat' dir='ltr'>non</span> <span class='ocrx_word' id='word_1_177' title='bbox 1841 2953 1938 3004; x_wconf 88' lang='lat' dir='ltr'>com·</span> 
     </span>
     <span class='ocr_line' id='line_1_20' title="bbox 518 3053 1934 3164; baseline 0.002 -35"><span class='ocrx_word' id='word_1_178' title='bbox 518 3054 658 3159; x_wconf 86' lang='lat' dir='ltr'>putatis</span> <span class='ocrx_word' id='word_1_179' title='bbox 682 3053 832 3145; x_wconf 89' lang='lat' dir='ltr'>litteris,</span> <span class='ocrx_word' id='word_1_180' title='bbox 853 3059 979 3146; x_wconf 88' lang='lat' dir='ltr'>cartis,</span> <span class='ocrx_word' id='word_1_181' title='bbox 1002 3056 1302 3164; x_wconf 88' lang='lat' dir='ltr'>obligacionibus</span> <span class='ocrx_word' id='word_1_182' title='bbox 1326 3075 1364 3136; x_wconf 92' lang='lat' dir='ltr'>et</span> <span class='ocrx_word' id='word_1_183' title='bbox 1382 3059 1643 3136; x_wconf 86' lang='lat' dir='ltr'>instrumentis</span> <span class='ocrx_word' id='word_1_184' title='bbox 1657 3059 1735 3135; x_wconf 87' lang='lat' dir='ltr'>suis</span> <span class='ocrx_word' id='word_1_185' title='bbox 1750 3058 1934 3164; x_wconf 86' lang='lat' dir='ltr'>predictis,</span> 
     </span>
     <span class='ocr_line' id='line_1_21' title="bbox 496 3185 1936 3295; baseline -0.001 -29"><span class='ocrx_word' id='word_1_186' title='bbox 496 3258 498 3266; x_wconf 93' lang='lat'><em>.</em></span> <span class='ocrx_word' id='word_1_187' title='bbox 517 3185 616 3264; x_wconf 91' lang='lat' dir='ltr'>bene</span> <span class='ocrx_word' id='word_1_188' title='bbox 634 3185 807 3265; x_wconf 88' lang='lat' dir='ltr'>valebant</span> <span class='ocrx_word' id='word_1_189' title='bbox 826 3189 1117 3295; x_wconf 85' lang='lat' dir='ltr'>quadringentas</span> <span class='ocrx_word' id='word_1_190' title='bbox 1131 3187 1246 3267; x_wconf 88' lang='lat' dir='ltr'>libras</span> <span class='ocrx_word' id='word_1_191' title='bbox 1264 3192 1525 3282; x_wconf 72' lang='lat' dir='ltr'>Turonense83</span> <span class='ocrx_word' id='word_1_192' title='bbox 1544 3189 1592 3266; x_wconf 90' lang='lat' dir='ltr'>de</span> <span class='ocrx_word' id='word_1_193' title='bbox 1612 3188 1840 3266; x_wconf 85' lang='lat' dir='ltr'>animalibus</span> <span class='ocrx_word' id='word_1_194' title='bbox 1855 3215 1936 3265; x_wconf 87' lang='lat' dir='ltr'>vero</span> 
     </span>
     <span class='ocr_line' id='line_1_22' title="bbox 519 3315 1933 3431; baseline 0.004 -39"><span class='ocrx_word' id='word_1_195' title='bbox 519 3315 720 3394; x_wconf 87' lang='lat' dir='ltr'>bominum</span> <span class='ocrx_word' id='word_1_196' title='bbox 731 3342 887 3431; x_wconf 84' lang='lat' dir='ltr'>suorum</span> <span class='ocrx_word' id='word_1_197' title='bbox 901 3335 1047 3396; x_wconf 85' lang='lat' dir='ltr'>certum</span> <span class='ocrx_word' id='word_1_198' title='bbox 1060 3347 1138 3398; x_wconf 91' lang='lat' dir='ltr'>non</span> <span class='ocrx_word' id='word_1_199' title='bbox 1148 3321 1291 3426; x_wconf 90' lang='lat' dir='ltr'>potuit,</span> <span class='ocrx_word' id='word_1_200' title='bbox 1308 3337 1350 3398; x_wconf 90' lang='lat' dir='ltr'>ut</span> <span class='ocrx_word' id='word_1_201' title='bbox 1364 3321 1529 3413; x_wconf 89' lang='lat' dir='ltr'>dicebat,</span> <span class='ocrx_word' id='word_1_202' title='bbox 1541 3321 1662 3399; x_wconf 82' lang='lat' dir='ltr'>facere</span> <span class='ocrx_word' id='word_1_203' title='bbox 1669 3321 1933 3429; x_wconf 88' lang='lat' dir='ltr'>juramentum,</span> 
     </span>
     <span class='ocr_line' id='line_1_23' title="bbox 517 3447 1933 3557; baseline 0.003 -35"><span class='ocrx_word' id='word_1_204' title='bbox 517 3447 589 3524; x_wconf 88' lang='lat' dir='ltr'>nisi</span> <span class='ocrx_word' id='word_1_205' title='bbox 610 3449 715 3554; x_wconf 87' lang='lat' dir='ltr'>prius</span> <span class='ocrx_word' id='word_1_206' title='bbox 732 3477 817 3527; x_wconf 91' lang='lat' dir='ltr'>cum</span> <span class='ocrx_word' id='word_1_207' title='bbox 838 3449 947 3527; x_wconf 90' lang='lat' dir='ltr'>dictis</span> <span class='ocrx_word' id='word_1_208' title='bbox 961 3451 1181 3529; x_wconf 89' lang='lat' dir='ltr'>hominibus</span> <span class='ocrx_word' id='word_1_209' title='bbox 1196 3452 1275 3528; x_wconf 88' lang='lat' dir='ltr'>suis</span> <span class='ocrx_word' id='word_1_210' title='bbox 1292 3450 1409 3529; x_wconf 85' lang='lat' dir='ltr'>luerit</span> <span class='ocrx_word' id='word_1_211' title='bbox 1421 3477 1535 3557; x_wconf 89' lang='lat' dir='ltr'>super</span> <span class='ocrx_word' id='word_1_212' title='bbox 1548 3453 1622 3529; x_wconf 88' lang='lat' dir='ltr'>boc</span> <span class='ocrx_word' id='word_1_213' title='bbox 1641 3452 1858 3540; x_wconf 78' lang='lat' dir='ltr'>certificata3</span> <span class='ocrx_word' id='word_1_214' title='bbox 1879 3480 1933 3527; x_wconf 90' lang='lat' dir='ltr'>su·</span> 
     </span>
     <span class='ocr_line' id='line_1_24' title="bbox 516 3581 1934 3689; baseline 0 -33"><span class='ocrx_word' id='word_1_215' title='bbox 516 3605 685 3686; x_wconf 87' lang='lat' dir='ltr'>perque</span> <span class='ocrx_word' id='word_1_216' title='bbox 709 3581 813 3658; x_wconf 88' lang='lat' dir='ltr'>curia</span> <span class='ocrx_word' id='word_1_217' title='bbox 834 3599 960 3659; x_wconf 87' lang='lat' dir='ltr'>nostra</span> <span class='ocrx_word' id='word_1_218' title='bbox 978 3582 1124 3661; x_wconf 89' lang='lat' dir='ltr'>remisit</span> <span class='ocrx_word' id='word_1_219' title='bbox 1147 3611 1230 3660; x_wconf 89' lang='lat' dir='ltr'>eam</span> <span class='ocrx_word' id='word_1_220' title='bbox 1255 3583 1304 3658; x_wconf 89' lang='lat' dir='ltr'>ad</span> <span class='ocrx_word' id='word_1_221' title='bbox 1327 3582 1577 3660; x_wconf 85' lang='lat' dir='ltr'>senescallum</span> <span class='ocrx_word' id='word_1_222' title='bbox 1600 3584 1934 3689; x_wconf 84' lang='lat' dir='ltr'>Petregoricensem</span> 
     </span>
     <span class='ocr_line' id='line_1_25' title="bbox 517 3709 1048 3820; baseline 0.011 -36"><span class='ocrx_word' id='word_1_223' title='bbox 517 3709 577 3787; x_wconf 89' lang='lat' dir='ltr'>vel</span> <span class='ocrx_word' id='word_1_224' title='bbox 597 3712 677 3820; x_wconf 89' lang='lat' dir='ltr'>ejus</span> <span class='ocrx_word' id='word_1_225' title='bbox 695 3713 821 3789; x_wconf 90' lang='lat' dir='ltr'>locum</span> <span class='ocrx_word' id='word_1_226' title='bbox 839 3729 1048 3790; x_wconf 86' lang='lat' dir='ltr'>tenentem.</span> 
     </span>
     <span class='ocr_line' id='line_1_26' title="bbox 574 3841 1595 3950; baseline 0 -30"><span class='ocrx_word' id='word_1_227' title='bbox 574 3841 737 3920; x_wconf 84' lang='lat' dir='ltr'>Sabbata</span> <span class='ocrx_word' id='word_1_228' title='bbox 757 3859 843 3950; x_wconf 90' lang='lat' dir='ltr'>post</span> <span class='ocrx_word' id='word_1_229' title='bbox 862 3842 1011 3920; x_wconf 86' lang='lat' dir='ltr'>octabas</span> <span class='ocrx_word' id='word_1_230' title='bbox 1031 3843 1289 3949; x_wconf 88' lang='lat' dir='ltr'>apostolorum</span> <span class='ocrx_word' id='word_1_231' title='bbox 1303 3845 1402 3922; x_wconf 88' lang='lat' dir='ltr'>Petri</span> <span class='ocrx_word' id='word_1_232' title='bbox 1423 3862 1461 3922; x_wconf 90' lang='lat' dir='ltr'>et</span> <span class='ocrx_word' id='word_1_233' title='bbox 1479 3844 1595 3921; x_wconf 91' lang='lat' dir='ltr'>Pauli.</span> 
     </span>
     <span class='ocr_line' id='line_1_27' title="bbox 574 3974 968 4082; baseline 0 -32"><span class='ocrx_word' id='word_1_234' title='bbox 574 3974 736 4082; x_wconf 85' lang='lat' dir='ltr'>Mangon</span> <span class='ocrx_word' id='word_1_235' title='bbox 757 3975 968 4080; x_wconf 88' lang='lat' dir='ltr'>reportavit.</span> 
     </span>
    </p>
   </div>
   <div class='ocr_carea' id='block_1_5' title="bbox 515 4235 1962 5135">
    <p class='ocr_par' dir='ltr' id='par_1_5' title="bbox 515 4235 1962 5135">
     <span class='ocr_line' id='line_1_28' title="bbox 572 4235 1962 4348; baseline 0.003 -35"><span class='ocrx_word' id='word_1_236' title='bbox 572 4238 614 4314; x_wconf 88' lang='lat' dir='ltr'>ll.</span> <span class='ocrx_word' id='word_1_237' title='bbox 636 4238 751 4327; x_wconf 88' lang='lat' dir='ltr'>Cum,</span> <span class='ocrx_word' id='word_1_238' title='bbox 765 4263 808 4314; x_wconf 82' lang='lat' dir='ltr'>ex</span> <span class='ocrx_word' id='word_1_239' title='bbox 822 4247 926 4345; x_wconf 87' lang='lat' dir='ltr'>parte</span> <span class='ocrx_word' id='word_1_240' title='bbox 941 4239 1150 4346; x_wconf 80' lang='lat' dir='ltr'>Raymundi</span> <span class='ocrx_word' id='word_1_241' title='bbox 1168 4241 1217 4318; x_wconf 91' lang='lat' dir='ltr'>de</span> <span class='ocrx_word' id='word_1_242' title='bbox 1230 4235 1489 4331; x_wconf 84' lang='lat' dir='ltr'>Sine-Gradu,</span> <span class='ocrx_word' id='word_1_243' title='bbox 1507 4239 1654 4331; x_wconf 89' lang='lat' dir='ltr'>militis,</span> <span class='ocrx_word' id='word_1_244' title='bbox 1671 4242 1783 4319; x_wconf 85' lang='lat' dir='ltr'>nobis</span> <span class='ocrx_word' id='word_1_245' title='bbox 1797 4239 1932 4348; x_wconf 81' lang='lat' dir='ltr'>signifi·</span> <span class='ocrx_word' id='word_1_246' title='bbox 1953 4283 1962 4296; x_wconf 94' lang='lat'><strong>·</strong></span> 
     </span>
     <span class='ocr_line' id='line_1_29' title="bbox 516 4367 1930 4478; baseline 0.001 -32"><span class='ocrx_word' id='word_1_247' title='bbox 516 4386 638 4446; x_wconf 92' lang='lat' dir='ltr'>catum</span> <span class='ocrx_word' id='word_1_248' title='bbox 651 4367 784 4446; x_wconf 83' lang='lat' dir='ltr'>fuisset</span> <span class='ocrx_word' id='word_1_249' title='bbox 792 4371 898 4476; x_wconf 88' lang='lat' dir='ltr'>quod</span> <span class='ocrx_word' id='word_1_250' title='bbox 909 4371 1040 4448; x_wconf 87' lang='lat' dir='ltr'>Petrus</span> <span class='ocrx_word' id='word_1_251' title='bbox 1052 4371 1100 4448; x_wconf 92' lang='lat' dir='ltr'>de</span> <span class='ocrx_word' id='word_1_252' title='bbox 1113 4370 1255 4459; x_wconf 77' lang='lat' dir='ltr'>Avens,</span> <span class='ocrx_word' id='word_1_253' title='bbox 1271 4369 1444 4477; x_wconf 85' lang='lat' dir='ltr'>armiger,</span> <span class='ocrx_word' id='word_1_254' title='bbox 1457 4388 1543 4478; x_wconf 87' lang='lat' dir='ltr'>poet</span> <span class='ocrx_word' id='word_1_255' title='bbox 1555 4399 1688 4478; x_wconf 88' lang='lat' dir='ltr'>paoem</span> <span class='ocrx_word' id='word_1_256' title='bbox 1700 4372 1930 4450; x_wconf 82' lang='lat' dir='ltr'>reformatam</span> 
     </span>
     <span class='ocr_line' id='line_1_30' title="bbox 516 4499 1932 4611; baseline 0.002 -37"><span class='ocrx_word' id='word_1_257' title='bbox 516 4499 616 4578; x_wconf 86' lang='lat' dir='ltr'>inter</span> <span class='ocrx_word' id='word_1_258' title='bbox 627 4527 691 4576; x_wconf 89' lang='lat' dir='ltr'>eos</span> <span class='ocrx_word' id='word_1_259' title='bbox 702 4527 814 4608; x_wconf 90' lang='lat' dir='ltr'>super</span> <span class='ocrx_word' id='word_1_260' title='bbox 827 4502 1055 4608; x_wconf 90' lang='lat' dir='ltr'>quibusdam</span> <span class='ocrx_word' id='word_1_261' title='bbox 1063 4502 1213 4611; x_wconf 88' lang='lat' dir='ltr'>injuriis</span> <span class='ocrx_word' id='word_1_262' title='bbox 1224 4530 1297 4610; x_wconf 90' lang='lat' dir='ltr'>qne</span> <span class='ocrx_word' id='word_1_263' title='bbox 1310 4520 1565 4609; x_wconf 89' lang='lat' dir='ltr'>precesserant</span> <span class='ocrx_word' id='word_1_264' title='bbox 1575 4504 1676 4582; x_wconf 92' lang='lat' dir='ltr'>inter</span> <span class='ocrx_word' id='word_1_265' title='bbox 1684 4504 1795 4610; x_wconf 90' lang='lat' dir='ltr'>ipsos,</span> <span class='ocrx_word' id='word_1_266' title='bbox 1810 4518 1932 4579; x_wconf 82' lang='lat' dir='ltr'>contra</span> 
     </span>
     <span class='ocr_line' id='line_1_31' title="bbox 515 4629 1931 4740; baseline 0.001 -35"><span class='ocrx_word' id='word_1_267' title='bbox 515 4631 614 4735; x_wconf 88' lang='lat' dir='ltr'>pacis</span> <span class='ocrx_word' id='word_1_268' title='bbox 633 4629 759 4708; x_wconf 87' lang='lat' dir='ltr'>federa</span> <span class='ocrx_word' id='word_1_269' title='bbox 780 4648 925 4710; x_wconf 89' lang='lat' dir='ltr'>temere</span> <span class='ocrx_word' id='word_1_270' title='bbox 938 4633 1137 4721; x_wconf 80' lang='lat' dir='ltr'>veniendo,</span> <span class='ocrx_word' id='word_1_271' title='bbox 1159 4633 1285 4740; x_wconf 88' lang='lat' dir='ltr'>ipsum</span> <span class='ocrx_word' id='word_1_272' title='bbox 1309 4633 1470 4711; x_wconf 91' lang='lat' dir='ltr'>militem</span> <span class='ocrx_word' id='word_1_273' title='bbox 1487 4635 1527 4710; x_wconf 92' lang='lat' dir='ltr'>in</span> <span class='ocrx_word' id='word_1_274' title='bbox 1547 4633 1735 4712; x_wconf 81' lang='lat' dir='ltr'>castro-de</span> <span class='ocrx_word' id='word_1_275' title='bbox 1755 4633 1879 4710; x_wconf 85' lang='lat' dir='ltr'>Arena</span> <span class='ocrx_word' id='word_1_276' title='bbox 1897 4632 1931 4707; x_wconf 91' lang='lat' dir='ltr'>in</span> 
     </span>
     <span class='ocr_line' id='line_1_32' title="bbox 515 4761 1931 4875; baseline 0.003 -39"><span class='ocrx_word' id='word_1_277' title='bbox 515 4785 592 4864; x_wconf 84' lang='lat' dir='ltr'>quo</span> <span class='ocrx_word' id='word_1_278' title='bbox 608 4761 771 4840; x_wconf 89' lang='lat' dir='ltr'>eundem</span> <span class='ocrx_word' id='word_1_279' title='bbox 793 4764 1039 4843; x_wconf 86' lang='lat' dir='ltr'>amicabiliter</span> <span class='ocrx_word' id='word_1_280' title='bbox 1053 4783 1245 4871; x_wconf 90' lang='lat' dir='ltr'>receperat</span> <span class='ocrx_word' id='word_1_281' title='bbox 1266 4784 1304 4844; x_wconf 92' lang='lat' dir='ltr'>et</span> <span class='ocrx_word' id='word_1_282' title='bbox 1322 4765 1554 4873; x_wconf 86' lang='lat' dir='ltr'>amplexatus</span> <span class='ocrx_word' id='word_1_283' title='bbox 1573 4765 1711 4856; x_wconf 84' lang='lat' dir='ltr'>fuerat,</span> <span class='ocrx_word' id='word_1_284' title='bbox 1730 4764 1931 4875; x_wconf 83' lang='lat' dir='ltr'>proditorie</span> 
     </span>
     <span class='ocr_line' id='line_1_33' title="bbox 516 4893 1930 5004; baseline 0.002 -39"><span class='ocrx_word' id='word_1_285' title='bbox 516 4919 603 4966; x_wconf 91' lang='lat' dir='ltr'>cum</span> <span class='ocrx_word' id='word_1_286' title='bbox 622 4893 734 4969; x_wconf 89' lang='lat' dir='ltr'>armis</span> <span class='ocrx_word' id='word_1_287' title='bbox 748 4893 944 4985; x_wconf 85' lang='lat' dir='ltr'>invaserat,</span> <span class='ocrx_word' id='word_1_288' title='bbox 965 4896 1150 4974; x_wconf 88' lang='lat' dir='ltr'>violenter</span> <span class='ocrx_word' id='word_1_289' title='bbox 1165 4914 1329 5004; x_wconf 86' lang='lat' dir='ltr'>ceperat,</span> <span class='ocrx_word' id='word_1_290' title='bbox 1347 4914 1385 4975; x_wconf 93' lang='lat' dir='ltr'>et</span> <span class='ocrx_word' id='word_1_291' title='bbox 1403 4897 1526 5004; x_wconf 81' lang='lat' dir='ltr'>ligatis</span> <span class='ocrx_word' id='word_1_292' title='bbox 1545 4898 1735 4989; x_wconf 88' lang='lat' dir='ltr'>manibus,</span> <span class='ocrx_word' id='word_1_293' title='bbox 1753 4900 1878 5004; x_wconf 87' lang='lat' dir='ltr'>ipsum</span> <span class='ocrx_word' id='word_1_294' title='bbox 1896 4897 1930 4970; x_wconf 91' lang='lat' dir='ltr'>in</span> 
     </span>
     <span class='ocr_line' id='line_1_34' title="bbox 516 5021 1930 5135; baseline 0.002 -38"><span class='ocrx_word' id='word_1_295' title='bbox 516 5021 635 5127; x_wconf 85' lang='lat' dir='ltr'>capite</span> <span class='ocrx_word' id='word_1_296' title='bbox 657 5040 693 5100; x_wconf 91' lang='lat' dir='ltr'>et</span> <span class='ocrx_word' id='word_1_297' title='bbox 713 5023 795 5101; x_wconf 87' lang='lat' dir='ltr'>aliis</span> <span class='ocrx_word' id='word_1_298' title='bbox 815 5027 995 5104; x_wconf 88' lang='lat' dir='ltr'>membris</span> <span class='ocrx_word' id='word_1_299' title='bbox 1014 5029 1071 5104; x_wconf 91' lang='lat' dir='ltr'>sui</span> <span class='ocrx_word' id='word_1_300' title='bbox 1098 5030 1264 5135; x_wconf 86' lang='lat' dir='ltr'>corporis</span> <span class='ocrx_word' id='word_1_301' title='bbox 1289 5030 1462 5107; x_wconf 90' lang='lat' dir='ltr'>atrociter</span> <span class='ocrx_word' id='word_1_302' title='bbox 1486 5030 1714 5119; x_wconf 78' lang='lat' dir='ltr'>unlnerarat,</span> <span class='ocrx_word' id='word_1_303' title='bbox 1737 5029 1930 5133; x_wconf 87' lang='lat' dir='ltr'>ipsumque</span> 
     </span>
    </p>
   </div>
   <div class='ocr_carea' id='block_1_6' title="bbox 0 0 2230 6209">
    <p class='ocr_par' dir='ltr' id='par_1_6' title="bbox 0 0 2230 6209">
     <span class='ocr_line' id='line_1_35' title="bbox 0 0 2230 6209; baseline 0 3"><span class='ocrx_word' id='word_1_304' title='bbox 0 0 2230 6209; x_wconf 95' lang='lat' dir='ltr'> </span> 
     </span>
    </p>
   </div>
  </div>
 </body>
</html>
