<?xml version="1.0" encoding="UTF-8"?>
<!DOCTYPE html PUBLIC "-//W3C//DTD XHTML 1.0 Transitional//EN"
    "http://www.w3.org/TR/xhtml1/DTD/xhtml1-transitional.dtd">
<html xmlns="http://www.w3.org/1999/xhtml" xml:lang="en" lang="en">
 <head>
  <title>
</title>
<meta http-equiv="Content-Type" content="text/html;charset=utf-8" />
  <meta name='ocr-system' content='tesseract 3.04.00' />
  <meta name='ocr-capabilities' content='ocr_page ocr_carea ocr_par ocr_line ocrx_word'/>
</head>
<body>
  <div class='ocr_page' id='page_1' title='image "./lesolimouregist00parigoog_0406.png"; bbox 0 0 4450 6209; ppageno 0'>
   <div class='ocr_carea' id='block_1_1' title="bbox 770 711 1782 819">
    <p class='ocr_par' dir='ltr' id='par_1_1' title="bbox 770 711 1782 819">
     <span class='ocr_line' id='line_1_1' title="bbox 770 711 1782 819; baseline 0.003 -15"><span class='ocrx_word' id='word_1_1' title='bbox 770 713 1043 819; x_wconf 72' lang='lat' dir='ltr'>moneres</span> <span class='ocrx_word' id='word_1_2' title='bbox 1068 726 1133 799; x_wconf 80' lang='lat' dir='ltr'>ur</span> <span class='ocrx_word' id='word_1_3' title='bbox 1159 711 1364 801; x_wconf 75' lang='lat' dir='ltr'>procus.</span> <span class='ocrx_word' id='word_1_4' title='bbox 1710 738 1782 809; x_wconf 75' lang='lat' dir='ltr'>sor</span> 
     </span>
    </p>
   </div>
   <div class='ocr_carea' id='block_1_2' title="bbox 412 892 922 1137">
    <p class='ocr_par' dir='ltr' id='par_1_2' title="bbox 412 892 922 1137">
     <span class='ocr_line' id='line_1_2' title="bbox 413 892 922 999; baseline -0.018 -24"><span class='ocrx_word' id='word_1_5' title='bbox 413 895 570 975; x_wconf 87' lang='lat' dir='ltr'>Veneris</span> <span class='ocrx_word' id='word_1_6' title='bbox 589 907 675 999; x_wconf 87' lang='lat' dir='ltr'>post</span> <span class='ocrx_word' id='word_1_7' title='bbox 693 892 922 970; x_wconf 89' lang='lat' dir='ltr'>Brandones.</span> 
     </span>
     <span class='ocr_line' id='line_1_3' title="bbox 412 1024 747 1137; baseline -0.015 -32"><span class='ocrx_word' id='word_1_8' title='bbox 412 1031 515 1137; x_wconf 84' lang='lat' dir='ltr'>Roya</span> <span class='ocrx_word' id='word_1_9' title='bbox 533 1024 747 1133; x_wconf 73' lang='lat' dir='ltr'><strong>reportavit.</strong></span> 
     </span>
    </p>
   </div>
   <div class='ocr_carea' id='block_1_3' title="bbox 358 1286 1787 2051">
    <p class='ocr_par' dir='ltr' id='par_1_3' title="bbox 358 1286 1787 2051">
     <span class='ocr_line' id='line_1_4' title="bbox 413 1286 1786 1395; baseline 0.001 -27"><span class='ocrx_word' id='word_1_10' title='bbox 413 1290 539 1368; x_wconf 80' lang='lat' dir='ltr'>xLDt.</span> <span class='ocrx_word' id='word_1_11' title='bbox 570 1288 667 1366; x_wconf 88' lang='lat' dir='ltr'>Cum</span> <span class='ocrx_word' id='word_1_12' title='bbox 694 1286 827 1363; x_wconf 86' lang='lat' dir='ltr'>Petrus</span> <span class='ocrx_word' id='word_1_13' title='bbox 846 1286 1045 1393; x_wconf 81' lang='lat' dir='ltr'>Stephani,</span> <span class='ocrx_word' id='word_1_14' title='bbox 1068 1288 1354 1395; x_wconf 81' lang='lat' dir='ltr'>conquerendo,</span> <span class='ocrx_word' id='word_1_15' title='bbox 1377 1288 1639 1367; x_wconf 88' lang='lat' dir='ltr'>denunciasset</span> <span class='ocrx_word' id='word_1_16' title='bbox 1659 1318 1786 1370; x_wconf 90' lang='lat' dir='ltr'>senes-</span> 
     </span>
     <span class='ocr_line' id='line_1_5' title="bbox 358 1417 1787 1528; baseline 0 -29"><span class='ocrx_word' id='word_1_17' title='bbox 358 1421 453 1499; x_wconf 83' lang='lat' dir='ltr'>callo</span> <span class='ocrx_word' id='word_1_18' title='bbox 465 1419 750 1500; x_wconf 86' lang='lat' dir='ltr'>Carcassouensi</span> <span class='ocrx_word' id='word_1_19' title='bbox 761 1418 867 1526; x_wconf 91' lang='lat' dir='ltr'>quod</span> <span class='ocrx_word' id='word_1_20' title='bbox 878 1418 1041 1496; x_wconf 82' lang='lat' dir='ltr'>Porcius</span> <span class='ocrx_word' id='word_1_21' title='bbox 1053 1417 1208 1495; x_wconf 89' lang='lat' dir='ltr'>Bruneti</span> <span class='ocrx_word' id='word_1_22' title='bbox 1219 1478 1227 1507; x_wconf 94' lang='lat'>,</span> <span class='ocrx_word' id='word_1_23' title='bbox 1240 1418 1396 1497; x_wconf 85' lang='lat' dir='ltr'>vicarius</span> <span class='ocrx_word' id='word_1_24' title='bbox 1410 1418 1629 1528; x_wconf 91' lang='lat' dir='ltr'>temporalis</span> <span class='ocrx_word' id='word_1_25' title='bbox 1643 1420 1787 1499; x_wconf 79' lang='lat' dir='ltr'>abbatis</span> 
     </span>
     <span class='ocr_line' id='line_1_6' title="bbox 360 1546 1783 1642; baseline 0.002 -14"><span class='ocrx_word' id='word_1_26' title='bbox 360 1569 399 1628; x_wconf 85' lang='lat' dir='ltr'>et</span> <span class='ocrx_word' id='word_1_27' title='bbox 418 1566 625 1629; x_wconf 87' lang='lat' dir='ltr'>conventus</span> <span class='ocrx_word' id='word_1_28' title='bbox 645 1550 692 1627; x_wconf 90' lang='lat' dir='ltr'>dc</span> <span class='ocrx_word' id='word_1_29' title='bbox 711 1548 858 1637; x_wconf 88' lang='lat' dir='ltr'>Electo,</span> <span class='ocrx_word' id='word_1_30' title='bbox 879 1548 1012 1626; x_wconf 84' lang='lat' dir='ltr'>Petrus</span> <span class='ocrx_word' id='word_1_31' title='bbox 1032 1546 1082 1626; x_wconf 89' lang='lat' dir='ltr'>de</span> <span class='ocrx_word' id='word_1_32' title='bbox 1100 1548 1303 1640; x_wconf 88' lang='lat' dir='ltr'>Cariouna,</span> <span class='ocrx_word' id='word_1_33' title='bbox 1321 1550 1508 1629; x_wconf 84' lang='lat' dir='ltr'>Secardus</span> <span class='ocrx_word' id='word_1_34' title='bbox 1524 1551 1572 1629; x_wconf 92' lang='lat' dir='ltr'>de</span> <span class='ocrx_word' id='word_1_35' title='bbox 1591 1551 1783 1642; x_wconf 86' lang='lat' dir='ltr'>Pomario,</span> 
     </span>
     <span class='ocr_line' id='line_1_7' title="bbox 359 1679 1785 1791; baseline -0.001 -30"><span class='ocrx_word' id='word_1_36' title='bbox 359 1680 588 1761; x_wconf 88' lang='lat' dir='ltr'>Guillelmus</span> <span class='ocrx_word' id='word_1_37' title='bbox 608 1679 807 1768; x_wconf 77' lang='lat' dir='ltr'><strong>Vasconis,</strong></span> <span class='ocrx_word' id='word_1_38' title='bbox 832 1697 870 1757; x_wconf 90' lang='lat' dir='ltr'>et</span> <span class='ocrx_word' id='word_1_39' title='bbox 890 1680 1079 1758; x_wconf 76' lang='lat' dir='ltr'>lohannes</span> <span class='ocrx_word' id='word_1_40' title='bbox 1102 1679 1152 1756; x_wconf 90' lang='lat' dir='ltr'>de</span> <span class='ocrx_word' id='word_1_41' title='bbox 1178 1680 1385 1787; x_wconf 85' lang='lat' dir='ltr'>Spongeto,</span> <span class='ocrx_word' id='word_1_42' title='bbox 1411 1681 1586 1791; x_wconf 72' lang='lat' dir='ltr'>pluribus</span> <span class='ocrx_word' id='word_1_43' title='bbox 1607 1680 1688 1760; x_wconf 89' lang='lat' dir='ltr'>aliis</span> <span class='ocrx_word' id='word_1_44' title='bbox 1713 1682 1785 1761; x_wconf 91' lang='lat' dir='ltr'>sibi</span> 
     </span>
     <span class='ocr_line' id='line_1_8' title="bbox 361 1810 1787 1919; baseline 0.003 -30"><span class='ocrx_word' id='word_1_45' title='bbox 361 1812 590 1905; x_wconf 75' lang='lat' dir='ltr'>coadunatis,</span> <span class='ocrx_word' id='word_1_46' title='bbox 603 1826 743 1889; x_wconf 71' lang='lat' dir='ltr'>armna</span> <span class='ocrx_word' id='word_1_47' title='bbox 759 1836 891 1900; x_wconf 90' lang='lat' dir='ltr'>manu,</span> <span class='ocrx_word' id='word_1_48' title='bbox 903 1811 1034 1888; x_wconf 88' lang='lat' dir='ltr'>hostili</span> <span class='ocrx_word' id='word_1_49' title='bbox 1047 1836 1167 1903; x_wconf 90' lang='lat' dir='ltr'>more,</span> <span class='ocrx_word' id='word_1_50' title='bbox 1180 1828 1307 1888; x_wconf 90' lang='lat' dir='ltr'>contra</span> <span class='ocrx_word' id='word_1_51' title='bbox 1316 1811 1418 1919; x_wconf 91' lang='lat' dir='ltr'>pacis</span> <span class='ocrx_word' id='word_1_52' title='bbox 1432 1810 1591 1891; x_wconf 82' lang='lat' dir='ltr'>formam</span> <span class='ocrx_word' id='word_1_53' title='bbox 1609 1830 1646 1891; x_wconf 90' lang='lat' dir='ltr'>et</span> <span class='ocrx_word' id='word_1_54' title='bbox 1661 1832 1787 1894; x_wconf 87' lang='lat' dir='ltr'>nostra</span> 
     </span>
     <span class='ocr_line' id='line_1_9' title="bbox 361 1939 1787 2051; baseline -0.001 -29"><span class='ocrx_word' id='word_1_55' title='bbox 361 1960 513 2033; x_wconf 87' lang='lat' dir='ltr'>statuta,</span> <span class='ocrx_word' id='word_1_56' title='bbox 536 1943 583 2020; x_wconf 92' lang='lat' dir='ltr'>de</span> <span class='ocrx_word' id='word_1_57' title='bbox 603 1958 715 2021; x_wconf 89' lang='lat' dir='ltr'>nocte</span> <span class='ocrx_word' id='word_1_58' title='bbox 732 1943 926 2019; x_wconf 82' lang='lat' dir='ltr'>venientes</span> <span class='ocrx_word' id='word_1_59' title='bbox 945 1941 993 2020; x_wconf 90' lang='lat' dir='ltr'>ad</span> <span class='ocrx_word' id='word_1_60' title='bbox 1012 1942 1217 2049; x_wconf 87' lang='lat' dir='ltr'>quamdam</span> <span class='ocrx_word' id='word_1_61' title='bbox 1238 1939 1397 2021; x_wconf 92' lang='lat' dir='ltr'>domum</span> <span class='ocrx_word' id='word_1_62' title='bbox 1418 1942 1458 2020; x_wconf 92' lang='lat' dir='ltr'>in</span> <span class='ocrx_word' id='word_1_63' title='bbox 1478 1972 1552 2051; x_wconf 91' lang='lat' dir='ltr'>qua</span> <span class='ocrx_word' id='word_1_64' title='bbox 1571 1962 1650 2021; x_wconf 89' lang='lat' dir='ltr'>erat</span> <span class='ocrx_word' id='word_1_65' title='bbox 1665 1941 1787 2021; x_wconf 90' lang='lat' dir='ltr'>dictus</span> 
     </span>
    </p>
   </div>
   <div class='ocr_carea' id='block_1_4' title="bbox 360 2068 1811 2189">
    <p class='ocr_par' dir='ltr' id='par_1_4' title="bbox 360 2068 1811 2189">
     <span class='ocr_line' id='line_1_10' title="bbox 360 2068 1811 2189; baseline 0 -38"><span class='ocrx_word' id='word_1_66' title='bbox 360 2076 492 2189; x_wconf 76' lang='lat' dir='ltr'>Petrus</span> <span class='ocrx_word' id='word_1_67' title='bbox 511 2073 708 2180; x_wconf 78' lang='lat' dir='ltr'>Stephani,</span> <span class='ocrx_word' id='word_1_68' title='bbox 733 2072 942 2181; x_wconf 80' lang='lat' dir='ltr'>frangendo</span> <span class='ocrx_word' id='word_1_69' title='bbox 962 2085 1089 2181; x_wconf 85' lang='lat' dir='ltr'>portas</span> <span class='ocrx_word' id='word_1_70' title='bbox 1108 2071 1226 2179; x_wconf 93' lang='lat' dir='ltr'>ipsius</span> <span class='ocrx_word' id='word_1_71' title='bbox 1251 2072 1387 2151; x_wconf 92' lang='lat' dir='ltr'>domus</span> <span class='ocrx_word' id='word_1_72' title='bbox 1407 2101 1494 2151; x_wconf 93' lang='lat' dir='ltr'>cum</span> <span class='ocrx_word' id='word_1_73' title='bbox 1516 2068 1727 2163; x_wconf 81' lang='lat' dir='ltr'>securibus,</span> <span class='ocrx_word' id='word_1_74' title='bbox 1751 2094 1811 2163; x_wconf 77' lang='lat' dir='ltr'>et,</span> 
     </span>
    </p>
   </div>
   <div class='ocr_carea' id='block_1_5' title="bbox 355 2202 1790 2965">
    <p class='ocr_par' dir='ltr' id='par_1_5' title="bbox 355 2202 1790 2965">
     <span class='ocr_line' id='line_1_11' title="bbox 360 2202 1785 2311; baseline 0.001 -31"><span class='ocrx_word' id='word_1_75' title='bbox 360 2204 608 2311; x_wconf 87' lang='lat' dir='ltr'>prohiciendo</span> <span class='ocrx_word' id='word_1_76' title='bbox 624 2203 785 2310; x_wconf 86' lang='lat' dir='ltr'>lapides,</span> <span class='ocrx_word' id='word_1_77' title='bbox 800 2203 987 2281; x_wconf 89' lang='lat' dir='ltr'>insultum</span> <span class='ocrx_word' id='word_1_78' title='bbox 1002 2202 1147 2280; x_wconf 85' lang='lat' dir='ltr'>ibidem</span> <span class='ocrx_word' id='word_1_79' title='bbox 1163 2202 1350 2293; x_wconf 85' lang='lat' dir='ltr'>lecerunt,</span> <span class='ocrx_word' id='word_1_80' title='bbox 1367 2219 1405 2282; x_wconf 87' lang='lat' dir='ltr'>et</span> <span class='ocrx_word' id='word_1_81' title='bbox 1418 2202 1492 2283; x_wconf 91' lang='lat' dir='ltr'>hiis</span> <span class='ocrx_word' id='word_1_82' title='bbox 1508 2230 1586 2283; x_wconf 90' lang='lat' dir='ltr'>non</span> <span class='ocrx_word' id='word_1_83' title='bbox 1601 2207 1785 2297; x_wconf 83' lang='lat' dir='ltr'>contenti,</span> 
     </span>
     <span class='ocr_line' id='line_1_12' title="bbox 362 2333 1787 2444; baseline 0.003 -35"><span class='ocrx_word' id='word_1_84' title='bbox 362 2335 449 2444; x_wconf 87' lang='lat' dir='ltr'>igne</span> <span class='ocrx_word' id='word_1_85' title='bbox 467 2360 621 2442; x_wconf 84' lang='lat' dir='ltr'>percos</span> <span class='ocrx_word' id='word_1_86' title='bbox 640 2334 680 2410; x_wconf 90' lang='lat' dir='ltr'>in</span> <span class='ocrx_word' id='word_1_87' title='bbox 702 2334 801 2411; x_wconf 87' lang='lat' dir='ltr'>dicta</span> <span class='ocrx_word' id='word_1_88' title='bbox 818 2336 933 2411; x_wconf 92' lang='lat' dir='ltr'>domo</span> <span class='ocrx_word' id='word_1_89' title='bbox 950 2333 1128 2422; x_wconf 90' lang='lat' dir='ltr'>inmisso,</span> <span class='ocrx_word' id='word_1_90' title='bbox 1144 2349 1261 2411; x_wconf 88' lang='lat' dir='ltr'>totam</span> <span class='ocrx_word' id='word_1_91' title='bbox 1283 2333 1441 2411; x_wconf 92' lang='lat' dir='ltr'>domum</span> <span class='ocrx_word' id='word_1_92' title='bbox 1458 2334 1681 2443; x_wconf 82' lang='lat' dir='ltr'>predictam,</span> <span class='ocrx_word' id='word_1_93' title='bbox 1701 2363 1787 2414; x_wconf 92' lang='lat' dir='ltr'>cum</span> 
     </span>
     <span class='ocr_line' id='line_1_13' title="bbox 362 2463 1790 2573; baseline 0.001 -30"><span class='ocrx_word' id='word_1_94' title='bbox 362 2468 476 2545; x_wconf 87' lang='lat' dir='ltr'>rebus</span> <span class='ocrx_word' id='word_1_95' title='bbox 488 2464 542 2542; x_wconf 91' lang='lat' dir='ltr'>ibi</span> <span class='ocrx_word' id='word_1_96' title='bbox 557 2463 818 2552; x_wconf 85' lang='lat' dir='ltr'>existentibus,</span> <span class='ocrx_word' id='word_1_97' title='bbox 835 2466 923 2572; x_wconf 82' lang='lat' dir='ltr'>igne</span> <span class='ocrx_word' id='word_1_98' title='bbox 934 2481 1268 2569; x_wconf 80' lang='lat' dir='ltr'>consumpserunt,</span> <span class='ocrx_word' id='word_1_99' title='bbox 1281 2466 1443 2572; x_wconf 84' lang='lat' dir='ltr'>exceptis</span> <span class='ocrx_word' id='word_1_100' title='bbox 1454 2468 1623 2573; x_wconf 86' lang='lat' dir='ltr'>personis</span> <span class='ocrx_word' id='word_1_101' title='bbox 1637 2493 1710 2573; x_wconf 89' lang='lat' dir='ltr'>que</span> <span class='ocrx_word' id='word_1_102' title='bbox 1722 2496 1790 2573; x_wconf 89' lang='lat' dir='ltr'>per</span> 
     </span>
     <span class='ocr_line' id='line_1_14' title="bbox 355 2592 1786 2705; baseline 0.001 -33"><span class='ocrx_word' id='word_1_103' title='bbox 355 2597 451 2705; x_wconf 74' lang='lat' dir='ltr'>fuge</span> <span class='ocrx_word' id='word_1_104' title='bbox 464 2595 678 2673; x_wconf 85' lang='lat' dir='ltr'>remedium</span> <span class='ocrx_word' id='word_1_105' title='bbox 689 2609 903 2685; x_wconf 80' lang='lat' dir='ltr'>evaserunt3</span> <span class='ocrx_word' id='word_1_106' title='bbox 917 2621 1031 2700; x_wconf 85' lang='lat' dir='ltr'>snper</span> <span class='ocrx_word' id='word_1_107' title='bbox 1044 2593 1201 2700; x_wconf 84' lang='lat' dir='ltr'>quibus,</span> <span class='ocrx_word' id='word_1_108' title='bbox 1218 2592 1265 2671; x_wconf 90' lang='lat' dir='ltr'>de</span> <span class='ocrx_word' id='word_1_109' title='bbox 1280 2594 1456 2671; x_wconf 85' lang='lat' dir='ltr'>mandato</span> <span class='ocrx_word' id='word_1_110' title='bbox 1474 2594 1563 2673; x_wconf 86' lang='lat' dir='ltr'>dicti</span> <span class='ocrx_word' id='word_1_111' title='bbox 1578 2593 1786 2689; x_wconf 70' lang='lat' dir='ltr'>senescalli,</span> 
     </span>
     <span class='ocr_line' id='line_1_15' title="bbox 363 2722 1789 2834; baseline 0.002 -32"><span class='ocrx_word' id='word_1_112' title='bbox 363 2727 541 2834; x_wconf 84' lang='lat' dir='ltr'>inquisita</span> <span class='ocrx_word' id='word_1_113' title='bbox 552 2727 725 2817; x_wconf 87' lang='lat' dir='ltr'>veritate,</span> <span class='ocrx_word' id='word_1_114' title='bbox 742 2724 1020 2802; x_wconf 85' lang='lat' dir='ltr'>commissarius</span> <span class='ocrx_word' id='word_1_115' title='bbox 1033 2752 1054 2800; x_wconf 92' lang='lat' dir='ltr'>a</span> <span class='ocrx_word' id='word_1_116' title='bbox 1067 2723 1169 2802; x_wconf 84' lang='lat' dir='ltr'>dicto</span> <span class='ocrx_word' id='word_1_117' title='bbox 1182 2722 1386 2802; x_wconf 87' lang='lat' dir='ltr'>senescallo</span> <span class='ocrx_word' id='word_1_118' title='bbox 1401 2753 1514 2832; x_wconf 91' lang='lat' dir='ltr'>super</span> <span class='ocrx_word' id='word_1_119' title='bbox 1527 2726 1600 2804; x_wconf 92' lang='lat' dir='ltr'>hoc</span> <span class='ocrx_word' id='word_1_120' title='bbox 1616 2726 1740 2821; x_wconf 90' lang='lat' dir='ltr'>datus,</span> <span class='ocrx_word' id='word_1_121' title='bbox 1751 2744 1789 2805; x_wconf 89' lang='lat' dir='ltr'>et</span> 
     </span>
     <span class='ocr_line' id='line_1_16' title="bbox 365 2854 1790 2965; baseline 0.003 -32"><span class='ocrx_word' id='word_1_122' title='bbox 365 2858 505 2935; x_wconf 89' lang='lat' dir='ltr'>habens</span> <span class='ocrx_word' id='word_1_123' title='bbox 522 2886 636 2965; x_wconf 88' lang='lat' dir='ltr'>super</span> <span class='ocrx_word' id='word_1_124' title='bbox 651 2858 725 2934; x_wconf 90' lang='lat' dir='ltr'>hoc</span> <span class='ocrx_word' id='word_1_125' title='bbox 739 2873 962 2963; x_wconf 87' lang='lat' dir='ltr'>potestatem</span> <span class='ocrx_word' id='word_1_126' title='bbox 979 2854 1025 2933; x_wconf 77' lang='lat' dir='ltr'>ab</span> <span class='ocrx_word' id='word_1_127' title='bbox 1046 2856 1183 2933; x_wconf 90' lang='lat' dir='ltr'>eodem</span> <span class='ocrx_word' id='word_1_128' title='bbox 1205 2854 1425 2948; x_wconf 81' lang='lat' dir='ltr'>senescallo,</span> <span class='ocrx_word' id='word_1_129' title='bbox 1440 2884 1509 2965; x_wconf 91' lang='lat' dir='ltr'>per</span> <span class='ocrx_word' id='word_1_130' title='bbox 1523 2884 1627 2935; x_wconf 88' lang='lat' dir='ltr'>suam</span> <span class='ocrx_word' id='word_1_131' title='bbox 1645 2877 1790 2937; x_wconf 75' lang='lat' dir='ltr'>senten</span> 
     </span>
    </p>
   </div>
   <div class='ocr_carea' id='block_1_6' title="bbox 365 2979 1806 3095">
    <p class='ocr_par' dir='ltr' id='par_1_6' title="bbox 365 2979 1806 3095">
     <span class='ocr_line' id='line_1_17' title="bbox 365 2979 1806 3095; baseline 0.001 -32"><span class='ocrx_word' id='word_1_132' title='bbox 365 2989 458 3065; x_wconf 91' lang='lat' dir='ltr'>ciam</span> <span class='ocrx_word' id='word_1_133' title='bbox 481 2987 770 3094; x_wconf 86' lang='lat' dir='ltr'>condempnavit</span> <span class='ocrx_word' id='word_1_134' title='bbox 789 2988 933 3065; x_wconf 90' lang='lat' dir='ltr'>dictum</span> <span class='ocrx_word' id='word_1_135' title='bbox 956 2987 1141 3065; x_wconf 91' lang='lat' dir='ltr'>Poncium</span> <span class='ocrx_word' id='word_1_136' title='bbox 1161 2986 1200 3063; x_wconf 91' lang='lat' dir='ltr'>in</span> <span class='ocrx_word' id='word_1_137' title='bbox 1216 2988 1424 3095; x_wconf 83' lang='lat' dir='ltr'>octogentis</span> <span class='ocrx_word' id='word_1_138' title='bbox 1440 2982 1549 3065; x_wconf 89' lang='lat' dir='ltr'>libris</span> <span class='ocrx_word' id='word_1_139' title='bbox 1559 2979 1806 3077; x_wconf 68' lang='lat' dir='ltr'>Turonensi-¹</span> 
     </span>
    </p>
   </div>
   <div class='ocr_carea' id='block_1_7' title="bbox 363 3116 1798 5190">
    <p class='ocr_par' dir='ltr' id='par_1_7' title="bbox 363 3116 1798 5190">
     <span class='ocr_line' id='line_1_18' title="bbox 365 3116 1787 3209; baseline 0.001 -12"><span class='ocrx_word' id='word_1_140' title='bbox 365 3120 453 3209; x_wconf 89' lang='lat' dir='ltr'>bus,</span> <span class='ocrx_word' id='word_1_141' title='bbox 469 3135 507 3196; x_wconf 86' lang='lat' dir='ltr'>et</span> <span class='ocrx_word' id='word_1_142' title='bbox 520 3118 663 3196; x_wconf 90' lang='lat' dir='ltr'>dictum</span> <span class='ocrx_word' id='word_1_143' title='bbox 675 3120 829 3195; x_wconf 88' lang='lat' dir='ltr'>Petrum</span> <span class='ocrx_word' id='word_1_144' title='bbox 850 3119 897 3196; x_wconf 89' lang='lat' dir='ltr'>de</span> <span class='ocrx_word' id='word_1_145' title='bbox 915 3117 1100 3196; x_wconf 87' lang='lat' dir='ltr'>Carionna</span> <span class='ocrx_word' id='word_1_146' title='bbox 1117 3118 1157 3193; x_wconf 90' lang='lat' dir='ltr'>in</span> <span class='ocrx_word' id='word_1_147' title='bbox 1175 3118 1353 3194; x_wconf 85' lang='lat' dir='ltr'>trecentis</span> <span class='ocrx_word' id='word_1_148' title='bbox 1368 3116 1787 3209; x_wconf 78' lang='lat' dir='ltr'>libris‘l&#39;uronensibus,</span> 
     </span>
     <span class='ocr_line' id='line_1_19' title="bbox 367 3247 1791 3337; baseline 0.002 -12"><span class='ocrx_word' id='word_1_149' title='bbox 367 3249 511 3327; x_wconf 91' lang='lat' dir='ltr'>dictum</span> <span class='ocrx_word' id='word_1_150' title='bbox 527 3248 733 3327; x_wconf 86' lang='lat' dir='ltr'>Secardum</span> <span class='ocrx_word' id='word_1_151' title='bbox 752 3248 799 3324; x_wconf 93' lang='lat' dir='ltr'>de</span> <span class='ocrx_word' id='word_1_152' title='bbox 816 3248 990 3325; x_wconf 88' lang='lat' dir='ltr'>Pomario</span> <span class='ocrx_word' id='word_1_153' title='bbox 1008 3248 1047 3323; x_wconf 91' lang='lat' dir='ltr'>in</span> <span class='ocrx_word' id='word_1_154' title='bbox 1068 3247 1242 3325; x_wconf 87' lang='lat' dir='ltr'>ducentis</span> <span class='ocrx_word' id='word_1_155' title='bbox 1261 3247 1368 3324; x_wconf 90' lang='lat' dir='ltr'>libris</span> <span class='ocrx_word' id='word_1_156' title='bbox 1384 3248 1689 3337; x_wconf 91' lang='lat' dir='ltr'>Turonensibus,</span> <span class='ocrx_word' id='word_1_157' title='bbox 1712 3250 1791 3329; x_wconf 91' lang='lat' dir='ltr'>dic-</span> 
     </span>
     <span class='ocr_line' id='line_1_20' title="bbox 364 3378 1791 3489; baseline 0.004 -34"><span class='ocrx_word' id='word_1_158' title='bbox 364 3396 448 3456; x_wconf 89' lang='lat' dir='ltr'>tum</span> <span class='ocrx_word' id='word_1_159' title='bbox 466 3378 720 3459; x_wconf 86' lang='lat' dir='ltr'>Guillelmum</span> <span class='ocrx_word' id='word_1_160' title='bbox 737 3380 913 3458; x_wconf 80' lang='lat' dir='ltr'>Vasconis</span> <span class='ocrx_word' id='word_1_161' title='bbox 938 3380 977 3455; x_wconf 89' lang='lat' dir='ltr'>in</span> <span class='ocrx_word' id='word_1_162' title='bbox 998 3378 1172 3456; x_wconf 88' lang='lat' dir='ltr'>ducentis</span> <span class='ocrx_word' id='word_1_163' title='bbox 1193 3378 1300 3455; x_wconf 88' lang='lat' dir='ltr'>libris</span> <span class='ocrx_word' id='word_1_164' title='bbox 1320 3378 1622 3471; x_wconf 82' lang='lat' dir='ltr'>Turonensibus,</span> <span class='ocrx_word' id='word_1_165' title='bbox 1647 3399 1684 3458; x_wconf 89' lang='lat' dir='ltr'>et</span> <span class='ocrx_word' id='word_1_166' title='bbox 1706 3410 1791 3489; x_wconf 89' lang='lat' dir='ltr'>pre-</span> 
     </span>
     <span class='ocr_line' id='line_1_21' title="bbox 368 3508 1791 3621; baseline 0.001 -33"><span class='ocrx_word' id='word_1_167' title='bbox 368 3512 510 3589; x_wconf 88' lang='lat' dir='ltr'>dictum</span> <span class='ocrx_word' id='word_1_168' title='bbox 532 3511 740 3589; x_wconf 85' lang='lat' dir='ltr'>Jobauuem</span> <span class='ocrx_word' id='word_1_169' title='bbox 762 3510 810 3587; x_wconf 86' lang='lat' dir='ltr'>de</span> <span class='ocrx_word' id='word_1_170' title='bbox 832 3510 1023 3621; x_wconf 84' lang='lat' dir='ltr'>Spongeto</span> <span class='ocrx_word' id='word_1_171' title='bbox 1044 3510 1083 3585; x_wconf 93' lang='lat' dir='ltr'>iu</span> <span class='ocrx_word' id='word_1_172' title='bbox 1105 3526 1257 3587; x_wconf 89' lang='lat' dir='ltr'>centum</span> <span class='ocrx_word' id='word_1_173' title='bbox 1276 3509 1382 3587; x_wconf 87' lang='lat' dir='ltr'>libris</span> <span class='ocrx_word' id='word_1_174' title='bbox 1396 3508 1699 3603; x_wconf 87' lang='lat' dir='ltr'>Turonensibus,</span> <span class='ocrx_word' id='word_1_175' title='bbox 1717 3514 1791 3591; x_wconf 90' lang='lat' dir='ltr'>sol-</span> 
     </span>
     <span class='ocr_line' id='line_1_22' title="bbox 366 3637 1791 3749; baseline -0.001 -29"><span class='ocrx_word' id='word_1_176' title='bbox 366 3642 498 3723; x_wconf 83' lang='lat' dir='ltr'>vendis</span> <span class='ocrx_word' id='word_1_177' title='bbox 516 3642 671 3720; x_wconf 87' lang='lat' dir='ltr'>domiuo</span> <span class='ocrx_word' id='word_1_178' title='bbox 691 3640 781 3749; x_wconf 80' lang='lat' dir='ltr'>Regi</span> <span class='ocrx_word' id='word_1_179' title='bbox 797 3669 868 3749; x_wconf 86' lang='lat' dir='ltr'>pro</span> <span class='ocrx_word' id='word_1_180' title='bbox 884 3641 1060 3730; x_wconf 87' lang='lat' dir='ltr'>emenda,</span> <span class='ocrx_word' id='word_1_181' title='bbox 1079 3640 1341 3747; x_wconf 83' lang='lat' dir='ltr'>cognicioncm</span> <span class='ocrx_word' id='word_1_182' title='bbox 1356 3658 1393 3718; x_wconf 89' lang='lat' dir='ltr'>et</span> <span class='ocrx_word' id='word_1_183' title='bbox 1407 3637 1648 3748; x_wconf 88' lang='lat' dir='ltr'>punieionem</span> <span class='ocrx_word' id='word_1_184' title='bbox 1665 3662 1791 3737; x_wconf 84' lang='lat' dir='ltr'>contra</span> 
     </span>
     <span class='ocr_line' id='line_1_23' title="bbox 366 3770 1792 3881; baseline 0.002 -32"><span class='ocrx_word' id='word_1_185' title='bbox 366 3774 579 3881; x_wconf 90' lang='lat' dir='ltr'>predictum</span> <span class='ocrx_word' id='word_1_186' title='bbox 591 3774 771 3850; x_wconf 78' lang='lat' dir='ltr'>vicarium</span> <span class='ocrx_word' id='word_1_187' title='bbox 782 3788 821 3850; x_wconf 90' lang='lat' dir='ltr'>et</span> <span class='ocrx_word' id='word_1_188' title='bbox 833 3789 959 3851; x_wconf 91' lang='lat' dir='ltr'>contra</span> <span class='ocrx_word' id='word_1_189' title='bbox 972 3770 1116 3851; x_wconf 89' lang='lat' dir='ltr'>dictum</span> <span class='ocrx_word' id='word_1_190' title='bbox 1132 3770 1325 3861; x_wconf 91' lang='lat' dir='ltr'>abbatem,</span> <span class='ocrx_word' id='word_1_191' title='bbox 1335 3773 1484 3851; x_wconf 90' lang='lat' dir='ltr'>racione</span> <span class='ocrx_word' id='word_1_192' title='bbox 1499 3797 1565 3850; x_wconf 91' lang='lat' dir='ltr'>sue</span> <span class='ocrx_word' id='word_1_193' title='bbox 1575 3772 1792 3881; x_wconf 84' lang='lat' dir='ltr'>temporalis</span> 
     </span>
     <span class='ocr_line' id='line_1_24' title="bbox 363 3901 1791 4013; baseline 0.001 -31"><span class='ocrx_word' id='word_1_194' title='bbox 363 3904 652 4011; x_wconf 86' lang='lat' dir='ltr'>jurisdictionis,</span> <span class='ocrx_word' id='word_1_195' title='bbox 675 3920 712 3981; x_wconf 88' lang='lat' dir='ltr'>et</span> <span class='ocrx_word' id='word_1_196' title='bbox 726 3904 984 4013; x_wconf 83' lang='lat' dir='ltr'>cognicionem</span> <span class='ocrx_word' id='word_1_197' title='bbox 1004 3920 1042 3981; x_wconf 86' lang='lat' dir='ltr'>et</span> <span class='ocrx_word' id='word_1_198' title='bbox 1059 3903 1292 3981; x_wconf 83' lang='lat' dir='ltr'>taxacionem</span> <span class='ocrx_word' id='word_1_199' title='bbox 1309 3902 1462 4011; x_wconf 91' lang='lat' dir='ltr'>dampni</span> <span class='ocrx_word' id='word_1_200' title='bbox 1478 3901 1553 3981; x_wconf 90' lang='lat' dir='ltr'>dati</span> <span class='ocrx_word' id='word_1_201' title='bbox 1565 3922 1720 4011; x_wconf 85' lang='lat' dir='ltr'>propter</span> <span class='ocrx_word' id='word_1_202' title='bbox 1735 3904 1791 3983; x_wconf 91' lang='lat' dir='ltr'>in-</span> 
     </span>
     <span class='ocr_line' id='line_1_25' title="bbox 369 4032 1792 4143; baseline -0.001 -30"><span class='ocrx_word' id='word_1_203' title='bbox 369 4036 547 4113; x_wconf 86' lang='lat' dir='ltr'>cendium</span> <span class='ocrx_word' id='word_1_204' title='bbox 558 4034 791 4142; x_wconf 86' lang='lat' dir='ltr'>predictum,</span> <span class='ocrx_word' id='word_1_205' title='bbox 805 4035 960 4113; x_wconf 89' lang='lat' dir='ltr'>domino</span> <span class='ocrx_word' id='word_1_206' title='bbox 971 4036 1061 4143; x_wconf 82' lang='lat' dir='ltr'>Regi</span> <span class='ocrx_word' id='word_1_207' title='bbox 1075 4033 1317 4124; x_wconf 71' lang='lat' dir='ltr'>reservandm</span> <span class='ocrx_word' id='word_1_208' title='bbox 1333 4054 1437 4141; x_wconf 86' lang='lat' dir='ltr'>aqua</span> <span class='ocrx_word' id='word_1_209' title='bbox 1448 4032 1792 4141; x_wconf 85' lang='lat' dir='ltr'>condempnacione</span> 
     </span>
     <span class='ocr_line' id='line_1_26' title="bbox 369 4162 1790 4273; baseline -0.001 -31"><span class='ocrx_word' id='word_1_210' title='bbox 369 4192 438 4271; x_wconf 87' lang='lat' dir='ltr'>per</span> <span class='ocrx_word' id='word_1_211' title='bbox 460 4167 560 4271; x_wconf 88' lang='lat' dir='ltr'>ipsos</span> <span class='ocrx_word' id='word_1_212' title='bbox 582 4164 877 4271; x_wconf 84' lang='lat' dir='ltr'>condempnatos</span> <span class='ocrx_word' id='word_1_213' title='bbox 894 4165 942 4241; x_wconf 89' lang='lat' dir='ltr'>ad</span> <span class='ocrx_word' id='word_1_214' title='bbox 954 4164 1168 4271; x_wconf 84' lang='lat' dir='ltr'>predictum</span> <span class='ocrx_word' id='word_1_215' title='bbox 1190 4164 1437 4241; x_wconf 87' lang='lat' dir='ltr'>senescallum</span> <span class='ocrx_word' id='word_1_216' title='bbox 1454 4162 1527 4243; x_wconf 87' lang='lat' dir='ltr'>luit</span> <span class='ocrx_word' id='word_1_217' title='bbox 1542 4163 1790 4273; x_wconf 88' lang='lat' dir='ltr'>appellatum,</span> 
     </span>
     <span class='ocr_line' id='line_1_27' title="bbox 370 4295 1794 4404; baseline -0.001 -31"><span class='ocrx_word' id='word_1_218' title='bbox 370 4312 408 4373; x_wconf 88' lang='lat' dir='ltr'>et</span> <span class='ocrx_word' id='word_1_219' title='bbox 427 4298 607 4404; x_wconf 85' lang='lat' dir='ltr'>inquisito</span> <span class='ocrx_word' id='word_1_220' title='bbox 626 4312 757 4403; x_wconf 85' lang='lat' dir='ltr'>postea</span> <span class='ocrx_word' id='word_1_221' title='bbox 780 4296 947 4373; x_wconf 86' lang='lat' dir='ltr'>dedicta</span> <span class='ocrx_word' id='word_1_222' title='bbox 968 4295 1235 4401; x_wconf 83' lang='lat' dir='ltr'>appellacionis</span> <span class='ocrx_word' id='word_1_223' title='bbox 1254 4321 1363 4372; x_wconf 88' lang='lat' dir='ltr'>causa</span> <span class='ocrx_word' id='word_1_224' title='bbox 1381 4322 1450 4402; x_wconf 90' lang='lat' dir='ltr'>per</span> <span class='ocrx_word' id='word_1_225' title='bbox 1468 4296 1670 4403; x_wconf 88' lang='lat' dir='ltr'>quemdam</span> <span class='ocrx_word' id='word_1_226' title='bbox 1692 4320 1794 4372; x_wconf 89' lang='lat' dir='ltr'>com-</span> 
     </span>
     <span class='ocr_line' id='line_1_28' title="bbox 372 4426 1792 4534; baseline 0.001 -31"><span class='ocrx_word' id='word_1_227' title='bbox 372 4429 583 4506; x_wconf 85' lang='lat' dir='ltr'>missarium</span> <span class='ocrx_word' id='word_1_228' title='bbox 604 4454 718 4534; x_wconf 84' lang='lat' dir='ltr'>super</span> <span class='ocrx_word' id='word_1_229' title='bbox 737 4428 810 4505; x_wconf 90' lang='lat' dir='ltr'>hoc</span> <span class='ocrx_word' id='word_1_230' title='bbox 839 4428 1061 4534; x_wconf 87' lang='lat' dir='ltr'>deputatum</span> <span class='ocrx_word' id='word_1_231' title='bbox 1087 4454 1156 4533; x_wconf 87' lang='lat' dir='ltr'>per</span> <span class='ocrx_word' id='word_1_232' title='bbox 1174 4426 1408 4533; x_wconf 87' lang='lat' dir='ltr'>prepositum</span> <span class='ocrx_word' id='word_1_233' title='bbox 1435 4442 1527 4504; x_wconf 84' lang='lat' dir='ltr'>tunc</span> <span class='ocrx_word' id='word_1_234' title='bbox 1547 4426 1595 4503; x_wconf 89' lang='lat' dir='ltr'>dc</span> <span class='ocrx_word' id='word_1_235' title='bbox 1615 4426 1792 4504; x_wconf 86' lang='lat' dir='ltr'>Anversio</span> 
     </span>
     <span class='ocr_line' id='line_1_29' title="bbox 372 4554 1796 4665; baseline -0.001 -31"><span class='ocrx_word' id='word_1_236' title='bbox 372 4574 410 4634; x_wconf 90' lang='lat' dir='ltr'>et</span> <span class='ocrx_word' id='word_1_237' title='bbox 429 4574 623 4651; x_wconf 81' lang='lat' dir='ltr'>cantorem</span> <span class='ocrx_word' id='word_1_238' title='bbox 640 4556 965 4646; x_wconf 79' lang='lat' dir='ltr'>Aurelianensem,</span> <span class='ocrx_word' id='word_1_239' title='bbox 987 4556 1035 4633; x_wconf 93' lang='lat' dir='ltr'>ad</span> <span class='ocrx_word' id='word_1_240' title='bbox 1053 4574 1176 4663; x_wconf 85' lang='lat' dir='ltr'>partes</span> <span class='ocrx_word' id='word_1_241' title='bbox 1195 4556 1278 4633; x_wconf 92' lang='lat' dir='ltr'>illas</span> <span class='ocrx_word' id='word_1_242' title='bbox 1299 4585 1319 4634; x_wconf 87' lang='lat' dir='ltr'>a</span> <span class='ocrx_word' id='word_1_243' title='bbox 1339 4554 1494 4634; x_wconf 90' lang='lat' dir='ltr'>domino</span> <span class='ocrx_word' id='word_1_244' title='bbox 1514 4555 1614 4665; x_wconf 85' lang='lat' dir='ltr'>Rege</span> <span class='ocrx_word' id='word_1_245' title='bbox 1636 4555 1796 4633; x_wconf 88' lang='lat' dir='ltr'>destina-</span> 
     </span>
     <span class='ocr_line' id='line_1_30' title="bbox 370 4686 1798 4798; baseline 0 -35"><span class='ocrx_word' id='word_1_246' title='bbox 370 4706 447 4775; x_wconf 85' lang='lat' dir='ltr'>tos,</span> <span class='ocrx_word' id='word_1_247' title='bbox 469 4688 579 4766; x_wconf 82' lang='lat' dir='ltr'>dictis</span> <span class='ocrx_word' id='word_1_248' title='bbox 597 4688 752 4778; x_wconf 84' lang='lat' dir='ltr'>Poneio,</span> <span class='ocrx_word' id='word_1_249' title='bbox 774 4687 983 4768; x_wconf 85' lang='lat' dir='ltr'>Guillelmo</span> <span class='ocrx_word' id='word_1_250' title='bbox 1001 4687 1179 4767; x_wconf 83' lang='lat' dir='ltr'>Vasconis</span> <span class='ocrx_word' id='word_1_251' title='bbox 1199 4706 1236 4765; x_wconf 90' lang='lat' dir='ltr'>et</span> <span class='ocrx_word' id='word_1_252' title='bbox 1252 4686 1423 4765; x_wconf 80' lang='lat' dir='ltr'>dobanne</span> <span class='ocrx_word' id='word_1_253' title='bbox 1441 4689 1488 4766; x_wconf 89' lang='lat' dir='ltr'>de</span> <span class='ocrx_word' id='word_1_254' title='bbox 1507 4686 1699 4797; x_wconf 85' lang='lat' dir='ltr'>Spongeto</span> <span class='ocrx_word' id='word_1_255' title='bbox 1715 4704 1798 4798; x_wconf 73' lang='lat' dir='ltr'>tan-¹</span> 
     </span>
     <span class='ocr_line' id='line_1_31' title="bbox 373 4816 1796 4927; baseline 0.002 -35"><span class='ocrx_word' id='word_1_256' title='bbox 373 4818 576 4896; x_wconf 89' lang='lat' dir='ltr'>tummodo</span> <span class='ocrx_word' id='word_1_257' title='bbox 592 4819 729 4896; x_wconf 85' lang='lat' dir='ltr'>dictam</span> <span class='ocrx_word' id='word_1_258' title='bbox 749 4845 896 4896; x_wconf 85' lang='lat' dir='ltr'>causam</span> <span class='ocrx_word' id='word_1_259' title='bbox 914 4818 1179 4926; x_wconf 85' lang='lat' dir='ltr'>appellacionis</span> <span class='ocrx_word' id='word_1_260' title='bbox 1193 4818 1526 4927; x_wconf 77' lang='lat' dir='ltr'>prosequenfibus,</span> <span class='ocrx_word' id='word_1_261' title='bbox 1543 4844 1611 4926; x_wconf 90' lang='lat' dir='ltr'>per</span> <span class='ocrx_word' id='word_1_262' title='bbox 1631 4816 1796 4896; x_wconf 89' lang='lat' dir='ltr'>eundem</span> 
     </span>
     <span class='ocr_line' id='line_1_32' title="bbox 376 4948 1797 5058; baseline 0.001 -34"><span class='ocrx_word' id='word_1_263' title='bbox 376 4948 676 5027; x_wconf 86' lang='lat' dir='ltr'>commissarium</span> <span class='ocrx_word' id='word_1_264' title='bbox 697 4950 769 5027; x_wconf 85' lang='lat' dir='ltr'>luit</span> <span class='ocrx_word' id='word_1_265' title='bbox 783 4950 951 5058; x_wconf 88' lang='lat' dir='ltr'>predicta</span> <span class='ocrx_word' id='word_1_266' title='bbox 968 4951 1089 5058; x_wconf 87' lang='lat' dir='ltr'>prima</span> <span class='ocrx_word' id='word_1_267' title='bbox 1108 4950 1297 5028; x_wconf 89' lang='lat' dir='ltr'>sentencia</span> <span class='ocrx_word' id='word_1_268' title='bbox 1318 4948 1554 5043; x_wconf 76' lang='lat' dir='ltr'>confirmata3</span> <span class='ocrx_word' id='word_1_269' title='bbox 1576 4978 1596 5026; x_wconf 89' lang='lat' dir='ltr'>a</span> <span class='ocrx_word' id='word_1_270' title='bbox 1616 4978 1689 5057; x_wconf 91' lang='lat' dir='ltr'>qua</span> <span class='ocrx_word' id='word_1_271' title='bbox 1709 4978 1797 5027; x_wconf 91' lang='lat' dir='ltr'>con·</span> 
     </span>
     <span class='ocr_line' id='line_1_33' title="bbox 375 5078 1797 5190; baseline 0.001 -36"><span class='ocrx_word' id='word_1_272' title='bbox 375 5078 594 5159; x_wconf 84' lang='lat' dir='ltr'>firmacione</span> <span class='ocrx_word' id='word_1_273' title='bbox 616 5080 749 5158; x_wconf 89' lang='lat' dir='ltr'>iterato</span> <span class='ocrx_word' id='word_1_274' title='bbox 775 5081 822 5159; x_wconf 87' lang='lat' dir='ltr'>ad</span> <span class='ocrx_word' id='word_1_275' title='bbox 847 5098 1013 5159; x_wconf 68' lang='lat' dir='ltr'>nonnam</span> <span class='ocrx_word' id='word_1_276' title='bbox 1037 5082 1180 5160; x_wconf 88' lang='lat' dir='ltr'>curiam</span> <span class='ocrx_word' id='word_1_277' title='bbox 1205 5080 1276 5160; x_wconf 87' lang='lat' dir='ltr'>luit</span> <span class='ocrx_word' id='word_1_278' title='bbox 1295 5082 1547 5190; x_wconf 88' lang='lat' dir='ltr'>appellatum:</span> <span class='ocrx_word' id='word_1_279' title='bbox 1566 5082 1663 5161; x_wconf 87' lang='lat' dir='ltr'>Visis</span> <span class='ocrx_word' id='word_1_280' title='bbox 1683 5080 1797 5187; x_wconf 85' lang='lat' dir='ltr'>igitur</span> 
     </span>
    </p>
   </div>
   <div class='ocr_carea' id='block_1_8' title="bbox 1620 5240 1670 5323">
    <p class='ocr_par' dir='ltr' id='par_1_8' title="bbox 1620 5240 1670 5323">
     <span class='ocr_line' id='line_1_34' title="bbox 1620 5240 1670 5323; baseline -0.04 -23"><span class='ocrx_word' id='word_1_281' title='bbox 1620 5240 1670 5323; x_wconf 83' lang='lat'>39.</span> 
     </span>
    </p>
   </div>
   <div class='ocr_carea' id='block_1_9' title="bbox 1734 886 2008 955">
    <p class='ocr_par' dir='ltr' id='par_1_9' title="bbox 1734 886 2008 955">
     <span class='ocr_line' id='line_1_35' title="bbox 1734 886 2008 955; baseline 0.018 -13"><span class='ocrx_word' id='word_1_282' title='bbox 1734 886 1739 897; x_wconf 96' lang='grc'><strong>’</strong></span> <span class='ocrx_word' id='word_1_283' title='bbox 1822 890 1951 946; x_wconf 73' lang='lat' dir='ltr'>Puteum</span> <span class='ocrx_word' id='word_1_284' title='bbox 1966 892 2008 955; x_wconf 82' lang='lat' dir='ltr'>tv,</span> 
     </span>
    </p>
   </div>
   <div class='ocr_carea' id='block_1_10' title="bbox 1884 981 1949 1045">
    <p class='ocr_par' dir='ltr' id='par_1_10' title="bbox 1884 981 1949 1045">
     <span class='ocr_line' id='line_1_36' title="bbox 1884 981 1949 1045; baseline 0.015 -20"><span class='ocrx_word' id='word_1_285' title='bbox 1884 981 1949 1045; x_wconf 58' lang='lat' dir='ltr'>rsus,</span> 
     </span>
    </p>
   </div>
   <div class='ocr_carea' id='block_1_11' title="bbox 0 0 2246 6209">
    <p class='ocr_par' dir='ltr' id='par_1_11' title="bbox 0 0 2246 6209">
     <span class='ocr_line' id='line_1_37' title="bbox 0 0 2246 6209; baseline 0 0"><span class='ocrx_word' id='word_1_286' title='bbox 0 0 2246 6209; x_wconf 95' lang='lat' dir='ltr'> </span> 
     </span>
    </p>
   </div>
  </div>
 </body>
</html>
