<?xml version="1.0" encoding="UTF-8"?>
<!DOCTYPE html PUBLIC "-//W3C//DTD XHTML 1.0 Transitional//EN"
    "http://www.w3.org/TR/xhtml1/DTD/xhtml1-transitional.dtd">
<html xmlns="http://www.w3.org/1999/xhtml" xml:lang="en" lang="en">
 <head>
  <title>
</title>
<meta http-equiv="Content-Type" content="text/html;charset=utf-8" />
  <meta name='ocr-system' content='tesseract 3.04.00' />
  <meta name='ocr-capabilities' content='ocr_page ocr_carea ocr_par ocr_line ocrx_word'/>
</head>
<body>
  <div class='ocr_page' id='page_1' title='image "./lesolimouregist00parigoog_0388.png"; bbox 0 0 4450 6209; ppageno 0'>
   <div class='ocr_carea' id='block_1_1' title="bbox 767 664 1777 774">
    <p class='ocr_par' dir='ltr' id='par_1_1' title="bbox 767 664 1777 774">
     <span class='ocr_line' id='line_1_1' title="bbox 767 664 1777 774; baseline 0.003 -18"><span class='ocrx_word' id='word_1_1' title='bbox 767 665 1039 774; x_wconf 78' lang='lat' dir='ltr'>nuounrns</span> <span class='ocrx_word' id='word_1_2' title='bbox 1068 684 1134 757; x_wconf 84' lang='lat' dir='ltr'>nr</span> <span class='ocrx_word' id='word_1_3' title='bbox 1160 664 1364 756; x_wconf 73' lang='lat' dir='ltr'>caccus.</span> <span class='ocrx_word' id='word_1_4' title='bbox 1702 683 1777 759; x_wconf 81' lang='lat' dir='ltr'>aaa</span> 
     </span>
    </p>
   </div>
   <div class='ocr_carea' id='block_1_2' title="bbox 274 823 2002 1456">
    <p class='ocr_par' dir='ltr' id='par_1_2' title="bbox 274 823 2002 1177">
     <span class='ocr_line' id='line_1_2' title="bbox 274 823 2002 931; baseline -0.001 -30"><span class='ocrx_word' id='word_1_5' title='bbox 274 854 279 859; x_wconf 93' lang='lat'>·</span> <span class='ocrx_word' id='word_1_6' title='bbox 353 842 434 901; x_wconf 87' lang='lat' dir='ltr'>tum</span> <span class='ocrx_word' id='word_1_7' title='bbox 455 824 694 901; x_wconf 87' lang='lat' dir='ltr'>Bochardum</span> <span class='ocrx_word' id='word_1_8' title='bbox 716 824 856 904; x_wconf 91' lang='lat' dir='ltr'>debere</span> <span class='ocrx_word' id='word_1_9' title='bbox 876 852 1071 903; x_wconf 88' lang='lat' dir='ltr'>remanere</span> <span class='ocrx_word' id='word_1_10' title='bbox 1091 824 1132 903; x_wconf 89' lang='lat' dir='ltr'>in</span> <span class='ocrx_word' id='word_1_11' title='bbox 1152 824 1286 903; x_wconf 77' lang='lat' dir='ltr'><strong>saisina</strong></span> <span class='ocrx_word' id='word_1_12' title='bbox 1304 852 1372 903; x_wconf 89' lang='lat' dir='ltr'>sua</span> <span class='ocrx_word' id='word_1_13' title='bbox 1390 823 1571 931; x_wconf 90' lang='lat' dir='ltr'>predicta,</span> <span class='ocrx_word' id='word_1_14' title='bbox 1595 841 1633 901; x_wconf 92' lang='lat' dir='ltr'>et</span> <span class='ocrx_word' id='word_1_15' title='bbox 1652 823 1778 903; x_wconf 88' lang='lat' dir='ltr'>omnia</span> <span class='ocrx_word' id='word_1_16' title='bbox 1815 836 2002 900; x_wconf 62' lang='lat' dir='ltr'>surrepsit,</span> 
     </span>
     <span class='ocr_line' id='line_1_3' title="bbox 351 929 1942 1065; baseline -0.002 -32"><span class='ocrx_word' id='word_1_17' title='bbox 351 956 535 1064; x_wconf 85' lang='lat' dir='ltr'>arreragia</span> <span class='ocrx_word' id='word_1_18' title='bbox 556 955 645 1032; x_wconf 92' lang='lat' dir='ltr'>dicti</span> <span class='ocrx_word' id='word_1_19' title='bbox 661 956 852 1049; x_wconf 89' lang='lat' dir='ltr'>redditus,</span> <span class='ocrx_word' id='word_1_20' title='bbox 869 986 940 1065; x_wconf 92' lang='lat' dir='ltr'>pro</span> <span class='ocrx_word' id='word_1_21' title='bbox 956 955 1108 1036; x_wconf 85' lang='lat' dir='ltr'>defectu</span> <span class='ocrx_word' id='word_1_22' title='bbox 1125 957 1346 1045; x_wconf 89' lang='lat' dir='ltr'>solucionis,</span> <span class='ocrx_word' id='word_1_23' title='bbox 1362 956 1490 1035; x_wconf 87' lang='lat' dir='ltr'>eidem</span> <span class='ocrx_word' id='word_1_24' title='bbox 1505 954 1617 1034; x_wconf 88' lang='lat' dir='ltr'>militi</span> <span class='ocrx_word' id='word_1_25' title='bbox 1637 984 1659 1033; x_wconf 87' lang='lat' dir='ltr'>a</span> <span class='ocrx_word' id='word_1_26' title='bbox 1677 953 1776 1031; x_wconf 90' lang='lat' dir='ltr'>dicta</span> <span class='ocrx_word' id='word_1_27' title='bbox 1877 929 1942 971; x_wconf 52' lang='grc' dir='ltr'>’Μ’</span> 
     </span>
     <span class='ocr_line' id='line_1_4' title="bbox 352 1084 1089 1177; baseline 0.001 -15"><span class='ocrx_word' id='word_1_28' title='bbox 352 1084 506 1164; x_wconf 88' lang='lat' dir='ltr'>domina</span> <span class='ocrx_word' id='word_1_29' title='bbox 526 1085 669 1177; x_wconf 84' lang='lat' dir='ltr'>debita,</span> <span class='ocrx_word' id='word_1_30' title='bbox 692 1087 762 1165; x_wconf 89' lang='lat' dir='ltr'>sibi</span> <span class='ocrx_word' id='word_1_31' title='bbox 784 1116 865 1167; x_wconf 88' lang='lat' dir='ltr'>esse</span> <span class='ocrx_word' id='word_1_32' title='bbox 883 1087 1089 1167; x_wconf 87' lang='lat' dir='ltr'>reddenda.</span> 
     </span>
    </p>

    <p class='ocr_par' dir='ltr' id='par_1_3' title="bbox 406 1196 952 1456">
     <span class='ocr_line' id='line_1_5' title="bbox 407 1196 952 1324; baseline -0.004 -28"><span class='ocrx_word' id='word_1_33' title='bbox 407 1217 563 1296; x_wconf 88' lang='lat' dir='ltr'>Veneris</span> <span class='ocrx_word' id='word_1_34' title='bbox 581 1236 668 1324; x_wconf 90' lang='lat' dir='ltr'>post</span> <span class='ocrx_word' id='word_1_35' title='bbox 685 1196 952 1297; x_wconf 78' lang='lat' dir='ltr'>Reminiscere.</span> 
     </span>
     <span class='ocr_line' id='line_1_6' title="bbox 406 1347 858 1456; baseline 0.007 -33"><span class='ocrx_word' id='word_1_36' title='bbox 406 1347 628 1453; x_wconf 85' lang='lat' dir='ltr'>Pasquerius</span> <span class='ocrx_word' id='word_1_37' title='bbox 647 1350 858 1456; x_wconf 73' lang='lat' dir='ltr'>reportavit.</span> 
     </span>
    </p>
   </div>
   <div class='ocr_carea' id='block_1_3' title="bbox 340 1606 1819 5210">
    <p class='ocr_par' dir='ltr' id='par_1_4' title="bbox 340 1606 1819 5112">
     <span class='ocr_line' id='line_1_7' title="bbox 404 1606 1772 1719; baseline 0.001 -29"><span class='ocrx_word' id='word_1_38' title='bbox 404 1606 531 1690; x_wconf 85' lang='lat' dir='ltr'><strong>XXIV.</strong></span> <span class='ocrx_word' id='word_1_39' title='bbox 563 1611 661 1689; x_wconf 89' lang='lat' dir='ltr'>Cum</span> <span class='ocrx_word' id='word_1_40' title='bbox 675 1612 767 1690; x_wconf 91' lang='lat' dir='ltr'>olim</span> <span class='ocrx_word' id='word_1_41' title='bbox 780 1612 929 1719; x_wconf 87' lang='lat' dir='ltr'>questio</span> <span class='ocrx_word' id='word_1_42' title='bbox 943 1611 1152 1689; x_wconf 83' lang='lat' dir='ltr'>verteretur</span> <span class='ocrx_word' id='word_1_43' title='bbox 1164 1614 1263 1689; x_wconf 85' lang='lat' dir='ltr'>iuter</span> <span class='ocrx_word' id='word_1_44' title='bbox 1275 1612 1488 1691; x_wconf 80' lang='lat' dir='ltr'>lohannem</span> <span class='ocrx_word' id='word_1_45' title='bbox 1504 1613 1647 1690; x_wconf 87' lang='lat' dir='ltr'>dictum</span> <span class='ocrx_word' id='word_1_46' title='bbox 1662 1614 1772 1706; x_wconf 90' lang='lat' dir='ltr'>Chat,</span> 
     </span>
     <span class='ocr_line' id='line_1_8' title="bbox 350 1741 1773 1849; baseline 0.004 -33"><span class='ocrx_word' id='word_1_47' title='bbox 350 1756 513 1817; x_wconf 86' lang='lat' dir='ltr'>actorem</span> <span class='ocrx_word' id='word_1_48' title='bbox 530 1768 596 1819; x_wconf 92' lang='lat' dir='ltr'>seu</span> <span class='ocrx_word' id='word_1_49' title='bbox 616 1742 898 1831; x_wconf 85' lang='lat' dir='ltr'>reclamantem,</span> <span class='ocrx_word' id='word_1_50' title='bbox 914 1770 958 1819; x_wconf 80' lang='lat' dir='ltr'>cx</span> <span class='ocrx_word' id='word_1_51' title='bbox 976 1742 1081 1849; x_wconf 84' lang='lat' dir='ltr'>parte</span> <span class='ocrx_word' id='word_1_52' title='bbox 1096 1741 1188 1832; x_wconf 83' lang='lat' dir='ltr'>una,</span> <span class='ocrx_word' id='word_1_53' title='bbox 1212 1760 1250 1819; x_wconf 91' lang='lat' dir='ltr'>et</span> <span class='ocrx_word' id='word_1_54' title='bbox 1267 1742 1704 1834; x_wconf 85' lang='lat' dir='ltr'>Eblonem,laube1·tum</span> <span class='ocrx_word' id='word_1_55' title='bbox 1727 1746 1773 1822; x_wconf 93' lang='lat' dir='ltr'>de</span> 
     </span>
     <span class='ocr_line' id='line_1_9' title="bbox 350 1868 1774 1979; baseline 0.001 -32"><span class='ocrx_word' id='word_1_56' title='bbox 350 1868 504 1959; x_wconf 88' lang='lat' dir='ltr'>Solbac,</span> <span class='ocrx_word' id='word_1_57' title='bbox 516 1872 765 1950; x_wconf 85' lang='lat' dir='ltr'>Bertrandum</span> <span class='ocrx_word' id='word_1_58' title='bbox 777 1874 825 1951; x_wconf 90' lang='lat' dir='ltr'>de</span> <span class='ocrx_word' id='word_1_59' title='bbox 836 1874 959 1963; x_wconf 86' lang='lat' dir='ltr'>Luco,</span> <span class='ocrx_word' id='word_1_60' title='bbox 971 1871 1151 1961; x_wconf 87' lang='lat' dir='ltr'>militem,</span> <span class='ocrx_word' id='word_1_61' title='bbox 1165 1890 1204 1949; x_wconf 89' lang='lat' dir='ltr'>et</span> <span class='ocrx_word' id='word_1_62' title='bbox 1214 1872 1414 1979; x_wconf 78' lang='lat' dir='ltr'>Hugonem</span> <span class='ocrx_word' id='word_1_63' title='bbox 1426 1872 1474 1949; x_wconf 89' lang='lat' dir='ltr'>de</span> <span class='ocrx_word' id='word_1_64' title='bbox 1486 1872 1639 1961; x_wconf 88' lang='lat' dir='ltr'>Solbac,</span> <span class='ocrx_word' id='word_1_65' title='bbox 1653 1874 1774 1951; x_wconf 90' lang='lat' dir='ltr'>domi-</span> 
     </span>
     <span class='ocr_line' id='line_1_10' title="bbox 349 1992 1773 2111; baseline 0.002 -33"><span class='ocrx_word' id='word_1_66' title='bbox 349 2000 504 2092; x_wconf 90' lang='lat' dir='ltr'>cellum,</span> <span class='ocrx_word' id='word_1_67' title='bbox 523 2030 624 2095; x_wconf 86' lang='lat' dir='ltr'>reos,</span> <span class='ocrx_word' id='word_1_68' title='bbox 647 2032 691 2081; x_wconf 82' lang='lat' dir='ltr'>ex</span> <span class='ocrx_word' id='word_1_69' title='bbox 709 2002 842 2095; x_wconf 87' lang='lat' dir='ltr'>altera,</span> <span class='ocrx_word' id='word_1_70' title='bbox 865 2032 978 2111; x_wconf 90' lang='lat' dir='ltr'>super</span> <span class='ocrx_word' id='word_1_71' title='bbox 992 2004 1155 2110; x_wconf 88' lang='lat' dir='ltr'>quadam</span> <span class='ocrx_word' id='word_1_72' title='bbox 1176 2002 1338 2082; x_wconf 85' lang='lat' dir='ltr'><strong>factione</strong></span> <span class='ocrx_word' id='word_1_73' title='bbox 1358 1992 1427 2081; x_wconf 76' lang='lat' dir='ltr'>scu</span> <span class='ocrx_word' id='word_1_74' title='bbox 1446 2020 1604 2081; x_wconf 80' lang='lat' dir='ltr'>teneura</span> <span class='ocrx_word' id='word_1_75' title='bbox 1619 2020 1718 2081; x_wconf 88' lang='lat' dir='ltr'>terre</span> <span class='ocrx_word' id='word_1_76' title='bbox 1735 2022 1773 2082; x_wconf 90' lang='lat' dir='ltr'>et</span> 
     </span>
     <span class='ocr_line' id='line_1_11' title="bbox 348 2132 1771 2242; baseline 0.003 -35"><span class='ocrx_word' id='word_1_77' title='bbox 348 2160 549 2210; x_wconf 88' lang='lat' dir='ltr'>nemorum</span> <span class='ocrx_word' id='word_1_78' title='bbox 571 2149 788 2213; x_wconf 86' lang='lat' dir='ltr'>vocatorum</span> <span class='ocrx_word' id='word_1_79' title='bbox 811 2134 1013 2242; x_wconf 79' lang='lat' dir='ltr'>vulgariter</span> <span class='ocrx_word' id='word_1_80' title='bbox 1032 2133 1068 2211; x_wconf 88' lang='lat' dir='ltr'>la</span> <span class='ocrx_word' id='word_1_81' title='bbox 1092 2132 1417 2225; x_wconf 67' lang='lat' dir='ltr'>noca-decons,</span> <span class='ocrx_word' id='word_1_82' title='bbox 1439 2162 1569 2240; x_wconf 90' lang='lat' dir='ltr'>quam,</span> <span class='ocrx_word' id='word_1_83' title='bbox 1591 2152 1707 2241; x_wconf 88' lang='lat' dir='ltr'>prout</span> <span class='ocrx_word' id='word_1_84' title='bbox 1732 2136 1771 2211; x_wconf 93' lang='lat' dir='ltr'>in</span> 
     </span>
     <span class='ocr_line' id='line_1_12' title="bbox 347 2260 1770 2371; baseline 0.004 -34"><span class='ocrx_word' id='word_1_85' title='bbox 347 2260 479 2339; x_wconf 88' lang='lat' dir='ltr'>libello</span> <span class='ocrx_word' id='word_1_86' title='bbox 498 2263 778 2341; x_wconf 74' lang='lat' dir='ltr'>reclamationis</span> <span class='ocrx_word' id='word_1_87' title='bbox 793 2263 883 2341; x_wconf 90' lang='lat' dir='ltr'>dicti</span> <span class='ocrx_word' id='word_1_88' title='bbox 898 2265 1080 2343; x_wconf 87' lang='lat' dir='ltr'>lobannis</span> <span class='ocrx_word' id='word_1_89' title='bbox 1096 2265 1315 2371; x_wconf 86' lang='lat' dir='ltr'>designatur</span> <span class='ocrx_word' id='word_1_90' title='bbox 1328 2282 1366 2342; x_wconf 89' lang='lat' dir='ltr'>et</span> <span class='ocrx_word' id='word_1_91' title='bbox 1380 2263 1648 2354; x_wconf 72' lang='lat' dir='ltr'>confrontatur,</span> <span class='ocrx_word' id='word_1_92' title='bbox 1668 2266 1770 2343; x_wconf 89' lang='lat' dir='ltr'>dice-</span> 
     </span>
     <span class='ocr_line' id='line_1_13' title="bbox 346 2392 1768 2500; baseline 0.003 -32"><span class='ocrx_word' id='word_1_93' title='bbox 346 2393 413 2469; x_wconf 88' lang='lat' dir='ltr'>bat</span> <span class='ocrx_word' id='word_1_94' title='bbox 429 2392 554 2469; x_wconf 88' lang='lat' dir='ltr'>dictus</span> <span class='ocrx_word' id='word_1_95' title='bbox 572 2393 777 2483; x_wconf 78' lang='lat' dir='ltr'>lohannes,</span> <span class='ocrx_word' id='word_1_96' title='bbox 793 2420 837 2469; x_wconf 82' lang='lat' dir='ltr'>ex</span> <span class='ocrx_word' id='word_1_97' title='bbox 853 2394 965 2471; x_wconf 87' lang='lat' dir='ltr'>certis</span> <span class='ocrx_word' id='word_1_98' title='bbox 984 2393 1123 2486; x_wconf 88' lang='lat' dir='ltr'>causis,</span> <span class='ocrx_word' id='word_1_99' title='bbox 1136 2395 1184 2471; x_wconf 88' lang='lat' dir='ltr'>ad</span> <span class='ocrx_word' id='word_1_100' title='bbox 1202 2420 1242 2469; x_wconf 85' lang='lat' dir='ltr'>ae</span> <span class='ocrx_word' id='word_1_101' title='bbox 1264 2411 1301 2471; x_wconf 89' lang='lat' dir='ltr'>et</span> <span class='ocrx_word' id='word_1_102' title='bbox 1319 2393 1540 2472; x_wconf 88' lang='lat' dir='ltr'>insolidum</span> <span class='ocrx_word' id='word_1_103' title='bbox 1559 2395 1768 2500; x_wconf 85' lang='lat' dir='ltr'>pertinere;</span> 
     </span>
     <span class='ocr_line' id='line_1_14' title="bbox 345 2520 1767 2631; baseline 0.004 -34"><span class='ocrx_word' id='word_1_104' title='bbox 345 2520 499 2599; x_wconf 89' lang='lat' dir='ltr'>tandem</span> <span class='ocrx_word' id='word_1_105' title='bbox 516 2522 616 2599; x_wconf 86' lang='lat' dir='ltr'>dicte</span> <span class='ocrx_word' id='word_1_106' title='bbox 634 2537 759 2628; x_wconf 85' lang='lat' dir='ltr'>partes</span> <span class='ocrx_word' id='word_1_107' title='bbox 773 2550 885 2629; x_wconf 91' lang='lat' dir='ltr'>super</span> <span class='ocrx_word' id='word_1_108' title='bbox 900 2522 1091 2629; x_wconf 72' lang='lat' dir='ltr'>premissis</span> <span class='ocrx_word' id='word_1_109' title='bbox 1109 2523 1150 2598; x_wconf 90' lang='lat' dir='ltr'>in</span> <span class='ocrx_word' id='word_1_110' title='bbox 1172 2521 1315 2627; x_wconf 71' lang='lat' dir='ltr'>dotum</span> <span class='ocrx_word' id='word_1_111' title='bbox 1335 2524 1533 2631; x_wconf 85' lang='lat' dir='ltr'>Hugonem</span> <span class='ocrx_word' id='word_1_112' title='bbox 1549 2521 1597 2599; x_wconf 87' lang='lat' dir='ltr'>de</span> <span class='ocrx_word' id='word_1_113' title='bbox 1613 2524 1767 2613; x_wconf 88' lang='lat' dir='ltr'>Solbac,</span> 
     </span>
     <span class='ocr_line' id='line_1_15' title="bbox 344 2652 1763 2761; baseline 0.004 -32"><span class='ocrx_word' id='word_1_114' title='bbox 344 2668 535 2760; x_wconf 85' lang='lat' dir='ltr'>tamquam</span> <span class='ocrx_word' id='word_1_115' title='bbox 556 2653 595 2730; x_wconf 90' lang='lat' dir='ltr'>in</span> <span class='ocrx_word' id='word_1_116' title='bbox 620 2652 822 2745; x_wconf 87' lang='lat' dir='ltr'>arbitrum,</span> <span class='ocrx_word' id='word_1_117' title='bbox 848 2654 1109 2732; x_wconf 86' lang='lat' dir='ltr'>arbitratorem</span> <span class='ocrx_word' id='word_1_118' title='bbox 1128 2682 1197 2732; x_wconf 89' lang='lat' dir='ltr'>seu</span> <span class='ocrx_word' id='word_1_119' title='bbox 1216 2653 1453 2746; x_wconf 71' lang='lat' dir='ltr'>amicabilem</span> <span class='ocrx_word' id='word_1_120' title='bbox 1473 2653 1763 2761; x_wconf 81' lang='lat' dir='ltr'>compositorem</span> 
     </span>
     <span class='ocr_line' id='line_1_16' title="bbox 345 2778 1768 2893; baseline 0.004 -34"><span class='ocrx_word' id='word_1_121' title='bbox 345 2778 703 2890; x_wconf 86' lang='lat' dir='ltr'>compromiserunt,</span> <span class='ocrx_word' id='word_1_122' title='bbox 721 2784 786 2891; x_wconf 92' lang='lat' dir='ltr'>qui</span> <span class='ocrx_word' id='word_1_123' title='bbox 811 2784 932 2862; x_wconf 88' lang='lat' dir='ltr'>dictus</span> <span class='ocrx_word' id='word_1_124' title='bbox 946 2786 1057 2893; x_wconf 79' lang='lat' dir='ltr'>Hugo</span> <span class='ocrx_word' id='word_1_125' title='bbox 1076 2786 1118 2861; x_wconf 91' lang='lat' dir='ltr'>in</span> <span class='ocrx_word' id='word_1_126' title='bbox 1134 2784 1235 2863; x_wconf 87' lang='lat' dir='ltr'>dicto</span> <span class='ocrx_word' id='word_1_127' title='bbox 1255 2784 1545 2890; x_wconf 78' lang='lat' dir='ltr'>compromisso,</span> <span class='ocrx_word' id='word_1_128' title='bbox 1567 2809 1676 2863; x_wconf 88' lang='lat' dir='ltr'>causa</span> <span class='ocrx_word' id='word_1_129' title='bbox 1690 2815 1768 2865; x_wconf 89' lang='lat' dir='ltr'>non</span> 
     </span>
     <span class='ocr_line' id='line_1_17' title="bbox 345 2915 1768 3024; baseline 0.001 -31"><span class='ocrx_word' id='word_1_130' title='bbox 345 2915 512 3021; x_wconf 86' lang='lat' dir='ltr'>cognita,</span> <span class='ocrx_word' id='word_1_131' title='bbox 534 2944 730 3022; x_wconf 86' lang='lat' dir='ltr'>perperam</span> <span class='ocrx_word' id='word_1_132' title='bbox 752 2934 790 2993; x_wconf 88' lang='lat' dir='ltr'>ct</span> <span class='ocrx_word' id='word_1_133' title='bbox 809 2916 1198 3024; x_wconf 85' lang='lat' dir='ltr'>iniqueprocedens,</span> <span class='ocrx_word' id='word_1_134' title='bbox 1219 2932 1334 3021; x_wconf 90' lang='lat' dir='ltr'>prout</span> <span class='ocrx_word' id='word_1_135' title='bbox 1356 2915 1545 2994; x_wconf 87' lang='lat' dir='ltr'>asserebat</span> <span class='ocrx_word' id='word_1_136' title='bbox 1569 2916 1674 2993; x_wconf 86' lang='lat' dir='ltr'>idem</span> <span class='ocrx_word' id='word_1_137' title='bbox 1703 2919 1768 2995; x_wconf 87' lang='lat' dir='ltr'>Jo-</span> 
     </span>
     <span class='ocr_line' id='line_1_18' title="bbox 345 3044 1768 3153; baseline 0.004 -33"><span class='ocrx_word' id='word_1_138' title='bbox 345 3044 503 3136; x_wconf 84' lang='lat' dir='ltr'>hanues,</span> <span class='ocrx_word' id='word_1_139' title='bbox 526 3047 672 3124; x_wconf 89' lang='lat' dir='ltr'>dictum</span> <span class='ocrx_word' id='word_1_140' title='bbox 692 3074 804 3125; x_wconf 87' lang='lat' dir='ltr'>suum</span> <span class='ocrx_word' id='word_1_141' title='bbox 823 3074 891 3124; x_wconf 86' lang='lat' dir='ltr'>seu</span> <span class='ocrx_word' id='word_1_142' title='bbox 911 3047 1192 3126; x_wconf 86' lang='lat' dir='ltr'>ordinacionem</span> <span class='ocrx_word' id='word_1_143' title='bbox 1212 3075 1317 3124; x_wconf 89' lang='lat' dir='ltr'>suam</span> <span class='ocrx_word' id='word_1_144' title='bbox 1338 3073 1452 3151; x_wconf 85' lang='lat' dir='ltr'>super</span> <span class='ocrx_word' id='word_1_145' title='bbox 1470 3046 1663 3151; x_wconf 84' lang='lat' dir='ltr'>premissis</span> <span class='ocrx_word' id='word_1_146' title='bbox 1681 3076 1768 3153; x_wconf 92' lang='lat' dir='ltr'>pro·</span> 
     </span>
     <span class='ocr_line' id='line_1_19' title="bbox 343 3174 1767 3284; baseline 0.002 -33"><span class='ocrx_word' id='word_1_147' title='bbox 343 3174 433 3251; x_wconf 91' lang='lat' dir='ltr'>tulit</span> <span class='ocrx_word' id='word_1_148' title='bbox 454 3174 494 3251; x_wconf 90' lang='lat' dir='ltr'>in</span> <span class='ocrx_word' id='word_1_149' title='bbox 513 3175 618 3255; x_wconf 92' lang='lat' dir='ltr'>bunc</span> <span class='ocrx_word' id='word_1_150' title='bbox 635 3175 815 3268; x_wconf 87' lang='lat' dir='ltr'>modurn,</span> <span class='ocrx_word' id='word_1_151' title='bbox 837 3176 1013 3255; x_wconf 79' lang='lat' dir='ltr'>videlicet</span> <span class='ocrx_word' id='word_1_152' title='bbox 1031 3177 1138 3284; x_wconf 92' lang='lat' dir='ltr'>quod</span> <span class='ocrx_word' id='word_1_153' title='bbox 1161 3178 1284 3254; x_wconf 77' lang='lat' dir='ltr'>dictrrs</span> <span class='ocrx_word' id='word_1_154' title='bbox 1304 3176 1495 3253; x_wconf 83' lang='lat' dir='ltr'>lebannes</span> <span class='ocrx_word' id='word_1_155' title='bbox 1513 3175 1668 3253; x_wconf 83' lang='lat' dir='ltr'>terciam</span> <span class='ocrx_word' id='word_1_156' title='bbox 1687 3207 1767 3283; x_wconf 86' lang='lat' dir='ltr'>par-</span> 
     </span>
     <span class='ocr_line' id='line_1_20' title="bbox 343 3303 1766 3410; baseline 0.003 -31"><span class='ocrx_word' id='word_1_157' title='bbox 343 3321 421 3381; x_wconf 88' lang='lat' dir='ltr'>tem</span> <span class='ocrx_word' id='word_1_158' title='bbox 434 3304 534 3383; x_wconf 89' lang='lat' dir='ltr'>dicte</span> <span class='ocrx_word' id='word_1_159' title='bbox 548 3322 707 3383; x_wconf 81' lang='lat' dir='ltr'>teneura</span> <span class='ocrx_word' id='word_1_160' title='bbox 722 3306 763 3381; x_wconf 88' lang='lat' dir='ltr'>in</span> <span class='ocrx_word' id='word_1_161' title='bbox 777 3304 910 3383; x_wconf 87' lang='lat' dir='ltr'>libello</span> <span class='ocrx_word' id='word_1_162' title='bbox 929 3305 1162 3385; x_wconf 81' lang='lat' dir='ltr'>confrontate</span> <span class='ocrx_word' id='word_1_163' title='bbox 1180 3303 1526 3410; x_wconf 74' lang='lat' dir='ltr'>baberetpacifica,</span> <span class='ocrx_word' id='word_1_164' title='bbox 1542 3321 1583 3381; x_wconf 86' lang='lat' dir='ltr'>et</span> <span class='ocrx_word' id='word_1_165' title='bbox 1602 3305 1690 3383; x_wconf 85' lang='lat' dir='ltr'>dicti</span> <span class='ocrx_word' id='word_1_166' title='bbox 1710 3309 1766 3383; x_wconf 91' lang='lat' dir='ltr'>rei</span> 
     </span>
     <span class='ocr_line' id='line_1_21' title="bbox 343 3434 1767 3543; baseline -0.001 -33"><span class='ocrx_word' id='word_1_167' title='bbox 343 3434 513 3513; x_wconf 87' lang='lat' dir='ltr'>&#39;residuas</span> <span class='ocrx_word' id='word_1_168' title='bbox 536 3436 627 3514; x_wconf 84' lang='lat' dir='ltr'>duas</span> <span class='ocrx_word' id='word_1_169' title='bbox 651 3452 775 3541; x_wconf 84' lang='lat' dir='ltr'>partes</span> <span class='ocrx_word' id='word_1_170' title='bbox 794 3436 977 3514; x_wconf 88' lang='lat' dir='ltr'>baberent</span> <span class='ocrx_word' id='word_1_171' title='bbox 994 3436 1131 3515; x_wconf 90' lang='lat' dir='ltr'>amodo</span> <span class='ocrx_word' id='word_1_172' title='bbox 1151 3435 1303 3543; x_wconf 86' lang='lat' dir='ltr'>pacifice</span> <span class='ocrx_word' id='word_1_173' title='bbox 1323 3452 1361 3513; x_wconf 90' lang='lat' dir='ltr'>et</span> <span class='ocrx_word' id='word_1_174' title='bbox 1379 3435 1527 3541; x_wconf 62' lang='lat' dir='ltr'>quietat</span> <span class='ocrx_word' id='word_1_175' title='bbox 1541 3465 1570 3513; x_wconf 77' lang='lat' dir='ltr'>¹a</span> <span class='ocrx_word' id='word_1_176' title='bbox 1584 3465 1661 3542; x_wconf 90' lang='lat' dir='ltr'>quo</span> <span class='ocrx_word' id='word_1_177' title='bbox 1679 3440 1767 3543; x_wconf 74' lang='lat' dir='ltr'>qui,</span> 
     </span>
     <span class='ocr_line' id='line_1_22' title="bbox 344 3565 1766 3674; baseline 0.002 -32"><span class='ocrx_word' id='word_1_178' title='bbox 344 3565 432 3645; x_wconf 91' lang='lat' dir='ltr'>dem</span> <span class='ocrx_word' id='word_1_179' title='bbox 453 3568 554 3645; x_wconf 90' lang='lat' dir='ltr'>dicto</span> <span class='ocrx_word' id='word_1_180' title='bbox 574 3595 641 3645; x_wconf 88' lang='lat' dir='ltr'>seu</span> <span class='ocrx_word' id='word_1_181' title='bbox 660 3567 924 3659; x_wconf 81' lang='lat' dir='ltr'>ordinacione,</span> <span class='ocrx_word' id='word_1_182' title='bbox 941 3584 1132 3674; x_wconf 82' lang='lat' dir='ltr'>tamquam</span> <span class='ocrx_word' id='word_1_183' title='bbox 1151 3566 1246 3647; x_wconf 81' lang='lat' dir='ltr'>falso</span> <span class='ocrx_word' id='word_1_184' title='bbox 1267 3582 1306 3644; x_wconf 89' lang='lat' dir='ltr'>et</span> <span class='ocrx_word' id='word_1_185' title='bbox 1323 3565 1471 3673; x_wconf 90' lang='lat' dir='ltr'>iniquo,</span> <span class='ocrx_word' id='word_1_186' title='bbox 1493 3565 1616 3646; x_wconf 86' lang='lat' dir='ltr'>dictus</span> <span class='ocrx_word' id='word_1_187' title='bbox 1632 3567 1766 3645; x_wconf 84' lang='lat' dir='ltr'>loban-</span> 
     </span>
     <span class='ocr_line' id='line_1_23' title="bbox 344 3695 1765 3807; baseline 0.001 -34"><span class='ocrx_word' id='word_1_188' title='bbox 344 3726 428 3787; x_wconf 89' lang='lat' dir='ltr'>nes,</span> <span class='ocrx_word' id='word_1_189' title='bbox 450 3698 490 3774; x_wconf 93' lang='lat' dir='ltr'>in</span> <span class='ocrx_word' id='word_1_190' title='bbox 506 3716 688 3806; x_wconf 83' lang='lat' dir='ltr'>quantum</span> <span class='ocrx_word' id='word_1_191' title='bbox 710 3717 838 3779; x_wconf 88' lang='lat' dir='ltr'>contra</span> <span class='ocrx_word' id='word_1_192' title='bbox 859 3728 946 3777; x_wconf 88' lang='lat' dir='ltr'>eum</span> <span class='ocrx_word' id='word_1_193' title='bbox 960 3698 1139 3791; x_wconf 83' lang='lat' dir='ltr'>iaciebat,</span> <span class='ocrx_word' id='word_1_194' title='bbox 1156 3698 1205 3777; x_wconf 91' lang='lat' dir='ltr'>ad</span> <span class='ocrx_word' id='word_1_195' title='bbox 1224 3695 1474 3803; x_wconf 86' lang='lat' dir='ltr'>senescallum</span> <span class='ocrx_word' id='word_1_196' title='bbox 1491 3698 1765 3807; x_wconf 75' lang='lat' dir='ltr'>Petragoricen-</span> 
     </span>
     <span class='ocr_line' id='line_1_24' title="bbox 343 3826 1819 3942; baseline 0.003 -39"><span class='ocrx_word' id='word_1_197' title='bbox 343 3854 439 3917; x_wconf 90' lang='lat' dir='ltr'>sem,</span> <span class='ocrx_word' id='word_1_198' title='bbox 460 3829 649 3935; x_wconf 85' lang='lat' dir='ltr'>quamcito</span> <span class='ocrx_word' id='word_1_199' title='bbox 665 3828 712 3907; x_wconf 87' lang='lat' dir='ltr'>ad</span> <span class='ocrx_word' id='word_1_200' title='bbox 729 3830 808 3937; x_wconf 78' lang='lat' dir='ltr'>ejus</span> <span class='ocrx_word' id='word_1_201' title='bbox 822 3830 993 3936; x_wconf 88' lang='lat' dir='ltr'>pervenit</span> <span class='ocrx_word' id='word_1_202' title='bbox 1003 3828 1199 3919; x_wconf 89' lang='lat' dir='ltr'>noticiam,</span> <span class='ocrx_word' id='word_1_203' title='bbox 1219 3826 1449 3917; x_wconf 82' lang='lat' dir='ltr'>reclamavit,</span> <span class='ocrx_word' id='word_1_204' title='bbox 1470 3844 1603 3933; x_wconf 85' lang='lat' dir='ltr'>petens</span> <span class='ocrx_word' id='word_1_205' title='bbox 1626 3827 1763 3907; x_wconf 88' lang='lat' dir='ltr'>dictam</span> <span class='ocrx_word' id='word_1_206' title='bbox 1814 3931 1819 3942; x_wconf 31' lang='grc' dir='ltr'>Ι</span> 
     </span>
     <span class='ocr_line' id='line_1_25' title="bbox 343 3956 1764 4067; baseline 0.005 -34"><span class='ocrx_word' id='word_1_207' title='bbox 343 3956 651 4038; x_wconf 74' lang='lat' dir='ltr'>reclamationem</span> <span class='ocrx_word' id='word_1_208' title='bbox 673 3959 894 4067; x_wconf 82' lang='lat' dir='ltr'>legittimam</span> <span class='ocrx_word' id='word_1_209' title='bbox 912 3960 1169 4066; x_wconf 85' lang='lat' dir='ltr'>pronunciari,</span> <span class='ocrx_word' id='word_1_210' title='bbox 1190 3976 1230 4038; x_wconf 86' lang='lat' dir='ltr'>et</span> <span class='ocrx_word' id='word_1_211' title='bbox 1255 3958 1436 4038; x_wconf 80' lang='lat' dir='ltr'>declarari</span> <span class='ocrx_word' id='word_1_212' title='bbox 1456 3958 1667 4063; x_wconf 88' lang='lat' dir='ltr'>predictum</span> <span class='ocrx_word' id='word_1_213' title='bbox 1694 3962 1764 4040; x_wconf 95' lang='lat' dir='ltr'>do-</span> 
     </span>
     <span class='ocr_line' id='line_1_26' title="bbox 343 4088 1765 4198; baseline 0.003 -33"><span class='ocrx_word' id='word_1_214' title='bbox 343 4088 536 4193; x_wconf 83' lang='lat' dir='ltr'>micellum</span> <span class='ocrx_word' id='word_1_215' title='bbox 553 4108 682 4169; x_wconf 90' lang='lat' dir='ltr'>contra</span> <span class='ocrx_word' id='word_1_216' title='bbox 696 4091 842 4170; x_wconf 86' lang='lat' dir='ltr'>dictum</span> <span class='ocrx_word' id='word_1_217' title='bbox 856 4092 1070 4170; x_wconf 87' lang='lat' dir='ltr'>lobannem</span> <span class='ocrx_word' id='word_1_218' title='bbox 1088 4110 1126 4169; x_wconf 90' lang='lat' dir='ltr'>et</span> <span class='ocrx_word' id='word_1_219' title='bbox 1140 4120 1211 4198; x_wconf 89' lang='lat' dir='ltr'>pro</span> <span class='ocrx_word' id='word_1_220' title='bbox 1226 4091 1336 4169; x_wconf 89' lang='lat' dir='ltr'>dictis</span> <span class='ocrx_word' id='word_1_221' title='bbox 1349 4091 1426 4167; x_wconf 83' lang='lat' dir='ltr'>reis</span> <span class='ocrx_word' id='word_1_222' title='bbox 1436 4118 1633 4197; x_wconf 84' lang='lat' dir='ltr'>perperam</span> <span class='ocrx_word' id='word_1_223' title='bbox 1650 4109 1687 4169; x_wconf 85' lang='lat' dir='ltr'>et</span> <span class='ocrx_word' id='word_1_224' title='bbox 1698 4093 1765 4169; x_wconf 91' lang='lat' dir='ltr'>ini-</span> 
     </span>
     <span class='ocr_line' id='line_1_27' title="bbox 342 4220 1763 4329; baseline 0.001 -30"><span class='ocrx_word' id='word_1_225' title='bbox 342 4248 415 4327; x_wconf 89' lang='lat' dir='ltr'>que</span> <span class='ocrx_word' id='word_1_226' title='bbox 428 4222 710 4329; x_wconf 84' lang='lat' dir='ltr'>pronunciasse,</span> <span class='ocrx_word' id='word_1_227' title='bbox 733 4240 771 4299; x_wconf 88' lang='lat' dir='ltr'>ct</span> <span class='ocrx_word' id='word_1_228' title='bbox 782 4222 920 4298; x_wconf 86' lang='lat' dir='ltr'>dictam</span> <span class='ocrx_word' id='word_1_229' title='bbox 939 4222 1312 4328; x_wconf 86' lang='lat' dir='ltr'>pronunciacionem,</span> <span class='ocrx_word' id='word_1_230' title='bbox 1328 4249 1397 4297; x_wconf 88' lang='lat' dir='ltr'>seu</span> <span class='ocrx_word' id='word_1_231' title='bbox 1411 4220 1696 4312; x_wconf 81' lang='lat' dir='ltr'>ordinacionem</span> <span class='ocrx_word' id='word_1_232' title='bbox 1715 4224 1763 4300; x_wconf 90' lang='lat' dir='ltr'>ad</span> 
     </span>
     <span class='ocr_line' id='line_1_28' title="bbox 341 4350 1763 4459; baseline -0.001 -29"><span class='ocrx_word' id='word_1_233' title='bbox 341 4350 547 4459; x_wconf 81' lang='lat' dir='ltr'>equitatem</span> <span class='ocrx_word' id='word_1_234' title='bbox 566 4353 695 4431; x_wconf 81' lang='lat' dir='ltr'>reduci</span> <span class='ocrx_word' id='word_1_235' title='bbox 715 4380 783 4459; x_wconf 87' lang='lat' dir='ltr'>per</span> <span class='ocrx_word' id='word_1_236' title='bbox 801 4352 999 4430; x_wconf 86' lang='lat' dir='ltr'>arbitrium</span> <span class='ocrx_word' id='word_1_237' title='bbox 1017 4351 1109 4430; x_wconf 91' lang='lat' dir='ltr'>boni</span> <span class='ocrx_word' id='word_1_238' title='bbox 1122 4352 1209 4440; x_wconf 85' lang='lat' dir='ltr'>viri,</span> <span class='ocrx_word' id='word_1_239' title='bbox 1222 4368 1261 4427; x_wconf 87' lang='lat' dir='ltr'>et</span> <span class='ocrx_word' id='word_1_240' title='bbox 1272 4352 1452 4457; x_wconf 85' lang='lat' dir='ltr'>dampna,</span> <span class='ocrx_word' id='word_1_241' title='bbox 1465 4377 1541 4456; x_wconf 89' lang='lat' dir='ltr'>que</span> <span class='ocrx_word' id='word_1_242' title='bbox 1554 4351 1634 4456; x_wconf 88' lang='lat' dir='ltr'>ipse</span> <span class='ocrx_word' id='word_1_243' title='bbox 1649 4379 1763 4459; x_wconf 82' lang='lat' dir='ltr'>prop·</span> 
     </span>
     <span class='ocr_line' id='line_1_29' title="bbox 340 4479 1763 4589; baseline 0 -30"><span class='ocrx_word' id='word_1_244' title='bbox 340 4498 400 4560; x_wconf 87' lang='lat' dir='ltr'>ter</span> <span class='ocrx_word' id='word_1_245' title='bbox 418 4484 491 4565; x_wconf 91' lang='lat' dir='ltr'>hoc</span> <span class='ocrx_word' id='word_1_246' title='bbox 511 4484 704 4577; x_wconf 82' lang='lat' dir='ltr'>sustinuit,</span> <span class='ocrx_word' id='word_1_247' title='bbox 726 4483 796 4563; x_wconf 88' lang='lat' dir='ltr'>sibi</span> <span class='ocrx_word' id='word_1_248' title='bbox 817 4483 927 4561; x_wconf 89' lang='lat' dir='ltr'>reddi</span> <span class='ocrx_word' id='word_1_249' title='bbox 948 4507 1067 4589; x_wconf 90' lang='lat' dir='ltr'>usque</span> <span class='ocrx_word' id='word_1_250' title='bbox 1088 4484 1136 4561; x_wconf 89' lang='lat' dir='ltr'>ad</span> <span class='ocrx_word' id='word_1_251' title='bbox 1154 4509 1341 4559; x_wconf 87' lang='lat' dir='ltr'>summam</span> <span class='ocrx_word' id='word_1_252' title='bbox 1360 4479 1631 4587; x_wconf 82' lang='lat' dir='ltr'>quinquaginta</span> <span class='ocrx_word' id='word_1_253' title='bbox 1648 4480 1763 4559; x_wconf 89' lang='lat' dir='ltr'>libra-</span> 
     </span>
     <span class='ocr_line' id='line_1_30' title="bbox 341 4607 1763 4722; baseline 0.001 -31"><span class='ocrx_word' id='word_1_254' title='bbox 341 4642 426 4691; x_wconf 89' lang='lat' dir='ltr'>rum</span> <span class='ocrx_word' id='word_1_255' title='bbox 451 4614 880 4722; x_wconf 86' lang='lat' dir='ltr'>Turonensium,pe1te</span> <span class='ocrx_word' id='word_1_256' title='bbox 905 4612 1055 4691; x_wconf 87' lang='lat' dir='ltr'>adversa</span> <span class='ocrx_word' id='word_1_257' title='bbox 1079 4614 1119 4689; x_wconf 90' lang='lat' dir='ltr'>iu</span> <span class='ocrx_word' id='word_1_258' title='bbox 1143 4611 1374 4691; x_wconf 81' lang='lat' dir='ltr'>contrarium</span> <span class='ocrx_word' id='word_1_259' title='bbox 1396 4607 1528 4686; x_wconf 87' lang='lat' dir='ltr'>multis</span> <span class='ocrx_word' id='word_1_260' title='bbox 1547 4610 1763 4691; x_wconf 85' lang='lat' dir='ltr'>racionibus</span> 
     </span>
     <span class='ocr_line' id='line_1_31' title="bbox 340 4738 1762 4852; baseline 0.001 -33"><span class='ocrx_word' id='word_1_261' title='bbox 340 4762 590 4849; x_wconf 82' lang='lat' dir='ltr'>proponente,</span> <span class='ocrx_word' id='word_1_262' title='bbox 611 4762 649 4823; x_wconf 86' lang='lat' dir='ltr'>et</span> <span class='ocrx_word' id='word_1_263' title='bbox 666 4762 817 4852; x_wconf 88' lang='lat' dir='ltr'>petente</span> <span class='ocrx_word' id='word_1_264' title='bbox 836 4744 981 4823; x_wconf 87' lang='lat' dir='ltr'>dictum</span> <span class='ocrx_word' id='word_1_265' title='bbox 1008 4772 1075 4822; x_wconf 90' lang='lat' dir='ltr'>seu</span> <span class='ocrx_word' id='word_1_266' title='bbox 1094 4742 1377 4822; x_wconf 84' lang='lat' dir='ltr'>ordinacionem</span> <span class='ocrx_word' id='word_1_267' title='bbox 1396 4739 1603 4846; x_wconf 87' lang='lat' dir='ltr'>predictam</span> <span class='ocrx_word' id='word_1_268' title='bbox 1622 4738 1762 4850; x_wconf 84' lang='lat' dir='ltr'>legitti-</span> 
     </span>
     <span class='ocr_line' id='line_1_32' title="bbox 341 4871 1762 4982; baseline 0 -31"><span class='ocrx_word' id='word_1_269' title='bbox 341 4902 443 4951; x_wconf 85' lang='lat' dir='ltr'>mam</span> <span class='ocrx_word' id='word_1_270' title='bbox 459 4876 723 4982; x_wconf 87' lang='lat' dir='ltr'>pronunciari:</span> <span class='ocrx_word' id='word_1_271' title='bbox 742 4874 981 4955; x_wconf 87' lang='lat' dir='ltr'>Processibus</span> <span class='ocrx_word' id='word_1_272' title='bbox 997 4874 1113 4982; x_wconf 88' lang='lat' dir='ltr'>igitur</span> <span class='ocrx_word' id='word_1_273' title='bbox 1132 4901 1245 4979; x_wconf 89' lang='lat' dir='ltr'>super</span> <span class='ocrx_word' id='word_1_274' title='bbox 1256 4874 1337 4952; x_wconf 87' lang='lat' dir='ltr'>boc</span> <span class='ocrx_word' id='word_1_275' title='bbox 1356 4871 1462 4951; x_wconf 82' lang='lat' dir='ltr'>lactis</span> <span class='ocrx_word' id='word_1_276' title='bbox 1480 4899 1524 4949; x_wconf 91' lang='lat' dir='ltr'>ac</span> <span class='ocrx_word' id='word_1_277' title='bbox 1540 4874 1762 4979; x_wconf 75' lang='lat' dir='ltr'>pronuncia-</span> 
     </span>
     <span class='ocr_line' id='line_1_33' title="bbox 341 5003 1761 5112; baseline -0.001 -29"><span class='ocrx_word' id='word_1_278' title='bbox 341 5005 448 5086; x_wconf 86' lang='lat' dir='ltr'>oiene</span> <span class='ocrx_word' id='word_1_279' title='bbox 466 5006 633 5112; x_wconf 84' lang='lat' dir='ltr'>predicta</span> <span class='ocrx_word' id='word_1_280' title='bbox 653 5008 700 5085; x_wconf 87' lang='lat' dir='ltr'>ad</span> <span class='ocrx_word' id='word_1_281' title='bbox 719 5024 885 5086; x_wconf 85' lang='lat' dir='ltr'>nostram</span> <span class='ocrx_word' id='word_1_282' title='bbox 906 5007 1065 5099; x_wconf 86' lang='lat' dir='ltr'>curiam,</span> <span class='ocrx_word' id='word_1_283' title='bbox 1088 5007 1136 5088; x_wconf 86' lang='lat' dir='ltr'>de</span> <span class='ocrx_word' id='word_1_284' title='bbox 1156 5005 1334 5083; x_wconf 80' lang='lat' dir='ltr'>mandato</span> <span class='ocrx_word' id='word_1_285' title='bbox 1346 5003 1471 5110; x_wconf 86' lang='lat' dir='ltr'>&#39;ipsius</span> <span class='ocrx_word' id='word_1_286' title='bbox 1489 5004 1611 5095; x_wconf 89' lang='lat' dir='ltr'>curie,</span> <span class='ocrx_word' id='word_1_287' title='bbox 1631 5032 1761 5108; x_wconf 85' lang='lat' dir='ltr'>repor-</span> 
     </span>
    </p>

    <p class='ocr_par' dir='ltr' id='par_1_5' title="bbox 445 5140 1632 5210">
     <span class='ocr_line' id='line_1_34' title="bbox 445 5140 1632 5210; baseline 0.003 -5"><span class='ocrx_word' id='word_1_288' title='bbox 445 5165 498 5206; x_wconf 77' lang='lat' dir='ltr'>tes</span> <span class='ocrx_word' id='word_1_289' title='bbox 519 5164 601 5207; x_wconf 77' lang='lat' dir='ltr'>caru.</span> <span class='ocrx_word' id='word_1_290' title='bbox 625 5166 671 5210; x_wconf 87' lang='lat' dir='ltr'>ru.</span> <span class='ocrx_word' id='word_1_291' title='bbox 1593 5140 1632 5199; x_wconf 82' lang='lat'>37</span> 
     </span>
    </p>
   </div>
   <div class='ocr_carea' id='block_1_4' title="bbox 0 0 2230 6209">
    <p class='ocr_par' dir='ltr' id='par_1_6' title="bbox 0 0 2230 6209">
     <span class='ocr_line' id='line_1_35' title="bbox 0 0 2230 6209; baseline 0 6"><span class='ocrx_word' id='word_1_292' title='bbox 0 0 2230 6209; x_wconf 95' lang='lat' dir='ltr'> </span> 
     </span>
    </p>
   </div>
  </div>
 </body>
</html>
