<?xml version="1.0" encoding="UTF-8"?>
<!DOCTYPE html PUBLIC "-//W3C//DTD XHTML 1.0 Transitional//EN"
    "http://www.w3.org/TR/xhtml1/DTD/xhtml1-transitional.dtd">
<html xmlns="http://www.w3.org/1999/xhtml" xml:lang="en" lang="en">
 <head>
  <title>
</title>
<meta http-equiv="Content-Type" content="text/html;charset=utf-8" />
  <meta name='ocr-system' content='tesseract 3.04.00' />
  <meta name='ocr-capabilities' content='ocr_page ocr_carea ocr_par ocr_line ocrx_word'/>
</head>
<body>
  <div class='ocr_page' id='page_1' title='image "./lesolimouregist00parigoog_0355.png"; bbox 0 0 4450 6209; ppageno 0'>
   <div class='ocr_carea' id='block_1_1' title="bbox 505 709 1361 787">
    <p class='ocr_par' dir='ltr' id='par_1_1' title="bbox 505 709 1361 787">
     <span class='ocr_line' id='line_1_1' title="bbox 505 709 1361 787; baseline -0.005 -3"><span class='ocrx_word' id='word_1_1' title='bbox 505 714 579 787; x_wconf 85' lang='grc'><strong>256</strong></span> <span class='ocrx_word' id='word_1_2' title='bbox 1101 711 1191 784; x_wconf 86' lang='lat' dir='ltr'><strong>LES</strong></span> <span class='ocrx_word' id='word_1_3' title='bbox 1218 709 1361 784; x_wconf 81' lang='lat' dir='ltr'><strong>OLllll.</strong></span> 
     </span>
    </p>
   </div>
   <div class='ocr_carea' id='block_1_2' title="bbox 278 851 1952 3062">
    <p class='ocr_par' dir='ltr' id='par_1_2' title="bbox 278 851 1952 3062">
     <span class='ocr_line' id='line_1_2' title="bbox 278 851 1952 958; baseline 0 -26"><span class='ocrx_word' id='word_1_4' title='bbox 278 869 407 925; x_wconf 76' lang='lat' dir='ltr'><strong>Parnm</strong></span> <span class='ocrx_word' id='word_1_5' title='bbox 421 870 466 930; x_wconf 72' lang='lat' dir='ltr'><strong>lv,</strong></span> <span class='ocrx_word' id='word_1_6' title='bbox 507 855 642 946; x_wconf 86' lang='lat' dir='ltr'><strong>factas,</strong></span> <span class='ocrx_word' id='word_1_7' title='bbox 659 855 731 931; x_wconf 88' lang='lat' dir='ltr'><strong>sibi</strong></span> <span class='ocrx_word' id='word_1_8' title='bbox 747 853 873 944; x_wconf 88' lang='lat' dir='ltr'>reddi,</span> <span class='ocrx_word' id='word_1_9' title='bbox 890 853 980 928; x_wconf 90' lang='lat' dir='ltr'><strong>etin</strong></span> <span class='ocrx_word' id='word_1_10' title='bbox 993 880 1109 929; x_wconf 89' lang='lat' dir='ltr'><strong>manu</strong></span> <span class='ocrx_word' id='word_1_11' title='bbox 1125 881 1191 930; x_wconf 89' lang='lat' dir='ltr'><strong>sua</strong></span> <span class='ocrx_word' id='word_1_12' title='bbox 1205 852 1355 958; x_wconf 86' lang='lat' dir='ltr'><strong>reponi,</strong></span> <span class='ocrx_word' id='word_1_13' title='bbox 1373 851 1587 930; x_wconf 88' lang='lat' dir='ltr'><strong>racionibus</strong></span> <span class='ocrx_word' id='word_1_14' title='bbox 1599 853 1815 932; x_wconf 73' lang='lat' dir='ltr'><strong>antedictis:</strong></span> <span class='ocrx_word' id='word_1_15' title='bbox 1834 858 1952 954; x_wconf 47' lang='lat' dir='ltr'><strong>Tan-³</strong></span> 
     </span>
     <span class='ocr_line' id='line_1_3' title="bbox 338 963 1930 1093; baseline 0.001 -29"><span class='ocrx_word' id='word_1_16' title='bbox 338 963 403 1006; x_wconf 52' lang='grc' dir='ltr'><strong>Μ’</strong></span> <span class='ocrx_word' id='word_1_17' title='bbox 509 987 616 1079; x_wconf 90' lang='lat' dir='ltr'><strong>dem,</strong></span> <span class='ocrx_word' id='word_1_18' title='bbox 639 986 777 1063; x_wconf 87' lang='lat' dir='ltr'><strong>auditis</strong></span> <span class='ocrx_word' id='word_1_19' title='bbox 796 983 1011 1062; x_wconf 90' lang='lat' dir='ltr'><strong>racionibus</strong></span> <span class='ocrx_word' id='word_1_20' title='bbox 1030 983 1120 1060; x_wconf 90' lang='lat' dir='ltr'><strong>binc</strong></span> <span class='ocrx_word' id='word_1_21' title='bbox 1140 1001 1178 1060; x_wconf 89' lang='lat' dir='ltr'><strong>et</strong></span> <span class='ocrx_word' id='word_1_22' title='bbox 1196 983 1303 1074; x_wconf 89' lang='lat' dir='ltr'><strong>inde,</strong></span> <span class='ocrx_word' id='word_1_23' title='bbox 1321 1000 1358 1060; x_wconf 88' lang='lat' dir='ltr'><strong>et</strong></span> <span class='ocrx_word' id='word_1_24' title='bbox 1377 982 1452 1062; x_wconf 91' lang='lat' dir='ltr'><strong>visa</strong></span> <span class='ocrx_word' id='word_1_25' title='bbox 1469 984 1640 1090; x_wconf 88' lang='lat' dir='ltr'><strong>inquesta</strong></span> <span class='ocrx_word' id='word_1_26' title='bbox 1660 1011 1773 1093; x_wconf 89' lang='lat' dir='ltr'><strong>super</strong></span> <span class='ocrx_word' id='word_1_27' title='bbox 1792 987 1866 1064; x_wconf 94' lang='lat' dir='ltr'><strong>hoc</strong></span> <span class='ocrx_word' id='word_1_28' title='bbox 1885 989 1930 1066; x_wconf 90' lang='lat' dir='ltr'><strong>de</strong></span> 
     </span>
     <span class='ocr_line' id='line_1_4' title="bbox 506 1085 1929 1223; baseline 0.001 -29"><span class='ocrx_word' id='word_1_29' title='bbox 506 1116 686 1198; x_wconf 89' lang='lat' dir='ltr'><strong>mandato</strong></span> <span class='ocrx_word' id='word_1_30' title='bbox 714 1117 816 1194; x_wconf 89' lang='lat' dir='ltr'><strong>curie</strong></span> <span class='ocrx_word' id='word_1_31' title='bbox 840 1085 1104 1206; x_wconf 72' lang='lat' dir='ltr'><strong>nostrelacta,</strong></span> <span class='ocrx_word' id='word_1_32' title='bbox 1131 1115 1220 1221; x_wconf 92' lang='lat' dir='ltr'><strong>quia</strong></span> <span class='ocrx_word' id='word_1_33' title='bbox 1241 1115 1436 1192; x_wconf 89' lang='lat' dir='ltr'><strong>inventum</strong></span> <span class='ocrx_word' id='word_1_34' title='bbox 1464 1133 1521 1194; x_wconf 89' lang='lat' dir='ltr'><strong>est</strong></span> <span class='ocrx_word' id='word_1_35' title='bbox 1541 1115 1772 1194; x_wconf 89' lang='lat' dir='ltr'><strong>sufficienter</strong></span> <span class='ocrx_word' id='word_1_36' title='bbox 1797 1119 1929 1223; x_wconf 91' lang='lat' dir='ltr'><strong>proba-</strong></span> 
     </span>
     <span class='ocr_line' id='line_1_5' title="bbox 504 1245 1928 1352; baseline 0 -26"><span class='ocrx_word' id='word_1_37' title='bbox 504 1267 587 1327; x_wconf 88' lang='lat' dir='ltr'><strong>tum</strong></span> <span class='ocrx_word' id='word_1_38' title='bbox 608 1250 750 1327; x_wconf 89' lang='lat' dir='ltr'><strong>dictum</strong></span> <span class='ocrx_word' id='word_1_39' title='bbox 770 1248 948 1334; x_wconf 90' lang='lat' dir='ltr'><strong>boscum,</strong></span> <span class='ocrx_word' id='word_1_40' title='bbox 969 1262 1141 1324; x_wconf 88' lang='lat' dir='ltr'><strong>vocatum</strong></span> <span class='ocrx_word' id='word_1_41' title='bbox 1159 1246 1208 1324; x_wconf 89' lang='lat' dir='ltr'><strong>de</strong></span> <span class='ocrx_word' id='word_1_42' title='bbox 1228 1245 1369 1337; x_wconf 83' lang='lat' dir='ltr'><strong>Fossis,</strong></span> <span class='ocrx_word' id='word_1_43' title='bbox 1392 1273 1473 1324; x_wconf 89' lang='lat' dir='ltr'><strong>esse</strong></span> <span class='ocrx_word' id='word_1_44' title='bbox 1496 1250 1691 1352; x_wconf 90' lang='lat' dir='ltr'><strong>proprium</strong></span> <span class='ocrx_word' id='word_1_45' title='bbox 1712 1247 1928 1327; x_wconf 90' lang='lat' dir='ltr'><strong>domanium</strong></span> 
     </span>
     <span class='ocr_line' id='line_1_6' title="bbox 505 1375 1929 1487; baseline 0 -29"><span class='ocrx_word' id='word_1_46' title='bbox 505 1381 595 1458; x_wconf 89' lang='lat' dir='ltr'><strong>dieti</strong></span> <span class='ocrx_word' id='word_1_47' title='bbox 623 1378 807 1487; x_wconf 84' lang='lat' dir='ltr'><strong>episcopi,</strong></span> <span class='ocrx_word' id='word_1_48' title='bbox 837 1395 876 1455; x_wconf 93' lang='lat' dir='ltr'><strong>et</strong></span> <span class='ocrx_word' id='word_1_49' title='bbox 899 1405 988 1454; x_wconf 90' lang='lat' dir='ltr'><strong>eum</strong></span> <span class='ocrx_word' id='word_1_50' title='bbox 1012 1376 1158 1454; x_wconf 84' lang='lat' dir='ltr'><strong>ibidem</strong></span> <span class='ocrx_word' id='word_1_51' title='bbox 1183 1375 1323 1454; x_wconf 90' lang='lat' dir='ltr'><strong>habere</strong></span> <span class='ocrx_word' id='word_1_52' title='bbox 1342 1375 1549 1484; x_wconf 78' lang='lat' dir='ltr'><strong>justiciam,</strong></span> <span class='ocrx_word' id='word_1_53' title='bbox 1572 1405 1643 1455; x_wconf 90' lang='lat' dir='ltr'><strong>nec</strong></span> <span class='ocrx_word' id='word_1_54' title='bbox 1662 1395 1718 1456; x_wconf 82' lang='lat' dir='ltr'><strong>est</strong></span> <span class='ocrx_word' id='word_1_55' title='bbox 1736 1378 1929 1458; x_wconf 88' lang='lat' dir='ltr'><strong>inventum</strong></span> 
     </span>
     <span class='ocr_line' id='line_1_7' title="bbox 505 1505 1931 1617; baseline -0.001 -29"><span class='ocrx_word' id='word_1_56' title='bbox 505 1512 649 1589; x_wconf 87' lang='lat' dir='ltr'><strong>dictum</strong></span> <span class='ocrx_word' id='word_1_57' title='bbox 667 1508 866 1588; x_wconf 82' lang='lat' dir='ltr'><strong>Ansellum</strong></span> <span class='ocrx_word' id='word_1_58' title='bbox 890 1507 931 1583; x_wconf 90' lang='lat' dir='ltr'><strong>in</strong></span> <span class='ocrx_word' id='word_1_59' title='bbox 952 1506 1053 1584; x_wconf 89' lang='lat' dir='ltr'><strong>dicto</strong></span> <span class='ocrx_word' id='word_1_60' title='bbox 1074 1505 1190 1584; x_wconf 89' lang='lat' dir='ltr'><strong>bosco</strong></span> <span class='ocrx_word' id='word_1_61' title='bbox 1210 1506 1350 1585; x_wconf 89' lang='lat' dir='ltr'><strong>habere</strong></span> <span class='ocrx_word' id='word_1_62' title='bbox 1369 1507 1523 1617; x_wconf 81' lang='lat' dir='ltr'><strong>gardam</strong></span> <span class='ocrx_word' id='word_1_63' title='bbox 1542 1535 1722 1615; x_wconf 81' lang='lat' dir='ltr'><strong>garenna,</strong></span> <span class='ocrx_word' id='word_1_64' title='bbox 1743 1537 1812 1586; x_wconf 87' lang='lat' dir='ltr'><strong>nec</strong></span> <span class='ocrx_word' id='word_1_65' title='bbox 1825 1510 1931 1617; x_wconf 86' lang='lat' dir='ltr'><strong>justi-</strong></span> 
     </span>
     <span class='ocr_line' id='line_1_8' title="bbox 505 1639 1931 1750; baseline -0.002 -29"><span class='ocrx_word' id='word_1_66' title='bbox 505 1645 598 1722; x_wconf 87' lang='lat' dir='ltr'><strong>ciam</strong></span> <span class='ocrx_word' id='word_1_67' title='bbox 620 1641 666 1720; x_wconf 92' lang='lat' dir='ltr'><strong>ad</strong></span> <span class='ocrx_word' id='word_1_68' title='bbox 683 1643 835 1750; x_wconf 83' lang='lat' dir='ltr'><strong>gardam</strong></span> <span class='ocrx_word' id='word_1_69' title='bbox 851 1668 1015 1748; x_wconf 91' lang='lat' dir='ltr'><strong>garenne</strong></span> <span class='ocrx_word' id='word_1_70' title='bbox 1035 1639 1310 1745; x_wconf 74' lang='lat' dir='ltr'><strong>pertinentem,</strong></span> <span class='ocrx_word' id='word_1_71' title='bbox 1327 1641 1618 1745; x_wconf 85' lang='lat' dir='ltr'><strong>pronunciatum</strong></span> <span class='ocrx_word' id='word_1_72' title='bbox 1638 1641 1727 1732; x_wconf 87' lang='lat' dir='ltr'><strong>snit,</strong></span> <span class='ocrx_word' id='word_1_73' title='bbox 1749 1670 1817 1748; x_wconf 91' lang='lat' dir='ltr'><strong>per</strong></span> <span class='ocrx_word' id='word_1_74' title='bbox 1832 1643 1931 1720; x_wconf 89' lang='lat' dir='ltr'><strong>curie</strong></span> 
     </span>
     <span class='ocr_line' id='line_1_9' title="bbox 507 1771 1931 1882; baseline 0 -31"><span class='ocrx_word' id='word_1_75' title='bbox 507 1793 634 1853; x_wconf 90' lang='lat' dir='ltr'><strong>nostre</strong></span> <span class='ocrx_word' id='word_1_76' title='bbox 644 1773 850 1882; x_wconf 87' lang='lat' dir='ltr'><strong>judicium,</strong></span> <span class='ocrx_word' id='word_1_77' title='bbox 871 1800 1025 1848; x_wconf 89' lang='lat' dir='ltr'><strong>manum</strong></span> <span class='ocrx_word' id='word_1_78' title='bbox 1049 1787 1216 1848; x_wconf 88' lang='lat' dir='ltr'><strong>nostram</strong></span> <span class='ocrx_word' id='word_1_79' title='bbox 1240 1771 1277 1846; x_wconf 93' lang='lat' dir='ltr'><strong>in</strong></span> <span class='ocrx_word' id='word_1_80' title='bbox 1301 1771 1479 1878; x_wconf 86' lang='lat' dir='ltr'><strong>predictis</strong></span> <span class='ocrx_word' id='word_1_81' title='bbox 1499 1771 1621 1879; x_wconf 87' lang='lat' dir='ltr'><strong>prisiis</strong></span> <span class='ocrx_word' id='word_1_82' title='bbox 1641 1773 1849 1879; x_wconf 87' lang='lat' dir='ltr'><strong>appositam</strong></span> <span class='ocrx_word' id='word_1_83' title='bbox 1868 1774 1931 1851; x_wconf 91' lang='lat' dir='ltr'><strong>de-</strong></span> 
     </span>
     <span class='ocr_line' id='line_1_10' title="bbox 505 1901 1928 2012; baseline -0.002 -29"><span class='ocrx_word' id='word_1_84' title='bbox 505 1906 597 1983; x_wconf 93' lang='lat' dir='ltr'><strong>bere</strong></span> <span class='ocrx_word' id='word_1_85' title='bbox 615 1904 797 1994; x_wconf 84' lang='lat' dir='ltr'><strong>amoveri,</strong></span> <span class='ocrx_word' id='word_1_86' title='bbox 814 1920 852 1979; x_wconf 90' lang='lat' dir='ltr'><strong>et</strong></span> <span class='ocrx_word' id='word_1_87' title='bbox 870 1901 1010 1979; x_wconf 92' lang='lat' dir='ltr'><strong>debere</strong></span> <span class='ocrx_word' id='word_1_88' title='bbox 1027 1902 1128 1980; x_wconf 91' lang='lat' dir='ltr'><strong>dicto</strong></span> <span class='ocrx_word' id='word_1_89' title='bbox 1146 1901 1322 2008; x_wconf 90' lang='lat' dir='ltr'><strong>episeopo</strong></span> <span class='ocrx_word' id='word_1_90' title='bbox 1338 1902 1447 1980; x_wconf 87' lang='lat' dir='ltr'><strong>reddi</strong></span> <span class='ocrx_word' id='word_1_91' title='bbox 1467 1902 1557 1981; x_wconf 89' lang='lat' dir='ltr'><strong>etin</strong></span> <span class='ocrx_word' id='word_1_92' title='bbox 1576 1931 1689 1981; x_wconf 89' lang='lat' dir='ltr'><strong>manu</strong></span> <span class='ocrx_word' id='word_1_93' title='bbox 1703 1932 1770 1982; x_wconf 91' lang='lat' dir='ltr'><strong>sua</strong></span> <span class='ocrx_word' id='word_1_94' title='bbox 1781 1907 1928 2012; x_wconf 91' lang='lat' dir='ltr'><strong>reponi,</strong></span> 
     </span>
     <span class='ocr_line' id='line_1_11' title="bbox 506 2033 1931 2146; baseline 0.001 -32"><span class='ocrx_word' id='word_1_95' title='bbox 506 2055 699 2146; x_wconf 89' lang='lat' dir='ltr'><strong>tamquam</strong></span> <span class='ocrx_word' id='word_1_96' title='bbox 718 2037 757 2112; x_wconf 93' lang='lat' dir='ltr'><strong>in</strong></span> <span class='ocrx_word' id='word_1_97' title='bbox 784 2062 900 2112; x_wconf 89' lang='lat' dir='ltr'><strong>manu</strong></span> <span class='ocrx_word' id='word_1_98' title='bbox 916 2033 1067 2141; x_wconf 86' lang='lat' dir='ltr'><strong>justicie</strong></span> <span class='ocrx_word' id='word_1_99' title='bbox 1087 2033 1178 2110; x_wconf 88' lang='lat' dir='ltr'><strong>dicti</strong></span> <span class='ocrx_word' id='word_1_100' title='bbox 1199 2033 1294 2122; x_wconf 84' lang='lat' dir='ltr'><strong>loci;</strong></span> <span class='ocrx_word' id='word_1_101' title='bbox 1314 2034 1421 2122; x_wconf 88' lang='lat' dir='ltr'><strong>item,</strong></span> <span class='ocrx_word' id='word_1_102' title='bbox 1444 2034 1532 2141; x_wconf 92' lang='lat' dir='ltr'><strong>quia</strong></span> <span class='ocrx_word' id='word_1_103' title='bbox 1548 2035 1744 2113; x_wconf 88' lang='lat' dir='ltr'><strong>inventum</strong></span> <span class='ocrx_word' id='word_1_104' title='bbox 1760 2053 1817 2114; x_wconf 88' lang='lat' dir='ltr'><strong>est</strong></span> <span class='ocrx_word' id='word_1_105' title='bbox 1831 2037 1931 2114; x_wconf 89' lang='lat' dir='ltr'><strong>sulli-</strong></span> 
     </span>
     <span class='ocr_line' id='line_1_12' title="bbox 507 2162 1933 2276; baseline 0 -31"><span class='ocrx_word' id='word_1_106' title='bbox 507 2170 651 2246; x_wconf 87' lang='lat' dir='ltr'><strong>cienter</strong></span> <span class='ocrx_word' id='word_1_107' title='bbox 662 2167 865 2276; x_wconf 90' lang='lat' dir='ltr'><strong>probatum</strong></span> <span class='ocrx_word' id='word_1_108' title='bbox 881 2165 1069 2272; x_wconf 89' lang='lat' dir='ltr'><strong>predictos</strong></span> <span class='ocrx_word' id='word_1_109' title='bbox 1086 2164 1302 2270; x_wconf 90' lang='lat' dir='ltr'><strong>episcopum</strong></span> <span class='ocrx_word' id='word_1_110' title='bbox 1322 2181 1360 2241; x_wconf 89' lang='lat' dir='ltr'><strong>et</strong></span> <span class='ocrx_word' id='word_1_111' title='bbox 1373 2162 1587 2254; x_wconf 89' lang='lat' dir='ltr'><strong>Ansellum,</strong></span> <span class='ocrx_word' id='word_1_112' title='bbox 1607 2191 1674 2272; x_wconf 86' lang='lat' dir='ltr'><strong>per</strong></span> <span class='ocrx_word' id='word_1_113' title='bbox 1692 2193 1733 2242; x_wconf 87' lang='lat' dir='ltr'><strong>se</strong></span> <span class='ocrx_word' id='word_1_114' title='bbox 1749 2183 1788 2244; x_wconf 88' lang='lat' dir='ltr'><strong>et</strong></span> <span class='ocrx_word' id='word_1_115' title='bbox 1801 2168 1933 2273; x_wconf 88' lang='lat' dir='ltr'><strong>prede·</strong></span> 
     </span>
     <span class='ocr_line' id='line_1_13' title="bbox 507 2294 1931 2402; baseline 0 -26"><span class='ocrx_word' id='word_1_116' title='bbox 507 2327 672 2378; x_wconf 85' lang='lat' dir='ltr'><strong>cessores</strong></span> <span class='ocrx_word' id='word_1_117' title='bbox 692 2327 796 2387; x_wconf 89' lang='lat' dir='ltr'><strong>snos,</strong></span> <span class='ocrx_word' id='word_1_118' title='bbox 817 2325 896 2375; x_wconf 88' lang='lat' dir='ltr'><strong>esse</strong></span> <span class='ocrx_word' id='word_1_119' title='bbox 915 2313 953 2374; x_wconf 87' lang='lat' dir='ltr'><strong>et</strong></span> <span class='ocrx_word' id='word_1_120' title='bbox 965 2294 1079 2374; x_wconf 83' lang='lat' dir='ltr'><strong>luisse</strong></span> <span class='ocrx_word' id='word_1_121' title='bbox 1094 2295 1135 2372; x_wconf 92' lang='lat' dir='ltr'><strong>in</strong></span> <span class='ocrx_word' id='word_1_122' title='bbox 1154 2295 1288 2374; x_wconf 90' lang='lat' dir='ltr'><strong>saisina</strong></span> <span class='ocrx_word' id='word_1_123' title='bbox 1305 2295 1498 2373; x_wconf 89' lang='lat' dir='ltr'><strong>chaciandi</strong></span> <span class='ocrx_word' id='word_1_124' title='bbox 1517 2296 1556 2372; x_wconf 92' lang='lat' dir='ltr'><strong>in</strong></span> <span class='ocrx_word' id='word_1_125' title='bbox 1571 2295 1740 2402; x_wconf 90' lang='lat' dir='ltr'><strong>predicto</strong></span> <span class='ocrx_word' id='word_1_126' title='bbox 1754 2295 1870 2376; x_wconf 93' lang='lat' dir='ltr'><strong>bosco</strong></span> <span class='ocrx_word' id='word_1_127' title='bbox 1886 2299 1931 2376; x_wconf 89' lang='lat' dir='ltr'><strong>ad</strong></span> 
     </span>
     <span class='ocr_line' id='line_1_14' title="bbox 506 2425 1930 2538; baseline -0.004 -28"><span class='ocrx_word' id='word_1_128' title='bbox 506 2461 651 2538; x_wconf 87' lang='lat' dir='ltr'><strong>grossas</strong></span> <span class='ocrx_word' id='word_1_129' title='bbox 674 2430 829 2522; x_wconf 89' lang='lat' dir='ltr'><strong>bestias,</strong></span> <span class='ocrx_word' id='word_1_130' title='bbox 856 2427 1146 2535; x_wconf 86' lang='lat' dir='ltr'><strong>pronunciatum</strong></span> <span class='ocrx_word' id='word_1_131' title='bbox 1173 2425 1245 2502; x_wconf 85' lang='lat' dir='ltr'><strong>luit</strong></span> <span class='ocrx_word' id='word_1_132' title='bbox 1264 2453 1329 2504; x_wconf 91' lang='lat' dir='ltr'><strong>eos</strong></span> <span class='ocrx_word' id='word_1_133' title='bbox 1347 2454 1543 2504; x_wconf 88' lang='lat' dir='ltr'><strong>remanere</strong></span> <span class='ocrx_word' id='word_1_134' title='bbox 1569 2425 1709 2504; x_wconf 88' lang='lat' dir='ltr'><strong>debere</strong></span> <span class='ocrx_word' id='word_1_135' title='bbox 1733 2426 1772 2504; x_wconf 90' lang='lat' dir='ltr'><strong>in</strong></span> <span class='ocrx_word' id='word_1_136' title='bbox 1799 2428 1930 2506; x_wconf 89' lang='lat' dir='ltr'><strong>saisina</strong></span> 
     </span>
     <span class='ocr_line' id='line_1_15' title="bbox 507 2557 1930 2665; baseline -0.001 -25"><span class='ocrx_word' id='word_1_137' title='bbox 507 2562 700 2658; x_wconf 82' lang='lat' dir='ltr'><strong>chaciandi</strong></span> <span class='ocrx_word' id='word_1_138' title='bbox 724 2561 885 2650; x_wconf 89' lang='lat' dir='ltr'><strong>ibidem,</strong></span> <span class='ocrx_word' id='word_1_139' title='bbox 909 2575 1022 2664; x_wconf 90' lang='lat' dir='ltr'><strong>prout</strong></span> <span class='ocrx_word' id='word_1_140' title='bbox 1042 2557 1113 2665; x_wconf 91' lang='lat' dir='ltr'><strong>ipsi</strong></span> <span class='ocrx_word' id='word_1_141' title='bbox 1133 2557 1316 2636; x_wconf 91' lang='lat' dir='ltr'><strong>hactenus</strong></span> <span class='ocrx_word' id='word_1_142' title='bbox 1334 2558 1501 2636; x_wconf 86' lang='lat' dir='ltr'><strong>chaciare</strong></span> <span class='ocrx_word' id='word_1_143' title='bbox 1521 2576 1812 2650; x_wconf 87' lang='lat' dir='ltr'><strong>consueverunt,</strong></span> <span class='ocrx_word' id='word_1_144' title='bbox 1834 2559 1930 2638; x_wconf 89' lang='lat' dir='ltr'><strong>salvo</strong></span> 
     </span>
     <span class='ocr_line' id='line_1_16' title="bbox 501 2691 1790 2802; baseline -0.002 -30"><span class='ocrx_word' id='word_1_145' title='bbox 501 2696 590 2802; x_wconf 83' lang='lat' dir='ltr'><strong>jure</strong></span> <span class='ocrx_word' id='word_1_146' title='bbox 607 2694 845 2800; x_wconf 85' lang='lat' dir='ltr'><strong>proprietatis</strong></span> <span class='ocrx_word' id='word_1_147' title='bbox 867 2694 1020 2797; x_wconf 88' lang='lat' dir='ltr'><strong>utrique</strong></span> <span class='ocrx_word' id='word_1_148' title='bbox 1040 2691 1136 2798; x_wconf 87' lang='lat' dir='ltr'><strong>parti</strong></span> <span class='ocrx_word' id='word_1_149' title='bbox 1158 2691 1196 2766; x_wconf 93' lang='lat' dir='ltr'><strong>in</strong></span> <span class='ocrx_word' id='word_1_150' title='bbox 1216 2719 1379 2798; x_wconf 85' lang='lat' dir='ltr'><strong>garenna</strong></span> <span class='ocrx_word' id='word_1_151' title='bbox 1399 2709 1437 2769; x_wconf 86' lang='lat' dir='ltr'><strong>et</strong></span> <span class='ocrx_word' id='word_1_152' title='bbox 1456 2693 1581 2770; x_wconf 88' lang='lat' dir='ltr'><strong>ebacia</strong></span> <span class='ocrx_word' id='word_1_153' title='bbox 1601 2694 1790 2800; x_wconf 89' lang='lat' dir='ltr'><strong>predictis.</strong></span> 
     </span>
     <span class='ocr_line' id='line_1_17' title="bbox 564 2823 873 2930; baseline -0.006 -28"><span class='ocrx_word' id='word_1_154' title='bbox 564 2828 673 2902; x_wconf 86' lang='lat' dir='ltr'><strong>Luna</strong></span> <span class='ocrx_word' id='word_1_155' title='bbox 693 2823 873 2930; x_wconf 88' lang='lat' dir='ltr'><strong>predicta.</strong></span> 
     </span>
     <span class='ocr_line' id='line_1_18' title="bbox 565 2953 1093 3062; baseline -0.004 -30"><span class='ocrx_word' id='word_1_156' title='bbox 565 2957 616 3032; x_wconf 90' lang='lat' dir='ltr'><strong>M.</strong></span> <span class='ocrx_word' id='word_1_157' title='bbox 637 2954 862 3062; x_wconf 87' lang='lat' dir='ltr'><strong>Pasquerius</strong></span> <span class='ocrx_word' id='word_1_158' title='bbox 879 2953 1093 3060; x_wconf 84' lang='lat' dir='ltr'><strong>reportavit.</strong></span> 
     </span>
    </p>
   </div>
   <div class='ocr_carea' id='block_1_3' title="bbox 508 3211 1937 5159">
    <p class='ocr_par' dir='ltr' id='par_1_3' title="bbox 508 3211 1937 5159">
     <span class='ocr_line' id='line_1_19' title="bbox 565 3211 1933 3328; baseline 0.002 -30"><span class='ocrx_word' id='word_1_159' title='bbox 565 3222 674 3326; x_wconf 84' lang='lat' dir='ltr'><strong>XLll.</strong></span> <span class='ocrx_word' id='word_1_160' title='bbox 704 3211 802 3299; x_wconf 80' lang='lat' dir='ltr'><strong>Cum</strong></span> <span class='ocrx_word' id='word_1_161' title='bbox 822 3217 1125 3326; x_wconf 87' lang='lat' dir='ltr'><strong>archiepiscopus</strong></span> <span class='ocrx_word' id='word_1_162' title='bbox 1139 3219 1367 3298; x_wconf 88' lang='lat' dir='ltr'><strong>Senonensis</strong></span> <span class='ocrx_word' id='word_1_163' title='bbox 1383 3221 1655 3328; x_wconf 85' lang='lat' dir='ltr'><strong>proposuisset,</strong></span> <span class='ocrx_word' id='word_1_164' title='bbox 1674 3223 1713 3300; x_wconf 88' lang='lat' dir='ltr'><strong>in</strong></span> <span class='ocrx_word' id='word_1_165' title='bbox 1729 3224 1833 3302; x_wconf 90' lang='lat' dir='ltr'><strong>curia</strong></span> <span class='ocrx_word' id='word_1_166' title='bbox 1847 3253 1933 3304; x_wconf 91' lang='lat' dir='ltr'><strong>nos·</strong></span> 
     </span>
     <span class='ocr_line' id='line_1_20' title="bbox 508 3349 1933 3463; baseline 0.003 -32"><span class='ocrx_word' id='word_1_167' title='bbox 508 3372 580 3443; x_wconf 89' lang='lat' dir='ltr'><strong>tra,</strong></span> <span class='ocrx_word' id='word_1_168' title='bbox 597 3369 727 3430; x_wconf 90' lang='lat' dir='ltr'><strong>contra</strong></span> <span class='ocrx_word' id='word_1_169' title='bbox 745 3349 927 3428; x_wconf 86' lang='lat' dir='ltr'><strong>ballivum</strong></span> <span class='ocrx_word' id='word_1_170' title='bbox 947 3367 1121 3427; x_wconf 87' lang='lat' dir='ltr'><strong>nostrum</strong></span> <span class='ocrx_word' id='word_1_171' title='bbox 1141 3350 1413 3440; x_wconf 76' lang='lat' dir='ltr'><strong>senonensem,</strong></span> <span class='ocrx_word' id='word_1_172' title='bbox 1430 3353 1536 3461; x_wconf 94' lang='lat' dir='ltr'><strong>quod</strong></span> <span class='ocrx_word' id='word_1_173' title='bbox 1555 3353 1635 3459; x_wconf 89' lang='lat' dir='ltr'><strong>ipse</strong></span> <span class='ocrx_word' id='word_1_174' title='bbox 1651 3352 1810 3434; x_wconf 85' lang='lat' dir='ltr'><strong>ballivus</strong></span> <span class='ocrx_word' id='word_1_175' title='bbox 1826 3383 1933 3463; x_wconf 83' lang='lat' dir='ltr'><strong>quas-</strong></span> 
     </span>
     <span class='ocr_line' id='line_1_21' title="bbox 509 3480 1934 3590; baseline 0.001 -26"><span class='ocrx_word' id='word_1_176' title='bbox 509 3485 597 3564; x_wconf 84' lang='lat' dir='ltr'><strong>dam</strong></span> <span class='ocrx_word' id='word_1_177' title='bbox 617 3483 816 3590; x_wconf 87' lang='lat' dir='ltr'><strong>surprisias</strong></span> <span class='ocrx_word' id='word_1_178' title='bbox 835 3499 873 3558; x_wconf 92' lang='lat' dir='ltr'><strong>et</strong></span> <span class='ocrx_word' id='word_1_179' title='bbox 892 3481 1075 3560; x_wconf 84' lang='lat' dir='ltr'><strong>novitates</strong></span> <span class='ocrx_word' id='word_1_180' title='bbox 1093 3480 1282 3560; x_wconf 87' lang='lat' dir='ltr'><strong>indebitas</strong></span> <span class='ocrx_word' id='word_1_181' title='bbox 1300 3481 1439 3560; x_wconf 86' lang='lat' dir='ltr'><strong>lecerat</strong></span> <span class='ocrx_word' id='word_1_182' title='bbox 1462 3483 1501 3560; x_wconf 91' lang='lat' dir='ltr'><strong>in</strong></span> <span class='ocrx_word' id='word_1_183' title='bbox 1523 3484 1618 3562; x_wconf 89' lang='lat' dir='ltr'><strong>atrio</strong></span> <span class='ocrx_word' id='word_1_184' title='bbox 1639 3484 1794 3563; x_wconf 90' lang='lat' dir='ltr'><strong>ecclesie</strong></span> <span class='ocrx_word' id='word_1_185' title='bbox 1814 3487 1934 3564; x_wconf 87' lang='lat' dir='ltr'><strong>Seno·</strong></span> 
     </span>
     <span class='ocr_line' id='line_1_22' title="bbox 508 3612 1934 3720; baseline 0.003 -27"><span class='ocrx_word' id='word_1_186' title='bbox 508 3617 649 3707; x_wconf 86' lang='lat' dir='ltr'><strong>nensis,</strong></span> <span class='ocrx_word' id='word_1_187' title='bbox 672 3632 800 3693; x_wconf 88' lang='lat' dir='ltr'><strong>contra</strong></span> <span class='ocrx_word' id='word_1_188' title='bbox 819 3613 936 3720; x_wconf 88' lang='lat' dir='ltr'><strong>ipsius</strong></span> <span class='ocrx_word' id='word_1_189' title='bbox 955 3613 1038 3690; x_wconf 90' lang='lat' dir='ltr'><strong>atrii</strong></span> <span class='ocrx_word' id='word_1_190' title='bbox 1057 3612 1272 3690; x_wconf 88' lang='lat' dir='ltr'><strong>libertatem</strong></span> <span class='ocrx_word' id='word_1_191' title='bbox 1298 3632 1337 3693; x_wconf 93' lang='lat' dir='ltr'><strong>et</strong></span> <span class='ocrx_word' id='word_1_192' title='bbox 1359 3615 1638 3694; x_wconf 88' lang='lat' dir='ltr'><strong>immunitatem</strong></span> <span class='ocrx_word' id='word_1_193' title='bbox 1660 3615 1758 3694; x_wconf 87' lang='lat' dir='ltr'><strong>dicte</strong></span> <span class='ocrx_word' id='word_1_194' title='bbox 1778 3618 1934 3697; x_wconf 89' lang='lat' dir='ltr'><strong>ecclesie</strong></span> 
     </span>
     <span class='ocr_line' id='line_1_23' title="bbox 509 3743 1935 3862; baseline 0.001 -39"><span class='ocrx_word' id='word_1_195' title='bbox 509 3746 756 3835; x_wconf 88' lang='lat' dir='ltr'><strong>Senonensis,</strong></span> <span class='ocrx_word' id='word_1_196' title='bbox 779 3743 962 3850; x_wconf 87' lang='lat' dir='ltr'><strong>capiendo</strong></span> <span class='ocrx_word' id='word_1_197' title='bbox 982 3744 1022 3820; x_wconf 90' lang='lat' dir='ltr'><strong>in</strong></span> <span class='ocrx_word' id='word_1_198' title='bbox 1041 3744 1137 3821; x_wconf 90' lang='lat' dir='ltr'><strong>atrio</strong></span> <span class='ocrx_word' id='word_1_199' title='bbox 1157 3744 1373 3850; x_wconf 89' lang='lat' dir='ltr'><strong>supradicto</strong></span> <span class='ocrx_word' id='word_1_200' title='bbox 1392 3747 1597 3853; x_wconf 87' lang='lat' dir='ltr'><strong>quemdam</strong></span> <span class='ocrx_word' id='word_1_201' title='bbox 1617 3746 1865 3862; x_wconf 71' lang='lat' dir='ltr'><strong>homicidam,</strong></span> <span class='ocrx_word' id='word_1_202' title='bbox 1886 3750 1935 3825; x_wconf 91' lang='lat' dir='ltr'><strong>vi-</strong></span> 
     </span>
     <span class='ocr_line' id='line_1_24' title="bbox 511 3873 1935 3984; baseline 0.006 -34"><span class='ocrx_word' id='word_1_203' title='bbox 511 3874 649 3952; x_wconf 91' lang='lat' dir='ltr'><strong>delicet</strong></span> <span class='ocrx_word' id='word_1_204' title='bbox 665 3873 935 3965; x_wconf 89' lang='lat' dir='ltr'><strong>Guillelmum,</strong></span> <span class='ocrx_word' id='word_1_205' title='bbox 952 3873 1274 3968; x_wconf 87' lang='lat' dir='ltr'><strong>barbitonsorem,</strong></span> <span class='ocrx_word' id='word_1_206' title='bbox 1289 3876 1357 3984; x_wconf 89' lang='lat' dir='ltr'><strong>qui</strong></span> <span class='ocrx_word' id='word_1_207' title='bbox 1370 3877 1418 3954; x_wconf 92' lang='lat' dir='ltr'><strong>ad</strong></span> <span class='ocrx_word' id='word_1_208' title='bbox 1436 3876 1650 3956; x_wconf 85' lang='lat' dir='ltr'><strong>libertatem</strong></span> <span class='ocrx_word' id='word_1_209' title='bbox 1669 3897 1707 3956; x_wconf 91' lang='lat' dir='ltr'><strong>et</strong></span> <span class='ocrx_word' id='word_1_210' title='bbox 1720 3879 1935 3959; x_wconf 91' lang='lat' dir='ltr'><strong>immunita-</strong></span> 
     </span>
     <span class='ocr_line' id='line_1_25' title="bbox 510 4002 1933 4114; baseline 0.004 -33"><span class='ocrx_word' id='word_1_211' title='bbox 510 4023 588 4082; x_wconf 89' lang='lat' dir='ltr'><strong>tem</strong></span> <span class='ocrx_word' id='word_1_212' title='bbox 609 4004 698 4081; x_wconf 89' lang='lat' dir='ltr'><strong>dicti</strong></span> <span class='ocrx_word' id='word_1_213' title='bbox 719 4005 803 4081; x_wconf 90' lang='lat' dir='ltr'><strong>atrii</strong></span> <span class='ocrx_word' id='word_1_214' title='bbox 827 4002 1065 4112; x_wconf 81' lang='lat' dir='ltr'><strong>confugerat,</strong></span> <span class='ocrx_word' id='word_1_215' title='bbox 1088 4022 1133 4082; x_wconf 90' lang='lat' dir='ltr'><strong>ut</strong></span> <span class='ocrx_word' id='word_1_216' title='bbox 1155 4003 1319 4096; x_wconf 89' lang='lat' dir='ltr'><strong>dicebat,</strong></span> <span class='ocrx_word' id='word_1_217' title='bbox 1344 4034 1386 4082; x_wconf 92' lang='lat' dir='ltr'><strong>ac</strong></span> <span class='ocrx_word' id='word_1_218' title='bbox 1406 4005 1579 4084; x_wconf 83' lang='lat' dir='ltr'><strong>saciando</strong></span> <span class='ocrx_word' id='word_1_219' title='bbox 1603 4005 1746 4084; x_wconf 89' lang='lat' dir='ltr'><strong>ibidem</strong></span> <span class='ocrx_word' id='word_1_220' title='bbox 1770 4009 1933 4114; x_wconf 86' lang='lat' dir='ltr'><strong>quedam</strong></span> 
     </span>
     <span class='ocr_line' id='line_1_26' title="bbox 510 4133 1935 4242; baseline 0.003 -30"><span class='ocrx_word' id='word_1_221' title='bbox 510 4135 748 4228; x_wconf 90' lang='lat' dir='ltr'><strong>stacionaria,</strong></span> <span class='ocrx_word' id='word_1_222' title='bbox 768 4135 817 4212; x_wconf 90' lang='lat' dir='ltr'><strong>ad</strong></span> <span class='ocrx_word' id='word_1_223' title='bbox 836 4133 980 4210; x_wconf 88' lang='lat' dir='ltr'><strong>dictum</strong></span> <span class='ocrx_word' id='word_1_224' title='bbox 999 4133 1341 4242; x_wconf 88' lang='lat' dir='ltr'><strong>archiepiscopum,</strong></span> <span class='ocrx_word' id='word_1_225' title='bbox 1364 4154 1407 4214; x_wconf 89' lang='lat' dir='ltr'><strong>ut</strong></span> <span class='ocrx_word' id='word_1_226' title='bbox 1429 4136 1579 4224; x_wconf 90' lang='lat' dir='ltr'><strong>dicitur,</strong></span> <span class='ocrx_word' id='word_1_227' title='bbox 1600 4136 1756 4214; x_wconf 86' lang='lat' dir='ltr'><strong>nomine</strong></span> <span class='ocrx_word' id='word_1_228' title='bbox 1781 4141 1935 4218; x_wconf 89' lang='lat' dir='ltr'><strong>ecclesie</strong></span> 
     </span>
     <span class='ocr_line' id='line_1_27' title="bbox 509 4266 1935 4376; baseline 0.001 -32"><span class='ocrx_word' id='word_1_229' title='bbox 509 4267 720 4375; x_wconf 88' lang='lat' dir='ltr'><strong>supradicta</strong></span> <span class='ocrx_word' id='word_1_230' title='bbox 736 4266 983 4373; x_wconf 89' lang='lat' dir='ltr'><strong>pertinencia,</strong></span> <span class='ocrx_word' id='word_1_231' title='bbox 998 4266 1181 4373; x_wconf 74' lang='lat' dir='ltr'><strong>reparari3</strong></span> <span class='ocrx_word' id='word_1_232' title='bbox 1199 4295 1316 4374; x_wconf 88' lang='lat' dir='ltr'><strong>quare</strong></span> <span class='ocrx_word' id='word_1_233' title='bbox 1335 4267 1488 4373; x_wconf 87' lang='lat' dir='ltr'><strong>petebat</strong></span> <span class='ocrx_word' id='word_1_234' title='bbox 1500 4267 1622 4346; x_wconf 87' lang='lat' dir='ltr'><strong>dictus</strong></span> <span class='ocrx_word' id='word_1_235' title='bbox 1634 4267 1935 4376; x_wconf 88' lang='lat' dir='ltr'><strong>archiepiscopus</strong></span> 
     </span>
     <span class='ocr_line' id='line_1_28' title="bbox 509 4395 1933 4505; baseline 0.001 -31"><span class='ocrx_word' id='word_1_236' title='bbox 509 4397 724 4505; x_wconf 91' lang='lat' dir='ltr'><strong>predictum</strong></span> <span class='ocrx_word' id='word_1_237' title='bbox 752 4395 881 4474; x_wconf 91' lang='lat' dir='ltr'><strong>locum</strong></span> <span class='ocrx_word' id='word_1_238' title='bbox 904 4397 1066 4474; x_wconf 88' lang='lat' dir='ltr'><strong>resaisiri</strong></span> <span class='ocrx_word' id='word_1_239' title='bbox 1091 4397 1139 4474; x_wconf 90' lang='lat' dir='ltr'><strong>de</strong></span> <span class='ocrx_word' id='word_1_240' title='bbox 1166 4397 1266 4474; x_wconf 88' lang='lat' dir='ltr'><strong>dicto</strong></span> <span class='ocrx_word' id='word_1_241' title='bbox 1296 4396 1521 4486; x_wconf 88' lang='lat' dir='ltr'><strong>Guillelmo,</strong></span> <span class='ocrx_word' id='word_1_242' title='bbox 1549 4415 1587 4476; x_wconf 91' lang='lat' dir='ltr'><strong>et</strong></span> <span class='ocrx_word' id='word_1_243' title='bbox 1616 4399 1933 4505; x_wconf 86' lang='lat' dir='ltr'><strong>impedimentrun</strong></span> 
     </span>
     <span class='ocr_line' id='line_1_29' title="bbox 511 4527 1937 4637; baseline 0.003 -33"><span class='ocrx_word' id='word_1_244' title='bbox 511 4556 624 4634; x_wconf 91' lang='lat' dir='ltr'><strong>super</strong></span> <span class='ocrx_word' id='word_1_245' title='bbox 642 4529 716 4604; x_wconf 93' lang='lat' dir='ltr'><strong>boc</strong></span> <span class='ocrx_word' id='word_1_246' title='bbox 732 4528 945 4634; x_wconf 89' lang='lat' dir='ltr'><strong>appositum</strong></span> <span class='ocrx_word' id='word_1_247' title='bbox 963 4556 1032 4635; x_wconf 84' lang='lat' dir='ltr'><strong>per</strong></span> <span class='ocrx_word' id='word_1_248' title='bbox 1052 4528 1195 4605; x_wconf 87' lang='lat' dir='ltr'><strong>dictum</strong></span> <span class='ocrx_word' id='word_1_249' title='bbox 1218 4527 1399 4606; x_wconf 89' lang='lat' dir='ltr'><strong>ballivum</strong></span> <span class='ocrx_word' id='word_1_250' title='bbox 1420 4528 1559 4608; x_wconf 89' lang='lat' dir='ltr'><strong>debere</strong></span> <span class='ocrx_word' id='word_1_251' title='bbox 1582 4529 1764 4622; x_wconf 70' lang='lat' dir='ltr'><strong>amoveri,</strong></span> <span class='ocrx_word' id='word_1_252' title='bbox 1784 4531 1937 4637; x_wconf 82' lang='lat' dir='ltr'><strong>petebat</strong></span> 
     </span>
     <span class='ocr_line' id='line_1_30' title="bbox 513 4656 1935 4768; baseline 0.004 -34"><span class='ocrx_word' id='word_1_253' title='bbox 513 4660 628 4735; x_wconf 92' lang='lat' dir='ltr'><strong>eciam</strong></span> <span class='ocrx_word' id='word_1_254' title='bbox 654 4658 775 4736; x_wconf 90' lang='lat' dir='ltr'><strong>dictus</strong></span> <span class='ocrx_word' id='word_1_255' title='bbox 799 4658 1100 4765; x_wconf 86' lang='lat' dir='ltr'><strong>archiepiscopus</strong></span> <span class='ocrx_word' id='word_1_256' title='bbox 1124 4656 1263 4737; x_wconf 88' lang='lat' dir='ltr'><strong>sactum</strong></span> <span class='ocrx_word' id='word_1_257' title='bbox 1288 4659 1377 4736; x_wconf 89' lang='lat' dir='ltr'><strong>dicti</strong></span> <span class='ocrx_word' id='word_1_258' title='bbox 1401 4658 1541 4752; x_wconf 91' lang='lat' dir='ltr'><strong>ballivi,</strong></span> <span class='ocrx_word' id='word_1_259' title='bbox 1567 4660 1615 4738; x_wconf 88' lang='lat' dir='ltr'><strong>de</strong></span> <span class='ocrx_word' id='word_1_260' title='bbox 1634 4660 1935 4768; x_wconf 87' lang='lat' dir='ltr'><strong>reparacionibus</strong></span> 
     </span>
     <span class='ocr_line' id='line_1_31' title="bbox 513 4789 1934 4899; baseline 0.004 -34"><span class='ocrx_word' id='word_1_261' title='bbox 513 4790 821 4866; x_wconf 87' lang='lat' dir='ltr'><strong>stacionariorum</strong></span> <span class='ocrx_word' id='word_1_262' title='bbox 837 4789 927 4867; x_wconf 92' lang='lat' dir='ltr'><strong>dicti</strong></span> <span class='ocrx_word' id='word_1_263' title='bbox 945 4789 1047 4882; x_wconf 88' lang='lat' dir='ltr'><strong>atrii,</strong></span> <span class='ocrx_word' id='word_1_264' title='bbox 1063 4789 1103 4867; x_wconf 91' lang='lat' dir='ltr'><strong>in</strong></span> <span class='ocrx_word' id='word_1_265' title='bbox 1118 4789 1370 4898; x_wconf 88' lang='lat' dir='ltr'><strong>prejudicium</strong></span> <span class='ocrx_word' id='word_1_266' title='bbox 1389 4791 1479 4869; x_wconf 91' lang='lat' dir='ltr'><strong>dicti</strong></span> <span class='ocrx_word' id='word_1_267' title='bbox 1491 4792 1777 4899; x_wconf 89' lang='lat' dir='ltr'><strong>archiepiscopi,</strong></span> <span class='ocrx_word' id='word_1_268' title='bbox 1792 4792 1934 4870; x_wconf 88' lang='lat' dir='ltr'><strong>debere</strong></span> 
     </span>
     <span class='ocr_line' id='line_1_32' title="bbox 511 4919 1934 5029; baseline 0.004 -34"><span class='ocrx_word' id='word_1_269' title='bbox 511 4920 674 4996; x_wconf 87' lang='lat' dir='ltr'><strong>revocari</strong></span> <span class='ocrx_word' id='word_1_270' title='bbox 700 4935 738 4996; x_wconf 89' lang='lat' dir='ltr'><strong>et</strong></span> <span class='ocrx_word' id='word_1_271' title='bbox 761 4919 940 5012; x_wconf 87' lang='lat' dir='ltr'><strong>anullari,</strong></span> <span class='ocrx_word' id='word_1_272' title='bbox 966 4937 1005 4998; x_wconf 89' lang='lat' dir='ltr'><strong>et</strong></span> <span class='ocrx_word' id='word_1_273' title='bbox 1027 4920 1101 4999; x_wconf 91' lang='lat' dir='ltr'><strong>boc</strong></span> <span class='ocrx_word' id='word_1_274' title='bbox 1126 4920 1317 5000; x_wconf 86' lang='lat' dir='ltr'><strong>adfinem</strong></span> <span class='ocrx_word' id='word_1_275' title='bbox 1338 4921 1473 5000; x_wconf 90' lang='lat' dir='ltr'><strong>saisine</strong></span> <span class='ocrx_word' id='word_1_276' title='bbox 1503 4924 1769 5003; x_wconf 89' lang='lat' dir='ltr'><strong>tautummodo</strong></span> <span class='ocrx_word' id='word_1_277' title='bbox 1795 4950 1934 5029; x_wconf 90' lang='lat' dir='ltr'><strong>propo·</strong></span> 
     </span>
     <span class='ocr_line' id='line_1_33' title="bbox 512 5049 1933 5159; baseline 0.004 -33"><span class='ocrx_word' id='word_1_278' title='bbox 512 5049 659 5140; x_wconf 79' lang='lat' dir='ltr'><strong>nend03</strong></span> <span class='ocrx_word' id='word_1_279' title='bbox 685 5049 855 5156; x_wconf 85' lang='lat' dir='ltr'><strong>predicto</strong></span> <span class='ocrx_word' id='word_1_280' title='bbox 877 5051 1017 5130; x_wconf 88' lang='lat' dir='ltr'><strong>ballivo</strong></span> <span class='ocrx_word' id='word_1_281' title='bbox 1039 5068 1171 5131; x_wconf 87' lang='lat' dir='ltr'><strong>nostro</strong></span> <span class='ocrx_word' id='word_1_282' title='bbox 1193 5051 1232 5130; x_wconf 91' lang='lat' dir='ltr'><strong>iu</strong></span> <span class='ocrx_word' id='word_1_283' title='bbox 1257 5054 1489 5135; x_wconf 87' lang='lat' dir='ltr'><strong>contrarium</strong></span> <span class='ocrx_word' id='word_1_284' title='bbox 1511 5072 1714 5144; x_wconf 89' lang='lat' dir='ltr'><strong>asserente,</strong></span> <span class='ocrx_word' id='word_1_285' title='bbox 1739 5070 1778 5132; x_wconf 93' lang='lat' dir='ltr'><strong>et</strong></span> <span class='ocrx_word' id='word_1_286' title='bbox 1795 5079 1933 5159; x_wconf 89' lang='lat' dir='ltr'><strong>propo-</strong></span> 
     </span>
    </p>
   </div>
   <div class='ocr_carea' id='block_1_4' title="bbox 0 0 2238 6209">
    <p class='ocr_par' dir='ltr' id='par_1_4' title="bbox 0 0 2238 6209">
     <span class='ocr_line' id='line_1_34' title="bbox 0 0 2238 6209; baseline 0 0"><span class='ocrx_word' id='word_1_287' title='bbox 0 0 2238 6209; x_wconf 95' lang='lat' dir='ltr'><strong> </strong></span> 
     </span>
    </p>
   </div>
  </div>
 </body>
</html>
