4450 6209
503 685 576 758 6911
1082 687 1174 760 LES
1202 687 1342 761 OblM.

275 837 405 892 sutrim
418 835 462 898 w,
502 829 600 908 dicte
617 827 827 919 Genovele,
845 827 1011 907 secunda
1020 856 1142 940 prore
1159 830 1316 936 predicti
1337 829 1535 910 Guillelmi
1555 831 1733 923 senioris,
1747 863 1834 913 cum
1848 866 1921 944 qua

337 931 400 972 rm.
502 963 768 1056 Aelidi,matre
780 961 877 1040 dicte
888 960 1079 1042 Genovese
1091 979 1130 1040 et
1138 990 1297 1040 noverca
1307 962 1397 1040 dicti
1407 962 1606 1044 Guillelmi
1611 965 1790 1073 junioris,
1801 969 1921 1048 dictam

501 1094 729 1174 Guillelmns
752 1094 877 1172 senior
896 1094 1184 1172 matrimonium
1204 1095 1403 1186 contraxit,
1430 1113 1517 1204 post
1542 1114 1706 1176 mortem
1725 1098 1825 1178 dicte
1845 1103 1920 1178 llo-

500 1229 665 1320 deardis;
688 1227 785 1304 dicta
805 1255 892 1304 vero
911 1227 1131 1317 Laurencia,
1153 1255 1249 1304 uxor
1267 1227 1357 1304 dicti
1382 1227 1483 1305 Petri
1496 1228 1550 1306 de
1569 1230 1780 1320 Pontiam,
1800 1231 1919 1312 fuerat

498 1359 577 1438 lilia
595 1359 684 1437 dicti
697 1357 894 1438 Guillelmi
909 1358 1072 1467 junioris
1091 1375 1130 1436 et
1148 1360 1261 1437 heres
1277 1359 1413 1466 ipsium
1431 1361 1498 1468 qui
1518 1361 1676 1467 quidem
1692 1360 1918 1442 Guillelmns

492 1492 625 1600 junior
643 1488 881 1569 etGenovela
898 1490 1046 1569 lucrant
1065 1489 1225 1568 heredes
1242 1490 1332 1568 dicti
1353 1489 1520 1568 defuncti
1533 1491 1731 1571 Guillelmi
1745 1495 1915 1584 senioris,

499 1651 573 1701 una
588 1651 676 1700 cum
689 1623 798 1699 Petro
813 1621 1034 1712 Normanni,
1054 1621 1134 1700 lilio
1149 1622 1238 1701 dicti
1254 1622 1451 1702 Guillelmi
1470 1623 1645 1712 senioris,
1662 1643 1859 1730 procreato
1876 1656 1917 1704 ex

497 1755 596 1832 dicta
622 1752 765 1844 Aelidi;
793 1753 859 1860 qui
884 1753 1111 1832 Guillelmus
1135 1753 1262 1832 senior
1284 1772 1325 1832 et
1340 1754 1518 1861 predicta
1541 1754 1703 1844 helidis,
1727 1775 1917 1835 constante

497 1885 740 1962 matrimonio
768 1884 867 1960 inter
895 1884 1013 1990 ipsos,
1041 1883 1151 1991 plura
1182 1883 1282 1964 bona
1306 1885 1463 1963 mobilia
1493 1902 1532 1963 et
1560 1885 1773 1963 immobilia
1800 1915 1916 1994 usque

497 2018 545 2093 ad
557 2043 730 2122 magnam
742 2015 990 2121 quantitatem
1007 2015 1293 2122 acquisiverant,
1310 2032 1349 2093 et
1366 2015 1496 2121 plures
1508 2016 1753 2104 hereditates,
1772 2019 1861 2095 sitas
1879 2020 1917 2094 in

496 2147 581 2224 villa
599 2147 647 2224 de
668 2145 964 2233 Romana-Villa,
985 2146 1033 2222 de
1047 2145 1269 2254 Baignoleto
1289 2164 1329 2223 et
1348 2148 1549 2224 territoriis
1567 2147 1755 2254 ipsorum,
1772 2166 1812 2225 et
1825 2149 1917 2226 insu·

495 2309 563 2386 per
581 2296 657 2358 tres
683 2279 818 2355 domos
842 2278 1037 2386 contiguas
1063 2294 1102 2354 et
1126 2305 1247 2354 unum
1270 2295 1412 2367 ortum,
1438 2307 1513 2356 una
1538 2307 1626 2354 com
1646 2279 1823 2384 pluribus
1839 2281 1917 2359 aliis

495 2409 788 2496 hereditatibus,
815 2424 930 2514 prout
954 2408 994 2484 in
1023 2407 1211 2514 peticione
1231 2395 1422 2486 diadum
1444 2425 1614 2486 actorum
1638 2409 1777 2487 clarius
1801 2413 1917 2489 conti·

496 2559 621 2633 netur;
636 2569 752 2648 quare
766 2540 944 2646 petebant
957 2539 1046 2616 dicti
1064 2556 1224 2628 actores,
1235 2541 1389 2618 nomine
1403 2567 1481 2647 quo
1499 2569 1628 2648 supra,
1643 2542 1864 2647 porcionem
1882 2563 1916 2621 et

495 2692 613 2750 ratam
625 2671 817 2750 bonorum
833 2687 871 2748 et
885 2671 1143 2748 hereditatum
1156 2670 1414 2777 predictorum
1429 2670 1531 2777 ipsos
1544 2673 1824 2780 contingentes,
1836 2703 1916 2752 nec·

496 2832 573 2882 non
596 2804 670 2908 tale
688 2803 752 2910 jus
772 2820 810 2880 et
834 2801 1008 2880 saisinam
1034 2829 1128 2908 quas
1147 2801 1312 2880 babebat
1331 2801 1453 2880 dictam
1477 2802 1706 2882 Guillelmus
1729 2805 1857 2882 senior
1878 2808 1915 2883 in

495 2936 607 3012 bonis
622 2932 829 3011 mobilibus
844 2951 883 3010 et
896 2933 1172 3012 hereditatibus
1186 2931 1383 3039 predictis,
1400 2934 1553 3040 quando
1567 2935 1744 3026 decessit,
1761 2938 1914 3014 nomine

494 3093 572 3173 quo
583 3063 794 3172 supra,·sibi
813 3064 1037 3172 adjudicari,
1052 3065 1280 3172 petebatque
1294 3064 1418 3143 dictus
1429 3067 1574 3155 Petrus,
1589 3093 1660 3173 pro
1675 3064 1808 3145 liberis
1819 3067 1913 3146 dicte

494 3195 697 3286 Genovele,
709 3194 1016 3286 racioneAelidis,
1024 3197 1102 3274 avie
1113 3196 1295 3304 ipsorum,
1307 3196 1598 3274 etsuccessionis
1611 3197 1795 3305 ejusdem,
1811 3199 1912 3305 cujus

494 3329 751 3407 suntheredes
761 3327 987 3418 dictiliberi,
1001 3357 1069 3433 pro
1080 3345 1202 3434 parte,
1217 3345 1256 3406 et
1265 3327 1327 3405 cui
1337 3327 1460 3406 Aelidi
1471 3329 1572 3405 dicta
1580 3327 1787 3420 Genovela,
1799 3347 1912 3406 mater

493 3459 682 3538 dictorum
703 3457 928 3549 liberorum,
947 3459 1139 3547 successit,
1157 3460 1377 3567 porcionem
1392 3475 1431 3536 et
1448 3475 1567 3536 ratam
1585 3457 1777 3538 bonorum
1797 3476 1836 3537 et
1850 3460 1911 3536 be·

492 3591 695 3668 reditatum
715 3589 971 3696 predictorum
989 3589 1091 3697 ipsos
1108 3590 1389 3696 contingentem
1404 3589 1477 3667 sibi
1496 3589 1717 3679 deliberari,
1732 3597 1837 3698 parte
1855 3591 1910 3667 ad·

491 3749 595 3799 versa
618 3721 747 3827 plures
771 3721 941 3798 raciones
968 3721 1007 3796 in
1033 3720 1264 3798 contrarium
1282 3739 1536 3826 proponente,
1566 3738 1605 3799 et
1623 3722 1787 3799 maxime
1811 3722 1909 3828 quod

493 3851 615 3929 dictus
626 3851 857 3930 Guillelmus
872 3850 997 3928 senior
1013 3865 1050 3927 et
1067 3849 1227 3941 Aelidis,
1245 3851 1328 3959 ejus
1343 3879 1454 3941 uxor,
1470 3868 1611 3930 stantes
1628 3853 1668 3930 in
1687 3851 1802 3959 plena
1817 3856 1908 3933 sani·

490 3998 583 4069 tate,
604 3980 707 4060 bono
735 4007 847 4058 sensu
877 3997 915 4058 et
933 3979 1033 4057 bona
1052 3982 1252 4072 memoria,
1273 3982 1412 4088 provisi
1429 4010 1545 4090 super
1569 3984 1658 4074 hoc,
1683 3983 1907 4063 hereditates

490 4139 585 4220 quas
597 4110 786 4190 habebant
798 4128 842 4189 ut
851 4139 952 4204 suas,
966 4141 1009 4190 ex
1024 4138 1094 4190 suo
1107 4114 1260 4220 proprio
1276 4131 1505 4222 conquestu,
1517 4115 1606 4192 sitas
1617 4116 1658 4194 in
1671 4117 1861 4195 territorio
1873 4134 1907 4193 et

488 4243 587 4327 villis
596 4244 790 4352 predictis,
803 4243 1043 4335 donaverant,
1054 4245 1262 4323 donacione
1269 4244 1364 4323 lacta
1372 4245 1474 4323 inter
1482 4245 1596 4337 vivos,
1605 4246 1775 4353 predicto
1787 4250 1904 4333 Petro,

489 4373 672 4468 filiosuo,
688 4377 728 4452 in
739 4375 976 4483 maritagium
992 4392 1030 4453 et
1048 4376 1231 4454 auxilium
1244 4375 1503 4485 suimariugii
1514 4375 1792 4467 tunclaciendi3
1807 4377 1906 4485 quod

489 4508 790 4596 matrimonium,
812 4523 967 4613 propter
993 4506 1201 4614 predictam
1226 4501 1495 4598 donacionem,
1518 4506 1643 4586 luerat
1661 4485 1925 4616 subsequtum'

490 4637 590 4714 inter
603 4639 817 4745 predictum
831 4640 985 4717 Petrum
1003 4656 1040 4717 et
1055 4640 1267 4716 Johannam
1280 4639 1507 4747 predictam
1523 4658 1564 4719 et
1583 4668 1628 4718 ex
1646 4656 1739 4718 tunc
1751 4657 1906 4720 transtu-

490 4765 612 4845 lerant
621 4770 661 4845 in
672 4771 773 4876 ipsos
786 4769 911 4848 omnia
916 4771 1003 4878 jura
1016 4787 1055 4848 et
1063 4771 1235 4849 acciones
1246 4798 1397 4862 omnes,
1411 4771 1533 4850 reales
1544 4787 1584 4850 et
1591 4770 1824 4878 personales,
1839 4771 1903 4850 sibi

490 4915 746 5006 competentes
764 4902 803 4976 in
820 4901 1019 5007 predictis,
1038 4919 1156 5008 prout
1173 4902 1215 4978 in
1233 4901 1496 4981 instrumentis
1509 4931 1623 5010 super
1639 4902 1715 4980 boc
1733 4900 1905 4981 confectis

489 5045 528 5106 et
554 5029 593 5107 in
610 5029 757 5141 judicio
781 5031 957 5112 exhibitis
977 5032 1127 5140 plenius
1146 5033 1380 5127 continetur3
1405 5034 1610 5145 pluresque
1629 5032 1719 5113 alias
1742 5034 1904 5114 raciones
