<?xml version="1.0" encoding="UTF-8"?>
<!DOCTYPE html PUBLIC "-//W3C//DTD XHTML 1.0 Transitional//EN"
    "http://www.w3.org/TR/xhtml1/DTD/xhtml1-transitional.dtd">
<html xmlns="http://www.w3.org/1999/xhtml" xml:lang="en" lang="en">
 <head>
  <title>
</title>
<meta http-equiv="Content-Type" content="text/html;charset=utf-8" />
  <meta name='ocr-system' content='tesseract 3.04.00' />
  <meta name='ocr-capabilities' content='ocr_page ocr_carea ocr_par ocr_line ocrx_word'/>
</head>
<body>
  <div class='ocr_page' id='page_1' title='image "./lesolimouregist00parigoog_0256.png"; bbox 0 0 4450 6209; ppageno 0'>
   <div class='ocr_carea' id='block_1_1' title="bbox 762 697 1775 806">
    <p class='ocr_par' dir='ltr' id='par_1_1' title="bbox 762 697 1775 806">
     <span class='ocr_line' id='line_1_1' title="bbox 762 697 1775 806; baseline 0.009 -18"><span class='ocrx_word' id='word_1_1' title='bbox 762 697 1032 806; x_wconf 72' lang='lat' dir='ltr'>orontius</span> <span class='ocrx_word' id='word_1_2' title='bbox 1056 720 1122 792; x_wconf 80' lang='lat' dir='ltr'>nr</span> <span class='ocrx_word' id='word_1_3' title='bbox 1148 701 1356 794; x_wconf 75' lang='lat' dir='ltr'>enonas.</span> <span class='ocrx_word' id='word_1_4' title='bbox 1706 724 1775 798; x_wconf 83' lang='lat'>157</span> 
     </span>
    </p>
   </div>
   <div class='ocr_carea' id='block_1_2' title="bbox 392 1003 1304 1012">
    <p class='ocr_par' dir='ltr' id='par_1_2' title="bbox 392 1003 1304 1012">
     <span class='ocr_line' id='line_1_2' title="bbox 392 1003 1304 1012; baseline 0 0"><span class='ocrx_word' id='word_1_5' title='bbox 392 1003 1304 1012; x_wconf 95' lang='lat' dir='ltr'> </span> 
     </span>
    </p>
   </div>
   <div class='ocr_carea' id='block_1_3' title="bbox 628 1263 1495 1380">
    <p class='ocr_par' dir='ltr' id='par_1_3' title="bbox 628 1263 1495 1380">
     <span class='ocr_line' id='line_1_3' title="bbox 628 1263 1495 1380; baseline 0.006 -29"><span class='ocrx_word' id='word_1_6' title='bbox 628 1263 967 1380; x_wconf 68' lang='lat' dir='ltr'>incussis</span> <span class='ocrx_word' id='word_1_7' title='bbox 997 1268 1078 1354; x_wconf 83' lang='lat' dir='ltr'>nr</span> <span class='ocrx_word' id='word_1_8' title='bbox 1108 1269 1495 1361; x_wconf 76' lang='lat' dir='ltr'>succussus</span> 
     </span>
    </p>
   </div>
   <div class='ocr_carea' id='block_1_4' title="bbox 418 1545 1710 1612">
    <p class='ocr_par' dir='ltr' id='par_1_4' title="bbox 418 1545 1710 1612">
     <span class='ocr_line' id='line_1_4' title="bbox 418 1545 1710 1612; baseline 0.005 -16"><span class='ocrx_word' id='word_1_9' title='bbox 418 1545 609 1598; x_wconf 78' lang='lat' dir='ltr'>Junlcsrt</span> <span class='ocrx_word' id='word_1_10' title='bbox 640 1546 681 1598; x_wconf 77' lang='grc' dir='ltr'>ΙΝ</span> <span class='ocrx_word' id='word_1_11' title='bbox 711 1546 920 1609; x_wconf 72' lang='lat' dir='ltr'>sssQunttrt</span> <span class='ocrx_word' id='word_1_12' title='bbox 948 1545 1223 1603; x_wconf 66' lang='lat' dir='ltr'>restituam</span> <span class='ocrx_word' id='word_1_13' title='bbox 1253 1547 1500 1602; x_wconf 67' lang='lat' dir='ltr'>nonninus!</span> <span class='ocrx_word' id='word_1_14' title='bbox 1530 1549 1710 1612; x_wconf 75' lang='lat' dir='ltr'><strong>PASCHE‚</strong></span> 
     </span>
    </p>
   </div>
   <div class='ocr_carea' id='block_1_5' title="bbox 934 1761 1194 1814">
    <p class='ocr_par' dir='ltr' id='par_1_5' title="bbox 934 1761 1194 1814">
     <span class='ocr_line' id='line_1_5' title="bbox 934 1761 1194 1814; baseline 0 -8"><span class='ocrx_word' id='word_1_15' title='bbox 934 1764 1025 1806; x_wconf 71' lang='lat' dir='ltr'>tutto</span> <span class='ocrx_word' id='word_1_16' title='bbox 1048 1761 1194 1814; x_wconf 78' lang='lat' dir='ltr'>ucccvt,</span> 
     </span>
    </p>
   </div>
   <div class='ocr_carea' id='block_1_6' title="bbox 628 1912 1566 2026">
    <p class='ocr_par' dir='ltr' id='par_1_6' title="bbox 628 1912 1566 2026">
     <span class='ocr_line' id='line_1_6' title="bbox 628 1912 1566 2026; baseline 0.003 -23"><span class='ocrx_word' id='word_1_17' title='bbox 628 1942 705 2018; x_wconf 84' lang='lat' dir='ltr'>Quia</span> <span class='ocrx_word' id='word_1_18' title='bbox 721 1961 799 2004; x_wconf 87' lang='lat' dir='ltr'>auno</span> <span class='ocrx_word' id='word_1_19' title='bbox 814 1942 920 2026; x_wconf 85' lang='lat' dir='ltr'>quinto</span> <span class='ocrx_word' id='word_1_20' title='bbox 934 1943 1101 2025; x_wconf 81' lang='lat' dir='ltr'>precedenti</span> <span class='ocrx_word' id='word_1_21' title='bbox 1120 1965 1180 2004; x_wconf 90' lang='lat' dir='ltr'>non</span> <span class='ocrx_word' id='word_1_22' title='bbox 1195 1942 1252 2004; x_wconf 81' lang='lat' dir='ltr'>suit</span> <span class='ocrx_word' id='word_1_23' title='bbox 1265 1912 1490 2026; x_wconf 80' lang='lat' dir='ltr'>parlamedtum.</span> <span class='ocrx_word' id='word_1_24' title='bbox 1564 1917 1566 1920; x_wconf 22' lang='grc' dir='ltr'>Ι</span> 
     </span>
    </p>
   </div>
   <div class='ocr_carea' id='block_1_7' title="bbox 342 2197 1785 5211">
    <p class='ocr_par' dir='ltr' id='par_1_7' title="bbox 342 2197 1785 5211">
     <span class='ocr_line' id='line_1_7' title="bbox 399 2197 1777 2312; baseline 0.007 -38"><span class='ocrx_word' id='word_1_25' title='bbox 399 2199 428 2275; x_wconf 88' lang='lat'>1.</span> <span class='ocrx_word' id='word_1_26' title='bbox 459 2198 558 2278; x_wconf 88' lang='lat' dir='ltr'>Cum</span> <span class='ocrx_word' id='word_1_27' title='bbox 578 2197 677 2276; x_wconf 89' lang='lat' dir='ltr'>inter</span> <span class='ocrx_word' id='word_1_28' title='bbox 694 2199 878 2278; x_wconf 86' lang='lat' dir='ltr'>Jacobum</span> <span class='ocrx_word' id='word_1_29' title='bbox 896 2199 1033 2290; x_wconf 86' lang='lat' dir='ltr'>Dalhe,</span> <span class='ocrx_word' id='word_1_30' title='bbox 1055 2199 1252 2292; x_wconf 86' lang='lat' dir='ltr'>clericum,</span> <span class='ocrx_word' id='word_1_31' title='bbox 1275 2219 1487 2280; x_wconf 76' lang='lat' dir='ltr'>curatorem</span> <span class='ocrx_word' id='word_1_32' title='bbox 1503 2203 1616 2312; x_wconf 84' lang='lat' dir='ltr'>Ogeri</span> <span class='ocrx_word' id='word_1_33' title='bbox 1636 2205 1683 2283; x_wconf 90' lang='lat' dir='ltr'>de</span> <span class='ocrx_word' id='word_1_34' title='bbox 1703 2206 1777 2285; x_wconf 83' lang='lat' dir='ltr'>Ga-</span> 
     </span>
     <span class='ocr_line' id='line_1_8' title="bbox 344 2330 1775 2441; baseline 0.005 -35"><span class='ocrx_word' id='word_1_35' title='bbox 344 2330 457 2422; x_wconf 83' lang='lat' dir='ltr'>viers,</span> <span class='ocrx_word' id='word_1_36' title='bbox 479 2331 667 2408; x_wconf 82' lang='lat' dir='ltr'>minorem</span> <span class='ocrx_word' id='word_1_37' title='bbox 687 2331 814 2422; x_wconf 84' lang='lat' dir='ltr'>etatis,</span> <span class='ocrx_word' id='word_1_38' title='bbox 836 2333 992 2409; x_wconf 88' lang='lat' dir='ltr'>nomine</span> <span class='ocrx_word' id='word_1_39' title='bbox 1014 2331 1202 2410; x_wconf 90' lang='lat' dir='ltr'>curatorio</span> <span class='ocrx_word' id='word_1_40' title='bbox 1223 2349 1262 2409; x_wconf 87' lang='lat' dir='ltr'>et</span> <span class='ocrx_word' id='word_1_41' title='bbox 1279 2361 1348 2438; x_wconf 90' lang='lat' dir='ltr'>pro</span> <span class='ocrx_word' id='word_1_42' title='bbox 1367 2333 1450 2440; x_wconf 89' lang='lat' dir='ltr'>ipso</span> <span class='ocrx_word' id='word_1_43' title='bbox 1471 2335 1614 2441; x_wconf 85' lang='lat' dir='ltr'>Ogero,</span> <span class='ocrx_word' id='word_1_44' title='bbox 1636 2363 1680 2412; x_wconf 86' lang='lat' dir='ltr'>ex</span> <span class='ocrx_word' id='word_1_45' title='bbox 1701 2367 1775 2414; x_wconf 88' lang='lat' dir='ltr'>una</span> 
     </span>
     <span class='ocr_line' id='line_1_9' title="bbox 343 2462 1776 2568; baseline 0.003 -28"><span class='ocrx_word' id='word_1_46' title='bbox 343 2480 466 2568; x_wconf 86' lang='lat' dir='ltr'>parte,</span> <span class='ocrx_word' id='word_1_47' title='bbox 486 2479 525 2540; x_wconf 87' lang='lat' dir='ltr'>et</span> <span class='ocrx_word' id='word_1_48' title='bbox 541 2463 793 2553; x_wconf 84' lang='lat' dir='ltr'>Bernardum,</span> <span class='ocrx_word' id='word_1_49' title='bbox 809 2463 1012 2541; x_wconf 89' lang='lat' dir='ltr'>dominum</span> <span class='ocrx_word' id='word_1_50' title='bbox 1029 2464 1077 2540; x_wconf 88' lang='lat' dir='ltr'>de</span> <span class='ocrx_word' id='word_1_51' title='bbox 1096 2462 1275 2552; x_wconf 88' lang='lat' dir='ltr'>Morolio,</span> <span class='ocrx_word' id='word_1_52' title='bbox 1289 2464 1466 2555; x_wconf 86' lang='lat' dir='ltr'>militem,</span> <span class='ocrx_word' id='word_1_53' title='bbox 1486 2495 1530 2542; x_wconf 86' lang='lat' dir='ltr'>ex</span> <span class='ocrx_word' id='word_1_54' title='bbox 1546 2467 1676 2558; x_wconf 87' lang='lat' dir='ltr'>altera,</span> <span class='ocrx_word' id='word_1_55' title='bbox 1696 2487 1776 2545; x_wconf 86' lang='lat' dir='ltr'>orta</span> 
     </span>
     <span class='ocr_line' id='line_1_10' title="bbox 345 2593 1772 2705; baseline 0.004 -35"><span class='ocrx_word' id='word_1_56' title='bbox 345 2593 477 2671; x_wconf 83' lang='lat' dir='ltr'>fuisset</span> <span class='ocrx_word' id='word_1_57' title='bbox 501 2594 688 2673; x_wconf 80' lang='lat' dir='ltr'><strong>discordia</strong></span> <span class='ocrx_word' id='word_1_58' title='bbox 711 2623 890 2703; x_wconf 88' lang='lat' dir='ltr'>supereo</span> <span class='ocrx_word' id='word_1_59' title='bbox 910 2594 1160 2701; x_wconf 88' lang='lat' dir='ltr'>quoddictus</span> <span class='ocrx_word' id='word_1_60' title='bbox 1184 2613 1344 2688; x_wconf 88' lang='lat' dir='ltr'>curator,</span> <span class='ocrx_word' id='word_1_61' title='bbox 1367 2597 1522 2674; x_wconf 91' lang='lat' dir='ltr'>nomine</span> <span class='ocrx_word' id='word_1_62' title='bbox 1540 2626 1617 2704; x_wconf 90' lang='lat' dir='ltr'>quo</span> <span class='ocrx_word' id='word_1_63' title='bbox 1642 2627 1772 2705; x_wconf 89' lang='lat' dir='ltr'>supra,</span> 
     </span>
     <span class='ocr_line' id='line_1_11' title="bbox 344 2725 1777 2834; baseline 0.004 -32"><span class='ocrx_word' id='word_1_64' title='bbox 344 2725 496 2831; x_wconf 88' lang='lat' dir='ltr'>petebat</span> <span class='ocrx_word' id='word_1_65' title='bbox 512 2727 727 2834; x_wconf 82' lang='lat' dir='ltr'>judicatum</span> <span class='ocrx_word' id='word_1_66' title='bbox 745 2728 942 2834; x_wconf 85' lang='lat' dir='ltr'><strong>quoddam</strong></span> <span class='ocrx_word' id='word_1_67' title='bbox 964 2727 1067 2804; x_wconf 88' lang='lat' dir='ltr'>curie</span> <span class='ocrx_word' id='word_1_68' title='bbox 1086 2743 1214 2804; x_wconf 88' lang='lat' dir='ltr'>nostre</span> <span class='ocrx_word' id='word_1_69' title='bbox 1236 2728 1285 2805; x_wconf 92' lang='lat' dir='ltr'>de</span> <span class='ocrx_word' id='word_1_70' title='bbox 1308 2728 1462 2806; x_wconf 90' lang='lat' dir='ltr'>duobus</span> <span class='ocrx_word' id='word_1_71' title='bbox 1480 2727 1650 2808; x_wconf 83' lang='lat' dir='ltr'>millibus</span> <span class='ocrx_word' id='word_1_72' title='bbox 1669 2730 1777 2808; x_wconf 88' lang='lat' dir='ltr'>libris</span> 
     </span>
     <span class='ocr_line' id='line_1_12' title="bbox 344 2856 1772 2967; baseline 0.004 -33"><span class='ocrx_word' id='word_1_73' title='bbox 344 2856 776 2937; x_wconf 74' lang='lat' dir='ltr'>Parisiensibus-sactum</span> <span class='ocrx_word' id='word_1_74' title='bbox 794 2883 864 2967; x_wconf 85' lang='lat' dir='ltr'>pro</span> <span class='ocrx_word' id='word_1_75' title='bbox 883 2858 1093 2939; x_wconf 85' lang='lat' dir='ltr'>Guillelmo</span> <span class='ocrx_word' id='word_1_76' title='bbox 1114 2859 1163 2936; x_wconf 90' lang='lat' dir='ltr'>de</span> <span class='ocrx_word' id='word_1_77' title='bbox 1179 2858 1347 2950; x_wconf 88' lang='lat' dir='ltr'>Gaviers,</span> <span class='ocrx_word' id='word_1_78' title='bbox 1367 2859 1416 2938; x_wconf 92' lang='lat' dir='ltr'>de</span> <span class='ocrx_word' id='word_1_79' title='bbox 1436 2859 1520 2950; x_wconf 82' lang='lat' dir='ltr'>Ast,</span> <span class='ocrx_word' id='word_1_80' title='bbox 1537 2861 1772 2952; x_wconf 88' lang='lat' dir='ltr'>Lumbardo,</span> 
     </span>
     <span class='ocr_line' id='line_1_13' title="bbox 346 2987 1775 3099; baseline 0.004 -33"><span class='ocrx_word' id='word_1_81' title='bbox 346 2987 523 3068; x_wconf 79' lang='lat' dir='ltr'>defuncto</span> <span class='ocrx_word' id='word_1_82' title='bbox 541 3007 647 3097; x_wconf 86' lang='lat' dir='ltr'>patre</span> <span class='ocrx_word' id='word_1_83' title='bbox 669 2991 759 3068; x_wconf 89' lang='lat' dir='ltr'>dicti</span> <span class='ocrx_word' id='word_1_84' title='bbox 780 2991 895 3099; x_wconf 84' lang='lat' dir='ltr'>Ogeri</span> <span class='ocrx_word' id='word_1_85' title='bbox 920 3007 1050 3069; x_wconf 87' lang='lat' dir='ltr'>contra</span> <span class='ocrx_word' id='word_1_86' title='bbox 1077 2989 1223 3068; x_wconf 88' lang='lat' dir='ltr'>dictum</span> <span class='ocrx_word' id='word_1_87' title='bbox 1248 2990 1411 3069; x_wconf 88' lang='lat' dir='ltr'>militem</span> <span class='ocrx_word' id='word_1_88' title='bbox 1436 2993 1652 3072; x_wconf 85' lang='lat' dir='ltr'>execucioni</span> <span class='ocrx_word' id='word_1_89' title='bbox 1675 3023 1775 3072; x_wconf 89' lang='lat' dir='ltr'>man·</span> 
     </span>
     <span class='ocr_line' id='line_1_14' title="bbox 344 3121 1772 3234; baseline 0.006 -37"><span class='ocrx_word' id='word_1_90' title='bbox 344 3121 443 3215; x_wconf 89' lang='lat' dir='ltr'>dari,</span> <span class='ocrx_word' id='word_1_91' title='bbox 461 3140 498 3200; x_wconf 86' lang='lat' dir='ltr'>et</span> <span class='ocrx_word' id='word_1_92' title='bbox 517 3123 663 3200; x_wconf 91' lang='lat' dir='ltr'>dictum</span> <span class='ocrx_word' id='word_1_93' title='bbox 683 3123 845 3202; x_wconf 86' lang='lat' dir='ltr'>militem</span> <span class='ocrx_word' id='word_1_94' title='bbox 866 3123 1137 3230; x_wconf 89' lang='lat' dir='ltr'>condempnari</span> <span class='ocrx_word' id='word_1_95' title='bbox 1153 3141 1192 3201; x_wconf 87' lang='lat' dir='ltr'>et</span> <span class='ocrx_word' id='word_1_96' title='bbox 1207 3123 1384 3230; x_wconf 91' lang='lat' dir='ltr'>compelli</span> <span class='ocrx_word' id='word_1_97' title='bbox 1400 3124 1448 3202; x_wconf 91' lang='lat' dir='ltr'>ad</span> <span class='ocrx_word' id='word_1_98' title='bbox 1462 3125 1687 3205; x_wconf 88' lang='lat' dir='ltr'>solvendum</span> <span class='ocrx_word' id='word_1_99' title='bbox 1704 3128 1772 3234; x_wconf 91' lang='lat' dir='ltr'>ipsi</span> 
     </span>
     <span class='ocr_line' id='line_1_15' title="bbox 345 3254 1774 3362; baseline 0.004 -31"><span class='ocrx_word' id='word_1_100' title='bbox 345 3255 528 3342; x_wconf 81' lang='lat' dir='ltr'>curatori,</span> <span class='ocrx_word' id='word_1_101' title='bbox 550 3254 708 3333; x_wconf 90' lang='lat' dir='ltr'>nomine</span> <span class='ocrx_word' id='word_1_102' title='bbox 727 3285 805 3362; x_wconf 90' lang='lat' dir='ltr'>quo</span> <span class='ocrx_word' id='word_1_103' title='bbox 825 3284 954 3362; x_wconf 90' lang='lat' dir='ltr'>supra,</span> <span class='ocrx_word' id='word_1_104' title='bbox 977 3257 1116 3332; x_wconf 87' lang='lat' dir='ltr'>dictam</span> <span class='ocrx_word' id='word_1_105' title='bbox 1141 3256 1304 3362; x_wconf 84' lang='lat' dir='ltr'>pecunie</span> <span class='ocrx_word' id='word_1_106' title='bbox 1324 3285 1529 3348; x_wconf 76' lang='lat' dir='ltr'>summam3</span> <span class='ocrx_word' id='word_1_107' title='bbox 1555 3287 1598 3334; x_wconf 83' lang='lat' dir='ltr'>ex</span> <span class='ocrx_word' id='word_1_108' title='bbox 1620 3259 1774 3337; x_wconf 87' lang='lat' dir='ltr'>adverso</span> 
     </span>
     <span class='ocr_line' id='line_1_16' title="bbox 344 3387 1775 3496; baseline 0.003 -33"><span class='ocrx_word' id='word_1_109' title='bbox 344 3403 490 3476; x_wconf 86' lang='lat' dir='ltr'>autom,</span> <span class='ocrx_word' id='word_1_110' title='bbox 512 3415 598 3493; x_wconf 86' lang='lat' dir='ltr'>pars</span> <span class='ocrx_word' id='word_1_111' title='bbox 624 3387 716 3464; x_wconf 89' lang='lat' dir='ltr'>dicti</span> <span class='ocrx_word' id='word_1_112' title='bbox 746 3388 879 3464; x_wconf 84' lang='lat' dir='ltr'>militis</span> <span class='ocrx_word' id='word_1_113' title='bbox 902 3387 1063 3495; x_wconf 84' lang='lat' dir='ltr'>negabat</span> <span class='ocrx_word' id='word_1_114' title='bbox 1091 3387 1236 3464; x_wconf 89' lang='lat' dir='ltr'>dictum</span> <span class='ocrx_word' id='word_1_115' title='bbox 1258 3387 1427 3496; x_wconf 88' lang='lat' dir='ltr'>Ogerum</span> <span class='ocrx_word' id='word_1_116' title='bbox 1454 3387 1568 3466; x_wconf 81' lang='lat' dir='ltr'>fuisse</span> <span class='ocrx_word' id='word_1_117' title='bbox 1588 3388 1711 3467; x_wconf 85' lang='lat' dir='ltr'>[ilium</span> <span class='ocrx_word' id='word_1_118' title='bbox 1737 3410 1775 3468; x_wconf 89' lang='lat' dir='ltr'>et</span> 
     </span>
     <span class='ocr_line' id='line_1_17' title="bbox 344 3517 1774 3628; baseline 0.003 -34"><span class='ocrx_word' id='word_1_119' title='bbox 344 3517 526 3595; x_wconf 84' lang='lat' dir='ltr'>heredem</span> <span class='ocrx_word' id='word_1_120' title='bbox 559 3519 649 3597; x_wconf 88' lang='lat' dir='ltr'>dicti</span> <span class='ocrx_word' id='word_1_121' title='bbox 678 3519 877 3599; x_wconf 84' lang='lat' dir='ltr'>Guillelmi</span> <span class='ocrx_word' id='word_1_122' title='bbox 906 3519 954 3596; x_wconf 91' lang='lat' dir='ltr'>de</span> <span class='ocrx_word' id='word_1_123' title='bbox 986 3518 1154 3609; x_wconf 80' lang='lat' dir='ltr'>Goviers,</span> <span class='ocrx_word' id='word_1_124' title='bbox 1184 3547 1401 3624; x_wconf 89' lang='lat' dir='ltr'>proponens</span> <span class='ocrx_word' id='word_1_125' title='bbox 1430 3520 1536 3626; x_wconf 89' lang='lat' dir='ltr'>quod</span> <span class='ocrx_word' id='word_1_126' title='bbox 1566 3537 1645 3598; x_wconf 91' lang='lat' dir='ltr'>esto</span> <span class='ocrx_word' id='word_1_127' title='bbox 1669 3525 1774 3628; x_wconf 90' lang='lat' dir='ltr'>quod</span> 
     </span>
     <span class='ocr_line' id='line_1_18' title="bbox 343 3645 1772 3760; baseline 0.002 -33"><span class='ocrx_word' id='word_1_128' title='bbox 343 3645 569 3757; x_wconf 84' lang='lat' dir='ltr'>probaretur</span> <span class='ocrx_word' id='word_1_129' title='bbox 589 3650 735 3728; x_wconf 88' lang='lat' dir='ltr'>dictum</span> <span class='ocrx_word' id='word_1_130' title='bbox 756 3652 925 3760; x_wconf 83' lang='lat' dir='ltr'>Ogerum</span> <span class='ocrx_word' id='word_1_131' title='bbox 940 3649 1066 3728; x_wconf 90' lang='lat' dir='ltr'>filium</span> <span class='ocrx_word' id='word_1_132' title='bbox 1089 3666 1129 3727; x_wconf 86' lang='lat' dir='ltr'>et</span> <span class='ocrx_word' id='word_1_133' title='bbox 1148 3651 1332 3729; x_wconf 89' lang='lat' dir='ltr'>heredem</span> <span class='ocrx_word' id='word_1_134' title='bbox 1353 3679 1434 3728; x_wconf 87' lang='lat' dir='ltr'>esse</span> <span class='ocrx_word' id='word_1_135' title='bbox 1451 3652 1541 3728; x_wconf 90' lang='lat' dir='ltr'>dicti</span> <span class='ocrx_word' id='word_1_136' title='bbox 1557 3651 1772 3745; x_wconf 87' lang='lat' dir='ltr'>Guillelmi,</span> 
     </span>
     <span class='ocr_line' id='line_1_19' title="bbox 344 3780 1777 3889; baseline 0.003 -31"><span class='ocrx_word' id='word_1_137' title='bbox 344 3801 569 3861; x_wconf 89' lang='lat' dir='ltr'>nontamen</span> <span class='ocrx_word' id='word_1_138' title='bbox 589 3801 670 3862; x_wconf 88' lang='lat' dir='ltr'>erat</span> <span class='ocrx_word' id='word_1_139' title='bbox 689 3783 813 3861; x_wconf 84' lang='lat' dir='ltr'>dictus</span> <span class='ocrx_word' id='word_1_140' title='bbox 832 3783 958 3876; x_wconf 90' lang='lat' dir='ltr'>miles,</span> <span class='ocrx_word' id='word_1_141' title='bbox 976 3799 1020 3860; x_wconf 89' lang='lat' dir='ltr'>ut</span> <span class='ocrx_word' id='word_1_142' title='bbox 1038 3780 1205 3876; x_wconf 88' lang='lat' dir='ltr'>dicebat,</span> <span class='ocrx_word' id='word_1_143' title='bbox 1227 3782 1567 3889; x_wconf 84' lang='lat' dir='ltr'>condempnandos</span> <span class='ocrx_word' id='word_1_144' title='bbox 1585 3809 1656 3861; x_wconf 91' lang='lat' dir='ltr'>nec</span> <span class='ocrx_word' id='word_1_145' title='bbox 1675 3811 1777 3863; x_wconf 86' lang='lat' dir='ltr'>corn-</span> 
     </span>
     <span class='ocr_line' id='line_1_20' title="bbox 343 3913 1776 4024; baseline 0.001 -32"><span class='ocrx_word' id='word_1_146' title='bbox 343 3913 562 4021; x_wconf 85' lang='lat' dir='ltr'>pellendus,</span> <span class='ocrx_word' id='word_1_147' title='bbox 584 3932 770 4024; x_wconf 89' lang='lat' dir='ltr'>quantum</span> <span class='ocrx_word' id='word_1_148' title='bbox 791 3914 840 3991; x_wconf 90' lang='lat' dir='ltr'>ad</span> <span class='ocrx_word' id='word_1_149' title='bbox 853 3942 1040 3992; x_wconf 86' lang='lat' dir='ltr'>summam</span> <span class='ocrx_word' id='word_1_150' title='bbox 1051 3913 1212 4022; x_wconf 78' lang='lat' dir='ltr'>judiciati</span> <span class='ocrx_word' id='word_1_151' title='bbox 1231 3914 1412 4020; x_wconf 85' lang='lat' dir='ltr'>predicti,</span> <span class='ocrx_word' id='word_1_152' title='bbox 1434 3941 1479 3992; x_wconf 91' lang='lat' dir='ltr'>eo</span> <span class='ocrx_word' id='word_1_153' title='bbox 1497 3915 1601 4022; x_wconf 92' lang='lat' dir='ltr'>quod</span> <span class='ocrx_word' id='word_1_154' title='bbox 1619 3916 1666 3994; x_wconf 92' lang='lat' dir='ltr'>de</span> <span class='ocrx_word' id='word_1_155' title='bbox 1687 3945 1776 3996; x_wconf 91' lang='lat' dir='ltr'>con-</span> 
     </span>
     <span class='ocr_line' id='line_1_21' title="bbox 343 4040 1774 4156; baseline 0.001 -32"><span class='ocrx_word' id='word_1_156' title='bbox 343 4075 457 4124; x_wconf 84' lang='lat' dir='ltr'>sensu</span> <span class='ocrx_word' id='word_1_157' title='bbox 478 4040 667 4124; x_wconf 89' lang='lat' dir='ltr'>dictorum</span> <span class='ocrx_word' id='word_1_158' title='bbox 684 4046 881 4126; x_wconf 89' lang='lat' dir='ltr'>Guillelmi</span> <span class='ocrx_word' id='word_1_159' title='bbox 899 4065 938 4125; x_wconf 88' lang='lat' dir='ltr'>et</span> <span class='ocrx_word' id='word_1_160' title='bbox 952 4046 1103 4136; x_wconf 91' lang='lat' dir='ltr'>militis,</span> <span class='ocrx_word' id='word_1_161' title='bbox 1120 4062 1206 4154; x_wconf 87' lang='lat' dir='ltr'>post</span> <span class='ocrx_word' id='word_1_162' title='bbox 1220 4046 1364 4124; x_wconf 89' lang='lat' dir='ltr'>dictum</span> <span class='ocrx_word' id='word_1_163' title='bbox 1375 4045 1607 4154; x_wconf 88' lang='lat' dir='ltr'>judicatum,</span> <span class='ocrx_word' id='word_1_164' title='bbox 1624 4047 1774 4156; x_wconf 88' lang='lat' dir='ltr'>siquod</span> 
     </span>
     <span class='ocr_line' id='line_1_22' title="bbox 344 4177 1775 4286; baseline 0.001 -32"><span class='ocrx_word' id='word_1_165' title='bbox 344 4178 535 4268; x_wconf 82' lang='lat' dir='ltr'>extiterat,</span> <span class='ocrx_word' id='word_1_166' title='bbox 553 4205 743 4256; x_wconf 83' lang='lat' dir='ltr'>recessum</span> <span class='ocrx_word' id='word_1_167' title='bbox 758 4177 882 4255; x_wconf 79' lang='lat' dir='ltr'>fuerat</span> <span class='ocrx_word' id='word_1_168' title='bbox 895 4207 913 4255; x_wconf 90' lang='lat' dir='ltr'>a</span> <span class='ocrx_word' id='word_1_169' title='bbox 928 4177 1102 4286; x_wconf 86' lang='lat' dir='ltr'>judicato</span> <span class='ocrx_word' id='word_1_170' title='bbox 1118 4177 1291 4283; x_wconf 90' lang='lat' dir='ltr'>predicto</span> <span class='ocrx_word' id='word_1_171' title='bbox 1311 4205 1381 4284; x_wconf 88' lang='lat' dir='ltr'>per</span> <span class='ocrx_word' id='word_1_172' title='bbox 1399 4178 1693 4256; x_wconf 89' lang='lat' dir='ltr'>convencionem</span> <span class='ocrx_word' id='word_1_173' title='bbox 1712 4208 1775 4256; x_wconf 83' lang='lat' dir='ltr'>ex-</span> 
     </span>
     <span class='ocr_line' id='line_1_23' title="bbox 342 4307 1775 4416; baseline 0.001 -30"><span class='ocrx_word' id='word_1_174' title='bbox 342 4335 525 4414; x_wconf 79' lang='lat' dir='ltr'>pressam,</span> <span class='ocrx_word' id='word_1_175' title='bbox 549 4338 753 4416; x_wconf 87' lang='lat' dir='ltr'>perquam</span> <span class='ocrx_word' id='word_1_176' title='bbox 779 4308 903 4386; x_wconf 84' lang='lat' dir='ltr'>dictus</span> <span class='ocrx_word' id='word_1_177' title='bbox 924 4307 1158 4388; x_wconf 91' lang='lat' dir='ltr'>Guillelmus</span> <span class='ocrx_word' id='word_1_178' title='bbox 1183 4308 1349 4386; x_wconf 90' lang='lat' dir='ltr'>eundem</span> <span class='ocrx_word' id='word_1_179' title='bbox 1368 4307 1528 4386; x_wconf 89' lang='lat' dir='ltr'>militem</span> <span class='ocrx_word' id='word_1_180' title='bbox 1554 4307 1602 4386; x_wconf 91' lang='lat' dir='ltr'>de</span> <span class='ocrx_word' id='word_1_181' title='bbox 1628 4339 1775 4388; x_wconf 88' lang='lat' dir='ltr'>summa</span> 
     </span>
     <span class='ocr_line' id='line_1_24' title="bbox 344 4438 1776 4550; baseline -0.001 -32"><span class='ocrx_word' id='word_1_182' title='bbox 344 4441 511 4549; x_wconf 87' lang='lat' dir='ltr'>predicta</span> <span class='ocrx_word' id='word_1_183' title='bbox 529 4441 742 4550; x_wconf 84' lang='lat' dir='ltr'>specialiter</span> <span class='ocrx_word' id='word_1_184' title='bbox 765 4458 804 4519; x_wconf 88' lang='lat' dir='ltr'>et</span> <span class='ocrx_word' id='word_1_185' title='bbox 823 4469 995 4548; x_wconf 84' lang='lat' dir='ltr'>expresse</span> <span class='ocrx_word' id='word_1_186' title='bbox 1014 4441 1239 4547; x_wconf 81' lang='lat' dir='ltr'>quittaverat</span> <span class='ocrx_word' id='word_1_187' title='bbox 1256 4467 1326 4546; x_wconf 90' lang='lat' dir='ltr'>pro</span> <span class='ocrx_word' id='word_1_188' title='bbox 1346 4439 1561 4545; x_wconf 88' lang='lat' dir='ltr'>quingentis</span> <span class='ocrx_word' id='word_1_189' title='bbox 1581 4438 1689 4518; x_wconf 89' lang='lat' dir='ltr'>libris</span> <span class='ocrx_word' id='word_1_190' title='bbox 1706 4442 1776 4517; x_wconf 89' lang='lat' dir='ltr'>Pa-</span> 
     </span>
     <span class='ocr_line' id='line_1_25' title="bbox 342 4569 1775 4681; baseline 0.001 -32"><span class='ocrx_word' id='word_1_191' title='bbox 342 4573 582 4664; x_wconf 84' lang='lat' dir='ltr'>risiensibus,</span> <span class='ocrx_word' id='word_1_192' title='bbox 603 4573 675 4681; x_wconf 89' lang='lat' dir='ltr'>ipsi</span> <span class='ocrx_word' id='word_1_193' title='bbox 695 4572 902 4653; x_wconf 87' lang='lat' dir='ltr'>Guillelmo</span> <span class='ocrx_word' id='word_1_194' title='bbox 922 4601 944 4650; x_wconf 89' lang='lat' dir='ltr'>a</span> <span class='ocrx_word' id='word_1_195' title='bbox 964 4573 1065 4652; x_wconf 92' lang='lat' dir='ltr'>dicto</span> <span class='ocrx_word' id='word_1_196' title='bbox 1088 4572 1211 4649; x_wconf 90' lang='lat' dir='ltr'>milite</span> <span class='ocrx_word' id='word_1_197' title='bbox 1238 4571 1349 4650; x_wconf 88' lang='lat' dir='ltr'>certis</span> <span class='ocrx_word' id='word_1_198' title='bbox 1372 4569 1607 4676; x_wconf 88' lang='lat' dir='ltr'>temporibus</span> <span class='ocrx_word' id='word_1_199' title='bbox 1632 4573 1775 4679; x_wconf 87' lang='lat' dir='ltr'>persol-</span> 
     </span>
     <span class='ocr_line' id='line_1_26' title="bbox 342 4701 1776 4814; baseline 0.001 -34"><span class='ocrx_word' id='word_1_200' title='bbox 342 4703 473 4803; x_wconf 84' lang='lat' dir='ltr'>vendis</span> <span class='ocrx_word' id='word_1_201' title='bbox 487 4705 604 4785; x_wconf 74' lang='lat' dir='ltr'>tVisis</span> <span class='ocrx_word' id='word_1_202' title='bbox 618 4705 732 4814; x_wconf 85' lang='lat' dir='ltr'>igitur</span> <span class='ocrx_word' id='word_1_203' title='bbox 750 4705 840 4783; x_wconf 86' lang='lat' dir='ltr'>actis</span> <span class='ocrx_word' id='word_1_204' title='bbox 859 4721 899 4782; x_wconf 88' lang='lat' dir='ltr'>et</span> <span class='ocrx_word' id='word_1_205' title='bbox 917 4704 1210 4812; x_wconf 89' lang='lat' dir='ltr'>probacionibus</span> <span class='ocrx_word' id='word_1_206' title='bbox 1229 4703 1398 4811; x_wconf 89' lang='lat' dir='ltr'>parcium</span> <span class='ocrx_word' id='word_1_207' title='bbox 1418 4701 1690 4810; x_wconf 88' lang='lat' dir='ltr'>predictarum,</span> <span class='ocrx_word' id='word_1_208' title='bbox 1706 4735 1776 4813; x_wconf 88' lang='lat' dir='ltr'>per</span> 
     </span>
     <span class='ocr_line' id='line_1_27' title="bbox 343 4834 1772 4946; baseline 0.002 -34"><span class='ocrx_word' id='word_1_209' title='bbox 343 4836 447 4914; x_wconf 88' lang='lat' dir='ltr'>curie</span> <span class='ocrx_word' id='word_1_210' title='bbox 466 4856 576 4915; x_wconf 87' lang='lat' dir='ltr'>notre</span> <span class='ocrx_word' id='word_1_211' title='bbox 590 4837 797 4946; x_wconf 87' lang='lat' dir='ltr'>judicium,</span> <span class='ocrx_word' id='word_1_212' title='bbox 821 4837 965 4916; x_wconf 89' lang='lat' dir='ltr'>dictum</span> <span class='ocrx_word' id='word_1_213' title='bbox 986 4836 1058 4916; x_wconf 85' lang='lat' dir='ltr'>fuit</span> <span class='ocrx_word' id='word_1_214' title='bbox 1076 4837 1289 4944; x_wconf 88' lang='lat' dir='ltr'>predictum</span> <span class='ocrx_word' id='word_1_215' title='bbox 1311 4835 1472 4927; x_wconf 83' lang='lat' dir='ltr'>militem</span> <span class='ocrx_word' id='word_1_216' title='bbox 1488 4834 1613 4911; x_wconf 87' lang='lat' dir='ltr'>eidem</span> <span class='ocrx_word' id='word_1_217' title='bbox 1626 4835 1772 4946; x_wconf 84' lang='lat' dir='ltr'>Ogcro,</span> 
     </span>
     <span class='ocr_line' id='line_1_28' title="bbox 342 4966 1773 5075; baseline 0 -31"><span class='ocrx_word' id='word_1_218' title='bbox 342 4983 523 5075; x_wconf 85' lang='lat' dir='ltr'>tanquam</span> <span class='ocrx_word' id='word_1_219' title='bbox 542 4967 623 5048; x_wconf 86' lang='lat' dir='ltr'>filio</span> <span class='ocrx_word' id='word_1_220' title='bbox 644 4987 682 5048; x_wconf 90' lang='lat' dir='ltr'>et</span> <span class='ocrx_word' id='word_1_221' title='bbox 699 4969 833 5048; x_wconf 87' lang='lat' dir='ltr'>heredi</span> <span class='ocrx_word' id='word_1_222' title='bbox 853 4967 942 5047; x_wconf 85' lang='lat' dir='ltr'>dicti</span> <span class='ocrx_word' id='word_1_223' title='bbox 963 4967 1176 5061; x_wconf 81' lang='lat' dir='ltr'>Guillelmi,</span> <span class='ocrx_word' id='word_1_224' title='bbox 1199 4997 1243 5046; x_wconf 84' lang='lat' dir='ltr'>ex</span> <span class='ocrx_word' id='word_1_225' title='bbox 1262 4995 1370 5044; x_wconf 89' lang='lat' dir='ltr'>causa</span> <span class='ocrx_word' id='word_1_226' title='bbox 1389 4966 1574 5074; x_wconf 87' lang='lat' dir='ltr'>predicta,</span> <span class='ocrx_word' id='word_1_227' title='bbox 1595 4968 1716 5044; x_wconf 87' lang='lat' dir='ltr'>teneri</span> <span class='ocrx_word' id='word_1_228' title='bbox 1734 4969 1773 5044; x_wconf 83' lang='lat' dir='ltr'>in</span> 
     </span>
     <span class='ocr_line' id='line_1_29' title="bbox 344 5100 1785 5211; baseline -0.001 -35"><span class='ocrx_word' id='word_1_229' title='bbox 344 5100 561 5208; x_wconf 77' lang='lat' dir='ltr'>quingentis</span> <span class='ocrx_word' id='word_1_230' title='bbox 586 5101 694 5180; x_wconf 80' lang='lat' dir='ltr'>libris</span> <span class='ocrx_word' id='word_1_231' title='bbox 721 5103 993 5182; x_wconf 89' lang='lat' dir='ltr'>Parisiensibus</span> <span class='ocrx_word' id='word_1_232' title='bbox 1019 5100 1207 5211; x_wconf 88' lang='lat' dir='ltr'>predictis.</span> <span class='ocrx_word' id='word_1_233' title='bbox 1235 5103 1432 5196; x_wconf 86' lang='lat' dir='ltr'>Quantum</span> <span class='ocrx_word' id='word_1_234' title='bbox 1459 5118 1586 5178; x_wconf 90' lang='lat' dir='ltr'>autem</span> <span class='ocrx_word' id='word_1_235' title='bbox 1611 5100 1658 5176; x_wconf 91' lang='lat' dir='ltr'>ad</span> <span class='ocrx_word' id='word_1_236' title='bbox 1682 5101 1785 5178; x_wconf 87' lang='lat' dir='ltr'>resi-&#39;</span> 
     </span>
    </p>
   </div>
   <div class='ocr_carea' id='block_1_8' title="bbox 1818 875 2004 1012">
    <p class='ocr_par' dir='ltr' id='par_1_8' title="bbox 1818 875 2004 1012">
     <span class='ocr_line' id='line_1_30' title="bbox 1818 875 2004 941; baseline 0.016 -11"><span class='ocrx_word' id='word_1_237' title='bbox 1818 875 1948 932; x_wconf 77' lang='lat' dir='ltr'>Puniens</span> <span class='ocrx_word' id='word_1_238' title='bbox 1961 879 2004 941; x_wconf 81' lang='lat' dir='ltr'>tv,</span> 
     </span>
     <span class='ocr_line' id='line_1_31' title="bbox 1881 971 1944 1012; baseline 0 0"><span class='ocrx_word' id='word_1_239' title='bbox 1881 971 1944 1012; x_wconf 83' lang='lat' dir='ltr'>lsoo.</span> 
     </span>
    </p>
   </div>
   <div class='ocr_carea' id='block_1_9' title="bbox 0 0 2232 6209">
    <p class='ocr_par' dir='ltr' id='par_1_9' title="bbox 0 0 2232 6209">
     <span class='ocr_line' id='line_1_32' title="bbox 0 0 2232 6209; baseline 0 0"><span class='ocrx_word' id='word_1_240' title='bbox 0 0 2232 6209; x_wconf 95' lang='lat' dir='ltr'> </span> 
     </span>
    </p>
   </div>
  </div>
 </body>
</html>
