4450 6209
502 706 575 780 640
1131 708 1220 780 Lus
1250 708 1391 782 OLIM.

276 852 462 918 patrinatu,
500 848 611 940 dicta,
638 865 676 924 et
696 847 966 953 condempnari
992 848 1158 926 eundem
1184 850 1374 957 Rogemm
1399 851 1449 928 ad
1470 853 1712 932 reddendum
1735 853 1807 932 sibi
1831 856 1922 935 duas

337 949 399 988 lm
500 1007 609 1058 zonas
624 996 663 1056 et
682 1006 796 1056 unam
817 978 1033 1056 duodenam
1055 980 1325 1058 cocleariorum
1344 983 1504 1090 argenti,
1525 1011 1646 1060 unum
1665 982 1864 1075 circulum,
1882 1003 1922 1064 et

499 1113 578 1190 duo
598 1109 752 1188 monilia
773 1108 871 1196 auri,
893 1138 967 1215 que
987 1139 1026 1188 se
1047 1111 1187 1188 habere
1207 1111 1333 1189 adbuc
1351 1113 1453 1219 apud
1467 1142 1508 1191 se
1522 1113 1716 1192 consessus
1728 1113 1802 1192 fuit
1815 1117 1854 1191 in
1862 1118 1921 1223 ju-

500 1243 598 1322 dicio
622 1243 744 1320 dictus
764 1243 932 1350 Rogerns
956 1240 1004 1319 de
1024 1242 1178 1320 residuo
1198 1244 1398 1350 pignorum
1417 1246 1692 1352 predictorum,
1710 1243 1758 1323 ¹ut
1776 1247 1921 1325 dicebat

499 1375 601 1452 idem
619 1373 828 1462 lohannes3
853 1374 1066 1479 prepositus
1090 1400 1179 1452 vero
1198 1373 1433 1464 Parisiensis,
1454 1376 1594 1454 auditis
1614 1376 1784 1482 parcium
1806 1379 1919 1456 racio-

499 1507 610 1584 nibus
635 1523 672 1582 et
696 1502 994 1582 confessionibus
1014 1503 1252 1595 earumdem,
1277 1531 1425 1584 necnon
1445 1505 1752 1612 deposicionibua
1769 1509 1918 1586 testium

499 1637 689 1715 hincinde
705 1634 976 1742 productorum
996 1651 1034 1710 et
1051 1651 1184 1714 tenore
1201 1635 1397 1742 cujusdam
1417 1636 1543 1714 littere
1557 1636 1748 1716 Castelleti
1766 1637 1919 1745 diligen·

497 1790 555 1848 ter
565 1768 758 1876 inspectis,
772 1766 1060 1872 condempnavit
1072 1765 1214 1846 dictum
1223 1766 1434 1844 Johannem
1446 1767 1496 1845 ud
1504 1767 1744 1845 reddendum
1755 1768 1918 1874 predicto

498 1906 646 2007 Rogero
671 1901 849 1979 ducentas
871 1897 1056 1976 sexdecim
1083 1895 1198 1974 libras
1220 1897 1464 1988 Parisienses‚
1488 1915 1527 1976 et
1549 1897 1776 2006 adjudicavit
1797 1899 1915 1977 eidem

501 2034 658 2111 domum
677 2031 882 2138 predictam
900 2045 1091 2134 tamquam
1111 2028 1391 2135 ypothecatam‚
1411 2056 1561 2108 necnon
1580 2056 1710 2121 zonas,
1727 2027 1916 2116 coclearia,

500 2163 682 2240 circulum
704 2180 742 2239 et
761 2159 915 2240 monilia
934 2159 1101 2266 predicta
1121 2160 1299 2249 tenenda,
1320 2158 1443 2238 donec
1462 2158 1533 2237 sibi
1555 2157 1603 2237 de
1623 2158 1733 2237 dictis
1752 2158 1919 2237 ducentis

500 2293 687 2372 sexdecim
712 2292 819 2371 libris
842 2289 958 2368 fuerit
978 2289 1222 2378 satisfactum,
1248 2289 1451 2397 ipsumque
1475 2289 1686 2368 lohannem
1710 2290 1752 2365 in
1770 2288 1919 2366 residuo

501 2425 683 2502 dictarum
701 2451 935 2501 summarum
955 2420 1158 2527 petitarum
1178 2419 1353 2508 absolvit,
1375 2419 1689 2525 condempnando
1710 2419 1919 2526 predictum

499 2559 686 2662 Rogerum
709 2555 756 2630 ad
775 2551 1016 2628 reddendum
1037 2548 1163 2624 eidem
1187 2548 1349 2625 ,Iohanni
1368 2549 1592 2652 ypothecam
1612 2565 1651 2624 et
1667 2550 1824 2654 pignora
1838 2577 1919 2653 pre·

501 2687 613 2774 dicta,
635 2684 740 2789 prius
757 2699 882 2758 tamen
904 2679 951 2756 de
973 2678 1081 2755 dictis
1102 2677 1275 2755 ducentis
1290 2676 1478 2754 sexdecim
1497 2676 1602 2754 libris
1621 2677 1748 2754 eidem
1763 2680 1917 2786 lingere,

501 2835 545 2894 ut
556 2815 784 2921 premissum
801 2829 873 2899 est,
890 2808 1091 2898 satisfactm
1106 2837 1128 2884 a
1142 2835 1218 2913 quo
1229 2807 1418 2915 judicato,
1435 2823 1628 2914 tamquam
1639 2806 1733 2886 falso
1748 2825 1787 2885 et
1797 2836 1917 2915 pravo,

500 2965 657 3051 utraque
673 2972 758 3050 pars
778 2939 996 3049 appellavit:
1013 2940 1102 3018 Viso
1117 2939 1233 3046 igitur
1247 2968 1289 3016 ac
1305 2939 1505 3048 diligenter
1517 2938 1685 3046 inspecto
1702 2939 1805 3018 dicto
1822 2941 1920 3046 prin-

500 3076 610 3182 cipali
636 3100 744 3150 cause
767 3099 961 3177 processu,
983 3098 1051 3176 per
1075 3069 1179 3146 curie
1204 3087 1331 3147 nostre
1349 3068 1558 3175 judicium,
1582 3070 1727 3147 dictum
1748 3069 1822 3147 fuit
1837 3098 1919 3177 pre-

502 3207 646 3283 dictum
667 3203 900 3311 prepositum
927 3199 1025 3278 bene
1045 3199 1233 3307 judicasse
1258 3216 1296 3277 et
1318 3199 1436 3277 dictas
1460 3217 1584 3305 partes
1607 3200 1696 3278 hinc
1718 3199 1807 3277 inde
1827 3199 1918 3276 male

500 3335 722 3444 appellasse,
742 3350 780 3411 et
798 3331 904 3441 quod
919 3349 1077 3437 utraque
1097 3359 1181 3437 pars
1196 3331 1270 3408 hoc
1287 3329 1516 3409 emendabit.

557 3468 684 3546 Martis
699 3482 785 3572 post
802 3461 1213 3570 Sanctum-Georgium.

557 3599 609 3678 M.
631 3596 679 3675 de
699 3597 794 3674 Usco
814 3593 1026 3702 reportavit.

557 3863 617 3938 lX.
648 3861 750 3938 Mota
769 3858 1035 3945 controversia,
1066 3883 1192 3934 coram
1213 3857 1404 3962 preposito
1427 3856 1712 3948 silvanectensi,
1730 3858 1829 3936 inter
1841 3859 1917 3935 Ysa-

500 3992 631 4068 bellim
652 4008 690 4068 et
708 3990 918 4068 Johannam
937 3988 992 4066 les
1012 3992 1221 4078 Prevostes‚
1237 4016 1282 4065 er
1295 4017 1370 4064 una
1388 4006 1510 4096 parte,
1526 4005 1564 4067 et
1577 4005 1767 4067 curatores
1778 4017 1846 4066 seu
1857 3991 1918 4066 ad·

501 4122 774 4200 ministratores
786 4122 975 4199 bonorum
992 4118 1157 4226 Templi,
1171 4137 1209 4196 et
1223 4119 1435 4225 specialiter
1451 4120 1653 4198 Renerium
1665 4119 1714 4196 de
1729 4119 1915 4204 Credulio,

501 4254 618 4330 civem
649 4252 981 4342 Silvanectensem,
1004 4253 1043 4328 in
1071 4268 1255 4359 quantum
1282 4280 1369 4327 eum
1400 4252 1538 4358 tangit,
1568 4250 1717 4331 racione
1742 4250 1917 4328 adminis-

500 4385 676 4462 tracionis
694 4385 884 4462 bonorum
910 4383 998 4461 dicti
1020 4381 1191 4486 Templi,
1212 4381 1284 4460 sibi
1305 4380 1505 4459 commisse
1522 4382 1561 4458 in
1578 4380 1726 4460 ballivia
1739 4380 1919 4460 Silvanec-

500 4519 613 4606 tensi,
635 4547 681 4593 ex
703 4515 833 4604 altera,
859 4541 1036 4620 supereo
1058 4513 1162 4620 quod
1187 4513 1287 4590 dicte
1311 4510 1491 4590 mulieres
1513 4511 1687 4590 dicebant
1704 4541 1745 4589 se
1766 4511 1915 4602 debere,

496 4648 582 4753 jure
602 4646 848 4734 hereditario,
869 4663 1059 4752 tamquam
1076 4643 1323 4751 proximiores
1341 4642 1519 4734 heredes,
1542 4642 1742 4721 succedere
1761 4642 1918 4721 Johanni

502 4779 550 4855 de
570 4779 735 4867 Mouret‚
758 4777 948 4866 defuncto,
972 4776 1163 4882 quondam
1190 4804 1320 4852 earum
1339 4791 1489 4879 patruo,
1519 4772 1560 4850 in
1585 4775 1747 4881 quadam
1776 4801 1918 4851 masura

502 4937 588 4985 cum
614 4909 689 4984 suis
710 4907 967 5014 pertinenciis,
998 4907 1067 4984 sita
1095 4908 1144 4984 ad
1166 4906 1431 4985 molendinum
1456 4905 1539 4983 vadi
1567 4905 1617 4982 de
1646 4904 1805 4992 Clarois,
1821 4905 1919 5013 juxta

501 5035 796 5144 Compendium,
809 5067 922 5144 quarn
935 5066 1122 5116 masuram
1137 5038 1262 5116 dictus
1275 5038 1465 5116 Johanues
1479 5035 1645 5126 Mouret,
1655 5053 1832 5142 tempore
1847 5061 1918 5142 quo
