4450 6209
508 748 579 822 tut
1084 747 1175 822 LES
1206 745 1344 822 OLIM.

277 899 463 964 roumalt.
502 890 600 968 intra
621 889 832 970 clausuram
854 888 1083 994 predictam,
1099 907 1145 968 nt
1163 889 1312 980 dicitnr,
1334 888 1557 996 perpetrati,
1575 887 1701 965 dictus
1718 891 1931 997 prepositus

337 997 402 1042 ¹⁸⁰⁰*
502 1020 560 1098 rei
580 1039 711 1128 gentes
729 1021 849 1128 ipsius
868 1020 918 1097 de
938 1048 1084 1099 carcere
1101 1039 1140 1100 et
1159 1023 1275 1100 domo
1294 1021 1465 1128 ipsorum
1483 1020 1747 1128 religiosorum
1769 1039 1931 1100 extraxe-

502 1170 610 1242 runt,
634 1180 752 1262 quam
774 1151 955 1259 petebant
974 1152 1064 1231 dicti
1084 1153 1202 1232 abbas
1222 1170 1260 1230 et
1275 1167 1490 1230 conventus
1514 1179 1555 1228 se
1581 1152 1628 1228 de
1648 1151 1749 1229 dicto
1767 1154 1929 1260 Symone

420 1339 424 1346 -
502 1284 685 1361 resaisiri:
701 1283 788 1361 Visa
807 1283 924 1391 igitur
945 1284 1120 1391 inquesta
1141 1313 1254 1390 super
1275 1283 1364 1374 hoc,
1388 1283 1436 1360 de
1456 1282 1633 1360 mandato
1653 1301 1802 1372 nostro,
1820 1283 1925 1373 facta,

500 1443 570 1520 per
587 1416 691 1494 curie
709 1433 838 1492 nostre
847 1415 1055 1522 judicium,
1076 1415 1220 1493 dictum
1237 1410 1311 1492 tuit
1331 1416 1451 1492 dictos
1464 1413 1928 1520 religiosos'intencioncm

500 1573 606 1624 suam
626 1545 860 1626 sufficienter
884 1575 997 1652 super
1017 1548 1091 1624 hoc
1110 1547 1338 1654 probavisse,
1358 1564 1395 1625 et
1418 1545 1535 1624 nichil
1556 1573 1625 1653 per
1645 1563 1926 1652 procuratorem

500 1695 671 1755 nostrum
689 1705 804 1783 super
822 1680 895 1754 hoc
917 1706 996 1755 esse
1016 1677 1234 1784 probatum,
1257 1678 1454 1784 dictosque
1473 1676 1669 1784 religiosos
1689 1677 1736 1753 de
1758 1677 1927 1782 predicto

501 1809 666 1916 Symune
687 1835 767 1885 esse
786 1807 1046 1886 resaisiendos.

557 1938 735 2016 Mercurii
753 1938 932 2046 predicta.

556 2204 601 2279 X.
631 2204 805 2309 Inquesta
821 2218 949 2279 contra
964 2201 1163 2279 dominum
1179 2201 1389 2282 Johannem
1409 2204 1458 2282 de
1477 2203 1635 2294 Guines,
1656 2204 1721 2311 qui
1740 2203 1926 2284 vileniavit

499 2334 735 2441 prepositum
755 2334 882 2440 Regis,
910 2349 948 2411 et
968 2362 1083 2440 super
1102 2334 1175 2412 hoc
1203 2336 1360 2442 gagiavit
1384 2337 1600 2426 emendam,
1625 2354 1736 2442 prout
1757 2340 1926 2416 contine-

497 2481 561 2540 tur
580 2464 619 2539 in
638 2463 766 2541 rotulo
787 2463 901 2572 hujus
919 2462 1154 2570 parlamenti.

554 2596 744 2701 Expedita.
799 2669 803 2676 .

553 2860 614 2934 XI.
643 2857 743 2936 Cum
764 2859 907 2968 Agatha
928 2862 1110 2938 Fumeria
1136 2860 1184 2938 de
1211 2860 1490 2942 Valle-Giraudi
1512 2861 1696 2970 arreragia
1716 2863 1817 2940 dotis
1836 2891 1921 2952 sue,

495 3015 566 3094 pro
581 3006 667 3066 octo
682 2991 789 3066 annis
801 2991 991 3098 preteritis
1004 2992 1053 3068 de
1068 2994 1179 3070 terris
1194 3009 1231 3070 et
1247 2994 1365 3070 vineis
1378 2995 1422 3070 ad
1440 3021 1540 3082 eam,
1556 2995 1705 3070 racione
1723 2995 1822 3072 dotis
1837 3023 1920 3082 sue,

496 3120 789 3227 pertinentibus,
815 3148 908 3230 quas
931 3123 1141 3214 coluerant,
1169 3125 1455 3204 debladaverant
1480 3144 1517 3205 et
1542 3125 1838 3232 explectaverant
1856 3153 1923 3232 per
2013 3153 2014 3160 ¹

496 3250 641 3328 dictum
664 3269 828 3359 tempus,
856 3253 1011 3360 utipsi1
1033 3255 1198 3346 dicebat,
1222 3259 1263 3334 R.
1285 3257 1495 3366 Burgundi,
1517 3285 1618 3334 nunc
1643 3255 1858 3348 defunctus,
1887 3273 1923 3333 et

493 3381 623 3475 Alisia,
646 3383 727 3491 ejus
746 3385 890 3475 relicta,
915 3402 1065 3493 peterat
1089 3388 1160 3464 sibi
1185 3389 1316 3466 reddi:
1339 3389 1486 3467 Auditis
1511 3389 1680 3496 partibus
1703 3406 1742 3466 et
1768 3389 1841 3464 visa
1865 3391 1922 3465 in-

494 3531 626 3619 questa
646 3543 759 3621 super
772 3516 846 3595 hoc
864 3518 975 3608 facta,
994 3521 1234 3599 demandato
1255 3519 1357 3596 curie
1376 3538 1519 3611 nostre,
1540 3521 1638 3597 dicta
1650 3519 1780 3597 relicta
1799 3519 1922 3596 eidem

493 3644 658 3750 Agathe,
679 3675 748 3751 pro
769 3651 962 3756 arreragiis
982 3652 1161 3760 predictis
1187 3652 1235 3728 de
1257 3669 1402 3757 septem
1428 3651 1551 3741 annis,
1581 3653 1621 3728 in
1647 3667 1793 3758 septem
1819 3650 1921 3728 libris

492 3775 762 3854 Parisiensibus
786 3780 903 3856 semel
925 3783 959 3858 ei
985 3782 1195 3871 solvendis,
1218 3811 1287 3889 per
1306 3783 1408 3860 curie
1427 3800 1553 3861 nostre
1569 3784 1775 3891 judicium,
1803 3783 1921 3861 extitit

493 3897 778 4013 condempnata.

550 4037 706 4116 Veneris
724 4058 810 4146 post
833 4043 1098 4123 lovencionem
1120 4047 1250 4124 Sancte
1269 4047 1409 4124 Crucis.

429 4237 438 4248 ,
549 4168 598 4245 Μ.
621 4168 747 4246 Droco
768 4172 981 4280 reportavit.

545 4430 620 4505 xtl.
652 4430 751 4508 Cum
774 4435 952 4540 magister
972 4454 1010 4513 et
1037 4437 1150 4513 frater
1168 4439 1399 4516 Domus-Dei
1422 4441 1470 4516 de
1500 4438 1656 4517 Belvaco
1682 4438 1855 4517 dicerent
1881 4467 1916 4515 se

489 4587 569 4636 csse
584 4560 622 4634 in
636 4562 772 4641 saisina
779 4566 995 4674 justiciandi
1012 4568 1050 4644 in
1069 4568 1185 4646 domo
1199 4598 1281 4660 sua,
1297 4570 1365 4647 sita
1382 4569 1482 4676 apud
1495 4570 1914 4658 Franchum-Castrum,

489 4706 528 4765 et
549 4693 793 4795 pertinenciis
822 4698 1013 4805 ejusdem,
1042 4717 1080 4777 at
1103 4715 1148 4777 ox
1174 4702 1329 4780 adverso
1360 4703 1537 4810 magister
1561 4720 1599 4780 et
1622 4702 1754 4796 fratres
1782 4705 1917 4782 domus

488 4821 637 4927 Tempii
653 4825 700 4902 de
716 4828 940 4907 Boisdescua
961 4829 1130 4910 dicerent
1149 4862 1188 4911 sa
1210 4834 1345 4911 esseio
1367 4834 1498 4912 saisina
1511 4835 1662 4943 justicie
1676 4835 1863 4941 predicte,
1882 4851 1916 4912 et

488 4968 641 5058 propter
659 4956 837 5036 debatum
859 4962 1095 5069 hujusmodi,
1113 4966 1278 5072 quedam
1298 4965 1428 5074 prisia,
1451 4995 1525 5073 que
1544 4966 1774 5074 justiciando
1793 4966 1926 5044 fuerat·

531 5113 541 5148 ¹
564 5117 644 5182 Lisez
659 5122 726 5205 ipsa.
