4450 6209
705 730 1007 840 ,snoutrns
1032 750 1096 822 er
1124 732 1327 824 raeces.
1673 751 1747 826 sor

330 887 527 976 Ceulliaci,
541 888 707 998 adcujus
718 889 933 969 resectionis
945 890 1272 995 contribucionem
1284 890 1435 979 dicebat
1445 920 1511 970 eos
1522 894 1747 997 teneri,tam
1787 912 1973 974 Perennem,

328 1020 478 1099 racione
498 1020 679 1127 generalis
698 1023 983 1101 consuetudinis
999 1023 1210 1103 castellanie
1221 1022 1401 1111 Creciaci,
1415 1023 1455 1099 in
1468 1042 1595 1130 quaet
1614 1025 1661 1102 de
1675 1053 1747 1132 qua
1850 1002 1913 1046 Μ’

330 1148 544 1230 castellania
561 1170 649 1229 sunt
669 1153 768 1259 dicte
781 1153 885 1247 ville,
899 1182 1012 1260 qnam
1031 1154 1203 1262 pI'uribus
1218 1154 1301 1232 aliis
1312 1152 1539 1244 mcionibus;
1556 1155 1666 1233 dictis
1678 1156 1751 1233 ho-

330 1281 498 1359 minibus
513 1283 739 1362 contrarium
752 1286 1002 1364 asserentibus
1019 1303 1057 1363 et
1073 1286 1288 1364 dicentibus
1296 1286 1401 1393 quod
1411 1314 1499 1376 nos,
1513 1302 1592 1363 tarn
1601 1268 1750 1396 racione

329 1412 477 1519 pedagii
499 1414 602 1520 quod
622 1414 765 1492 ibidem
785 1416 1030 1522 percipimus,
1044 1416 1347 1523 quampluribus
1360 1416 1443 1494 aliis
1453 1417 1686 1505 nacionibus,
1704 1418 1752 1495 ad

333 1542 502 1650 ejusdem
519 1546 643 1650 pontis
658 1542 904 1623 refectionem
918 1546 1142 1623 tenebamur
1157 1577 1165 1621 ε
1183 1546 1370 1651 Tandem,
1388 1548 1644 1625 mandavimus
1658 1550 1753 1625 veri-

331 1689 448 1750 tatem
463 1702 575 1780 super
587 1674 800 1780 premissis,
818 1675 987 1781 partibus
1003 1677 1157 1766 vocatis,
1176 1676 1332 1783 inquiri,
1352 1693 1404 1768 et,
1420 1677 1509 1785 quia
1523 1705 1592 1783 per
1605 1677 1755 1784 inques·

332 1820 429 1893 tam,
444 1832 558 1910 super
576 1805 651 1883 hoc
670 1804 909 1884 demandato
929 1822 1059 1883 nomo
1074 1806 1206 1883 factam
1224 1825 1262 1884 et
1274 1835 1343 1913 per
1357 1808 1498 1885 curiam
1514 1824 1681 1884 nostram
1696 1809 1755 1884 di-

332 1931 492 2039 ligenter
512 1933 736 2041 inspectam,
751 1935 890 2013 auditis
903 1936 1104 2043 utriusque
1124 1939 1239 2043 partis
1252 1937 1486 2026 racionibus,
1508 1966 1585 2015 non
1605 1956 1756 2044 apparet

334 2062 456 2141 dictos
473 2064 647 2143 bomines
667 2065 813 2173 aliquid
832 2066 1042 2171 probavisse
1062 2070 1265 2173 qumninns
1283 2067 1485 2145 addictam
1502 2068 1756 2147 contribucio·
1797 2146 1807 2162 ‚

333 2220 428 2271 nean.
440 2212 651 2287 teneantur,
675 2213 713 2273 et
732 2224 776 2271 ex
794 2212 900 2301 parte
920 2195 1010 2271 dicti
1024 2198 1222 2301 prepositi,
1239 2197 1392 2274 nomine
1407 2215 1553 2287 nostro,
1570 2197 1758 2277 sufficien-

333 2338 392 2401 ter
409 2316 609 2430 probatum
624 2341 682 2403 est
693 2323 813 2431 quod,
827 2323 876 2401 de
887 2324 1158 2402 consuetudine
1169 2323 1383 2404 castellania
1394 2325 1557 2405 Creciaci
1568 2326 1753 2431 predicte,

335 2453 508 2532 homines
527 2453 700 2533 villarum
720 2470 765 2530 et.
777 2453 950 2531 Iocorum
969 2454 1319 2559 circompositorum
1339 2454 1552 2532 castellania
1570 2454 1755 2560 predicte,

335 2582 375 2659 in
393 2584 536 2690 quibus
554 2601 643 2663 sunt
660 2590 812 2689 pentes,
836 2612 879 2661 ex
901 2582 976 2661 iIIis
997 2584 1177 2689 pontibus
1196 2586 1459 2663 aisiamentum
1478 2584 1690 2674 babentes,
1702 2603 1759 2663 te-

335 2715 531 2793 nenturad
541 2714 857 2793 contribuendum
868 2710 1063 2793 refectioni
1074 2714 1243 2821 ipsorum
1254 2716 1451 2820 poncium,
1466 2713 1648 2822 quociens
1661 2744 1758 2823 opus

337 2860 409 2933 est,
431 2844 599 2949 quamvis
618 2854 705 2935 nos,
719 2845 757 2923 in
769 2844 882 2953 dictis
895 2843 992 2925 villis
1007 2861 1046 2921 et
1060 2844 1256 2953 pontibus,
1269 2846 1477 2953 pedagium
1489 2845 1757 2953 percipiamus:

336 2973 527 3056 Parentis
548 2992 675 3055 nostae
692 2974 879 3082 judicium
901 2974 1048 3053 dictum
1071 2961 1148 3053 fuit
1170 2975 1358 3083 predictos
1369 2975 1552 3055 bemines
1570 2978 1758 3056 teneri'ad

337 3104 654 3199 contribuendum
673 3103 868 3211 refectioni
888 3107 1017 3210 pontis
1036 3105 1453 3212 Coidliacisupredicti.

393 3235 494 3314 Iovis
513 3236 552 3314 in
570 3228 666 3341 Iesto
680 3234 778 3313 beati
793 3234 998 3313 Vincancii.

396 3366 445 3445 M.
466 3364 591 3445 Draco
610 3364 821 3471 reportavit.

342 3698 345 3709 .
366 3734 369 3739 Ι
396 3630 523 3707 XXIII.
554 3628 674 3722 Cum,
695 3630 736 3707 in
753 3631 857 3709 curis
869 3632 1111 3710 dominorum
1127 3648 1227 3709 terre
1243 3632 1292 3710 de
1306 3634 1475 3721 Iiauton,
1493 3631 1563 3710 site
1580 3632 1761 3720 Parisios,

340 3760 406 3838 tite
421 3776 523 3839 mota
537 3760 637 3838 inter
656 3760 884 3841 Gaufrs'dum
896 3762 932 3845 Ie
951 3764 1108 3853 Breton,
1121 3791 1166 3841 cx
1179 3778 1282 3871 parte
1298 3791 1389 3850 um,
1403 3779 1442 3840 et
1458 3761 1665 3840 Fuioonem
1684 3761 1761 3839 die-

340 3907 423 3969 tum
444 3890 479 3967 lc
499 3891 690 3987 Francois,
711 3920 756 3969 es
779 3891 894 3970 adrem
906 3920 1050 3999 ,super
1069 3893 1298 4001 proprietate
1322 3892 1518 4001 cujusdam
1539 3891 1677 3970 domus
1695 3920 1764 3969 seu

341 4022 510 4130 grangis,
526 4020 595 4099 site
610 4022 789 4111 Parisios,
802 4022 843 4098 in
860 4024 941 4100 vico
951 4024 1212 4113 Rosariorum,
1230 4052 1305 4130 que
1319 4025 1513 4131 quondam
1528 4023 1601 4101 fuit
1614 4002 1769 4101 Tbome

342 4151 477 4243 d'Ierre
493 4169 536 4259 et¹
550 4150 739 4244 Iohanne,
758 4154 840 4260 ejus
856 4152 951 4242 filie,
969 4154 1225 4261 quam-dictus
1240 4152 1443 4232 Gauiridus
1460 4154 1563 4259 adse
1579 4153 1767 4231 asserebat

342 4281 552 4387 pertinere,
566 4299 698 4388 petens
715 4282 786 4359 sibi
807 4282 1010 4390 adjudicari
1030 4284 1189 4361 eandem
1201 4346 1210 4375 ,
1223 4282 1382 4389 predicti
1398 4282 1544 4361 domini
1554 4283 1657 4360 dicto
1672 4282 1768 4361 Gan-

343 4411 443 4493 frido
462 4412 668 4520 predictam
689 4413 848 4491 domum
870 4441 934 4492 seu
955 4413 1149 4523 >grangiam
1170 4413 1464 4522 adjudicassent,
1487 4426 1526 4490 et
1544 4442 1564 4488 a
1584 4412 1685 4491 dicto
1704 4414 1768 4520 ju-

344 4544 486 4633 dicato,
506 4562 683 4652 tanquam
701 4573 729 4621 a
742 4543 841 4623 Iuleo
864 4562 902 4623 et
919 4573 1050 4653 pravo,
1070 4544 1193 4622 dictus
1209 4543 1329 4621 FuIco
1349 4544 1395 4620 ad
1415 4542 1648 4650 prepositum
1668 4540 1769 4639 Pari·

345 4673 768 4782 siensem'appellasset,
796 4675 899 4754 idem
923 4677 1151 4783 prepositus,
1179 4675 1220 4751 in
1249 4673 1348 4753 dicta
1372 4672 1636 4781 appellucionis
1660 4668 1769 4750 causa

346 4804 569 4911 procedens,
586 4806 846 4911 pronunciavit
863 4807 962 4885 bene
976 4804 1190 4915 judicatum
1210 4823 1249 4883 et
1267 4805 1367 4883 male
1386 4803 1616 4911 appellatum
1634 4801 1768 4893 fuisse,

348 4934 494 5043 ancujus
511 4938 689 5042 prepositi
705 4938 891 5045 judicato,
911 4954 1105 5045 tamquam
1126 4934 1220 5015 saiso
1245 4954 1283 5015 et
1298 4964 1428 5042 pravo,
1446 4934 1570 5014 dictm
1587 4935 1705 5013 FuIco
1724 4934 1768 5012 ad

347 5082 515 5148 nestram
528 5066 670 5145 curiam
681 5068 1045 5175 iteratoappeilevit:
1064 5066 1213 5145 Auditis
1223 5068 1348 5174 igitur,
1364 5067 1405 5143 in
1415 5066 1518 5145 curia
1532 5082 1676 5153 nomm,
1695 5064 1773 5140 dio-

435 5242 489 5284 sas
510 5241 592 5284 ουκ.
617 5242 663 5283 rra.
1632 5218 1668 5278 52
