4450 6209
512 684 587 758 366
1088 678 1179 751 LES
1211 676 1353 753 OLlM:

287 840 418 897 Puturre
430 836 475 898 Ν»
511 824 677 904 cundum
694 821 783 901 dicti
801 818 961 927 judicati
978 817 1154 911 fonnem,
1177 836 1214 899 et
1234 820 1481 898 consideratis
1499 818 1736 900 facultatibus
1751 819 1933 901 dictorum

348 933 411 975 Μ’
511 954 893 1059 condempnatorum,
908 968 946 1029 et
960 950 1206 1031 instructione
1221 980 1336 1059 quam
1347 978 1416 1057 per
1431 978 1616 1029 cameram
1628 950 1861 1042 habuerunt,
1872 956 1933 1059 qui

511 1086 630 1193 magis
652 1100 691 1161 et
714 1083 780 1192 qui
799 1082 926 1167 minus
950 1082 1196 1190 deliquerunt
1217 1083 1257 1163 in
1280 1083 1478 1189 predictis,
1501 1110 1615 1191 super
1638 1081 1711 1161 hiis
1734 1083 1859 1189 previa
1879 1114 1933 1165 ra·

510 1216 618 1295 cione
639 1214 855 1323 procedant.

568 1346 720 1425 Sabbati
741 1362 827 1451 post
846 1343 1263 1451 Sanctum-Georgium.

567 1477 676 1557 Creci
695 1477 906 1583 reportavit.

569 1740 628 1817 XI.
660 1738 758 1827 Cum
778 1752 997 1843 procurator
1017 1753 1145 1815 noster
1160 1736 1374 1817 senescallie
1388 1737 1697 1846 Petragoricensis
1712 1755 1751 1817 et
1764 1739 1930 1817 Lamber-

512 1887 574 1947 tus
585 1871 712 1961 Forte,
728 1896 770 1947 ac
781 1867 955 1945 nonnulli
969 1867 1032 1945 alii
1043 1867 1141 1946 cives
1154 1886 1191 1947 et
1203 1868 1531 1957 habitatoresville
1544 1870 1869 1976 Petregorieensis,
1881 1898 1931 1949 co

514 2029 594 2078 ram
604 2000 714 2077 nobis
724 1998 1009 2107 proposuissent
1017 1999 1137 2107 quod,
1155 2028 1241 2077 cum
1252 2000 1345 2079 olim
1354 2017 1477 2081 certus
1489 2000 1628 2085 modus
1637 2018 1676 2079 et
1687 2018 1788 2080 certa
1801 2000 1929 2091 forma,

514 2132 774 2212 communitati
789 2131 888 2211 dicte
903 2130 990 2210 ville
1001 2130 1108 2209 utilis
1123 2149 1162 2209 et
1172 2132 1395 2239 expediens,
1409 2130 1567 2213 fuissent
1579 2132 1620 2212 in
1635 2131 1821 2221 creandis,
1839 2158 1931 2213 anno

514 2262 704 2369 quolibet,
718 2262 860 2369 majore
876 2280 916 2340 at
927 2262 1145 2343 consulibus
1161 2263 1258 2343 dicte
1273 2262 1377 2351 ville,
1395 2263 1513 2344 eciam
1527 2262 1575 2345 ab
1590 2262 1745 2369 antiquo
1760 2261 1861 2342 inter
1873 2288 1934 2345 ecs

513 2394 766 2472 communiter
790 2410 829 2471 et
855 2393 1007 2501 pacifice
1033 2395 1246 2485 observata,
1274 2394 1449 2472 videlicet
1478 2394 1600 2501 quod,
1632 2394 1738 2471 linito
1768 2410 1933 2501 tempore

514 2525 627 2603 unius
641 2525 746 2614 anni,
759 2525 1085 2632 congregabantur
1100 2527 1140 2603 in
1157 2524 1354 2606 consulatu
1367 2554 1435 2604 seu
1449 2524 1488 2603 in
1505 2525 1619 2603 domo
1635 2525 1828 2603 communi
1842 2525 1934 2603 dicte

513 2657 598 2735 ville
619 2656 739 2764 major
759 2674 797 2734 et
817 2656 1013 2746 consules,
1035 2674 1074 2735 et
1092 2686 1161 2765 per
1179 2659 1281 2764 ipsos
1298 2656 1597 2737 convocabantur
1612 2655 1661 2734 ad
1676 2656 1750 2735 boc
1764 2654 1935 2762 sollemp

515 2789 614 2865 niter
628 2804 668 2863 et
680 2783 834 2893 publice
852 2816 938 2865 cum
955 2788 1057 2865 tubis
1071 2815 1203 2869 omnes
1214 2787 1534 2897 popularesdicte
1549 2785 1656 2879 ville,
1673 2803 1711 2867 et
1728 2788 1782 2865 eis
1795 2786 1935 2871 ibidem

513 2918 815 3007 demulceatis,
835 2918 956 3025 major
975 2935 1013 2997 et
1037 2920 1211 3008 consules
1230 2918 1389 3027 predicti
1416 2916 1658 2997 dimittebant
1678 2935 1804 2997 totum
1828 2944 1933 3024 posse

514 3078 626 3126 suum
647 3048 894 3161 popularibus
917 3050 1114 3155 predictis,
1136 3068 1282 3134 retento
1303 3051 1391 3143 sibi,
1414 3052 1461 3131 de
1485 3050 1677 3133 voluntate
1697 3048 1935 3157 popularium

515 3180 790 3287 predictorum,
807 3179 913 3287 quod
927 3180 1111 3287 eligerent
1127 3199 1302 3289 quatuor,
1322 3210 1400 3261 non
1416 3211 1459 3259 ex
1474 3210 1514 3261 se
1530 3182 1620 3288 ipsis
1635 3181 1700 3257 sed
1718 3210 1762 3257 ex
1778 3179 1860 3257 aliis
1873 3207 1934 3286 po-

390 3332 394 3339 '
514 3310 709 3418 puleribus
724 3338 791 3387 seu
809 3310 951 3389 civibus
964 3313 1062 3390 dicte
1077 3313 1182 3401 ville,
1198 3314 1415 3421 juramento
1432 3313 1481 3392 ad
1500 3328 1626 3391 sancta
1640 3312 1710 3389 Dei
1728 3310 1934 3420 Ewangelia

515 3442 758 3549 corporaliter
777 3441 933 3550 prestito
954 3444 1076 3549 quod,
1099 3444 1204 3523 omni
1226 3443 1348 3523 lavore
1370 3460 1407 3521 et
1427 3443 1515 3523 odio
1533 3441 1728 3549 depositis,
1748 3441 1834 3519 illos
1847 3470 1934 3549 qua-

513 3591 602 3652 tuor
620 3601 718 3681 quos
736 3572 962 3679 ydoneiores
982 3591 1021 3649 et
1040 3573 1212 3652 utiliores
1231 3574 1280 3653 ad
1307 3575 1380 3653 hoc
1404 3574 1620 3667 crederent,
1642 3601 1711 3683 pro
1732 3600 1843 3679 posse
1869 3600 1932 3650 suo

515 3705 713 3812 eligerent,
728 3704 794 3809 qui
813 3719 988 3809 quatuor,
1004 3704 1057 3782 sic
1070 3734 1139 3811 per
1155 3706 1254 3811 ipsos
1270 3706 1396 3795 electi,
1408 3706 1603 3815 jurabant,
1622 3705 1661 3784 in
1678 3703 1934 3811 presenciato·

515 3834 595 3910 cius
609 3832 758 3939 populi,
771 3832 878 3939 quod
889 3851 973 3912 octo
985 3835 1126 3941 probos
1140 3836 1238 3914 viros
1253 3838 1299 3914 ad
1316 3836 1389 3913 hoc
1404 3836 1572 3945 ydoneos
1586 3852 1624 3912 et
1639 3864 1716 3911 non
1729 3850 1930 3940 suspectos,

514 3964 619 4040 omni
640 3962 763 4041 lavore
786 3963 977 4073 deposito,
998 3984 1234 4044 assumerent
1254 3985 1291 4046 et
1311 3967 1495 4074 eligerent
1508 3966 1555 4045 de
1569 3965 1839 4044 communitate
1854 3991 1932 4070 pre

515 4096 631 4186 dicta,
647 4093 796 4201 rejectis
809 4123 959 4203 semper
973 4098 1116 4204 majore
1133 4114 1171 4175 et
1188 4097 1406 4177 consulibus
1421 4097 1525 4175 illius
1543 4097 1653 4189 anni;
1671 4096 1737 4205 qui
1751 4112 1836 4174 octo
1851 4095 1930 4183 riri,

513 4256 582 4333 per
602 4226 723 4304 dictos
743 4245 907 4336 quatuor
930 4230 984 4307 sic
1009 4230 1139 4322 electi,
1156 4229 1354 4337 jurabant,
1376 4230 1416 4307 in
1435 4230 1627 4336 presencia
1646 4229 1768 4307 tocius
1787 4225 1930 4335 populi,

514 4357 619 4463 quod
630 4357 813 4465 majorem
824 4376 862 4436 et
872 4359 1049 4446 consules
1064 4359 1247 4469 eligerent
1262 4379 1301 4439 et
1315 4377 1565 4451 assumerent,
1580 4388 1650 4469 pro
1665 4386 1929 4466 eorumposse,

516 4488 687 4566 utiliores
698 4490 959 4568 communitati
980 4490 1164 4597 predicte,
1183 4493 1286 4570 omni
1300 4491 1423 4569 lavore
1440 4508 1478 4568 et
1492 4490 1582 4569 odio
1598 4490 1797 4599 depositis,
1815 4506 1852 4567 et
1864 4489 1932 4565 ins-

514 4635 622 4721 pecto
641 4619 765 4726 quod,
781 4649 825 4697 ex
839 4620 1024 4711 electione
1036 4622 1221 4728 ipsorum,
1242 4622 1595 4711 dictiselectoribus
1611 4620 1763 4700 nullum
1775 4618 1932 4726 particu-

515 4747 591 4823 lare
610 4751 856 4828 commodum
873 4780 940 4832 seu
956 4752 1191 4861 avantagium
1205 4770 1440 4860 quereretur,
1458 4754 1525 4832 sed
1540 4753 1821 4833 considerarent
1835 4747 1931 4859 quod

516 4879 717 4983 expediens
736 4882 888 4966 utilitati
910 4884 1008 4962 dicte
1028 4884 1114 4963 ville
1137 4885 1190 4963 eis
1205 4885 1413 4976 videretur;
1435 4885 1524 4963 dicti
1543 4913 1630 4963 vero
1651 4900 1736 4961 octo
1752 4911 1820 4991 per
1834 4882 1929 4959 hunc

516 5010 675 5089 modum
692 5010 746 5087 sic
762 5012 887 5102 electi,
906 5015 1088 5123 majorem
1103 5033 1142 5094 et
1156 5016 1346 5107 consules,
1364 5033 1517 5125 pensata
1529 5015 1569 5093 in
1585 5014 1763 5095 omnibus
1777 5010 1930 5091 utilitate
