4450 6209
737 710 1007 817 svoodrns
1032 729 1096 801 nr
1124 708 1331 801 procus.
1698 730 1741 798 77

380 872 493 947 Istam
510 867 839 959 informacionem,
859 868 907 947 de
928 870 1107 949 mandato
1125 868 1334 950 litterarum
1353 867 1499 947 domini
1513 868 1641 977 Regis,
1661 867 1745 943 misi
1784 883 1913 939 rmum
1925 886 1969 947 iv,

324 1000 467 1081 cantori
484 999 748 1080 Aurelianensi
763 1028 834 1106 per
849 998 1027 1080 clericum
1044 1029 1169 1079 suum.
1838 979 1900 1021 ¹³⁰¹·

381 1267 442 1343 lX.
473 1264 664 1369 laquem,
684 1263 779 1343 sacta
795 1291 864 1368 pro
882 1262 1114 1342 monialibus
1127 1262 1416 1371 Longi-Campi,
1432 1262 1539 1369 juxta
1554 1262 1750 1339 Sanctum-

325 1395 578 1485 Clodoveum‚
609 1395 759 1474 racione
791 1394 986 1502 cujusdam
1011 1422 1143 1471 earum
1166 1392 1390 1473 monialium
1419 1392 1610 1502 Philipps,
1638 1418 1751 1497 super

325 1524 637 1631 augmentaoione
665 1523 862 1631 cujusdam
888 1524 1005 1601 annui
1033 1524 1206 1605 redditus
1229 1552 1345 1629 quem
1371 1522 1450 1627 ipse
1475 1522 1687 1628 percipiunt
1702 1522 1749 1599 ,in

325 1654 439 1733 bursa
455 1654 602 1733 domini
619 1654 747 1763 Regis,
767 1654 939 1761 expeditu
957 1672 1029 1743 est,
1049 1671 1087 1731 et
1103 1654 1198 1734 lacta
1213 1682 1326 1760 super
1342 1654 1416 1733 boc
1434 1652 1559 1731 littera
1577 1655 1624 1733 ad
1642 1652 1752 1733 balli.-

325 1814 415 1863 vum
429 1784 725 1872 Cadomcnsem3
747 1784 856 1891 cujus
872 1782 998 1862 littere
1013 1802 1125 1863 tenor
1147 1801 1204 1861 est
1221 1810 1309 1861 cum
1324 1783 1509 1890 inquesta.

382 1914 482 1993 Jovis
495 1930 582 1993 ante
600 1915 779 1993 Sanctum
799 1914 990 1993 Muthiam.

383 2181 427 2255 X.
458 2180 633 2284 lnquesta
650 2176 745 2255 facta
761 2208 831 2284 pro
848 2179 899 2257 M.
919 2179 1028 2257 Helia
1044 2179 1093 2257 de
1109 2179 1358 2258 Malo-Monte
1377 2196 1415 2255 ot
1433 2179 1631 2287 Aymerico
1649 2180 1696 2255 de
1716 2177 1751 2254 la

326 2310 530 2397 cassanha,
549 2326 679 2386 contra
697 2306 925 2388 Gausridtim
942 2308 991 2385 de
1010 2309 1195 2388 Pontibus
1215 2326 1254 2387 et
1270 2326 1401 2415 gentes
1417 2337 1520 2400 suas,
1539 2336 1650 2414 super
1667 2312 1751 2416 qui-

327 2438 487 2517 busdam
502 2440 627 2546 prisiis
643 2458 681 2517 et
697 2438 908 2529 violenciis,
923 2466 989 2547 per
1012 2440 1155 2515 curiam
1174 2438 1340 2517 anullata
1363 2456 1401 2516 et
1418 2439 1552 2517 iterato
1569 2438 1746 2517 facienda.

382 2573 482 2649 lovis
500 2588 586 2649 ante
607 2573 787 2651 Sanctum
805 2571 1045 2679 Gregorium.

383 2838 445 2913 xt.
477 2837 653 2941 lnquesta
684 2834 778 2911 lacta
806 2835 904 2911 inter
932 2833 1105 2911 abbatem
1135 2851 1173 2909 et
1198 2850 1423 2909 conventum
1451 2833 1498 2909 de
1518 2834 1687 2913 Vallibus
1713 2837 1753 2913 in

328 2966 491 3073 Ornayn,
509 2984 547 3044 et
561 2966 761 3044 dominum
781 2966 992 3043 lohanncm
1009 2964 1057 3041 de
1077 2963 1329 3055 Godrcncort‚
1345 2962 1523 3055 militem,
1545 2992 1658 3072 super
1677 2968 1755 3075 qui·

280 3184 286 3191 ,
328 3096 488 3175 busdam
506 3096 716 3185 violenciis,
737 3094 901 3175 anullato
929 3112 967 3173 et
990 3094 1128 3173 iterum
1144 3094 1326 3173 facienda.

387 3226 549 3307 Sabbato
567 3244 654 3305 ante
674 3226 839 3306 Cineres.

387 3490 463 3567 ΧΠ.
493 3490 592 3567 Cum
611 3489 711 3567 inter
729 3487 913 3579 Giletam,
930 3515 1086 3565 uxorem
1100 3486 1283 3569 lobannis
1301 3489 1349 3567 do
1364 3488 1593 3579 Chauniaco‚
1613 3506 1650 3566 et
1666 3518 1756 3569 eun-

331 3621 421 3697 dem
439 3620 666 3707 lemanem,
689 3646 775 3709 suo,
796 3647 839 3697 ac
852 3617 994 3699 Galteri
1008 3617 1148 3709 fratris,
1164 3619 1300 3708 Mario,
1317 3618 1452 3711 Alicio,
1469 3640 1642 3697 sororum
1657 3620 1756 3698 dicte

331 3749 474 3839 Gilete,
496 3749 604 3826 annis
619 3749 830 3838 minorum
847 3749 1023 3839 nomine,
1039 3749 1226 3829 heredum
1242 3749 1341 3827 dicte
1356 3748 1548 3855 quondam
1565 3750 1755 3857 Majorissc

331 3881 381 3959 dc
395 3879 580 3968 Vallibus,
599 3908 643 3957 ex
661 3897 766 3987 parte
785 3908 880 3969 una,
899 3897 938 3957 et
949 3878 1132 3959 ballivum
1146 3892 1318 3959 nostru-m
1334 3879 1673 3962 viromandensem
1687 3910 1756 3987 pro

331 4009 459 4100 nobis,
485 4027 652 4117 exparte
672 4010 805 4100 altera,
828 4010 965 4089 vocatis
984 4010 1125 4088 adhoc
1144 4012 1261 4089 eciam
1286 4010 1426 4119 majore
1452 4028 1490 4088 et
1504 4011 1644 4117 juratis
1664 4014 1759 4089 tau-

335 4142 585 4232 dunensibus‚
607 4159 688 4221 orta
706 4158 803 4219 esset
821 4142 974 4219 materia
993 4141 1202 4248 questionis
1216 4169 1330 4248 super
1344 4141 1506 4248 quadam
1526 4142 1642 4221 domo
1659 4142 1774 4220 dicte·
1801 4212 1805 4223 .

334 4273 526 4380 quondam
543 4272 754 4380 Majorisse‚
776 4272 849 4349 sita'
865 4273 904 4348 in
931 4272 1013 4352 loro
1038 4271 1299 4362 Laudunensi‚
1320 4301 1433 4379 quiam
1457 4273 1581 4351 dictus
1601 4273 1759 4352 ballivus

333 4404 381 4481 ad
400 4432 555 4481 manum
574 4420 739 4481 nostram
758 4420 935 4509 posuerat
953 4420 992 4481 et
1008 4401 1183 4493 tenebat,
1207 4418 1245 4479 et
1263 4430 1377 4508 quiam
1397 4402 1556 4479 domum
1578 4404 1676 4480 dicta
1694 4404 1760 4482 Gi-

334 4534 426 4623 leta‚
449 4563 522 4641 pro
538 4562 578 4612 se
597 4550 637 4612 et
655 4532 834 4640 predictis
852 4533 1077 4622 minoribus,
1094 4532 1245 4612 racione
1265 4532 1509 4614 successionis
1529 4533 1629 4611 dicte
1643 4535 1760 4642 lllajo·

334 4666 446 4754 risse,
468 4664 549 4743 avie
568 4694 654 4754 sue,
680 4682 860 4771 tanquam
880 4664 1042 4743 heredes
1060 4663 1351 4771 propinquiores
1376 4663 1565 4772 ejusdcm,
1586 4664 1755 4773 petebat,

334 4824 553 4902 proponens
573 4796 679 4904 quod
705 4796 803 4873 dicta
827 4796 1037 4903 Majorissa,
1069 4812 1241 4901 tempore
1268 4824 1345 4901 quo
1369 4795 1448 4903 ipsu
1474 4795 1652 4887 decessit,
1681 4816 1759 4874 erat

336 4927 460 5005 saisita
488 4927 537 5005 de
569 4926 685 5006 domo
702 4928 900 5034 predicta,
929 4944 1062 5033 petens
1093 4926 1211 5007 eciam
1245 4928 1407 5007 amoveri
1440 4925 1757 5034 impedimentum

335 5057 441 5162 quod
462 5056 585 5135 dictus
601 5056 777 5145 ballivus,
803 5086 872 5163 pro
899 5055 1025 5147 nobis,
1047 5074 1219 5164 protextu
1244 5057 1438 5165 cujusdam
1459 5055 1755 5147 confiscacionis‚
