4450 6209
751 736 1346 847 unounrnsnrenocns.
1424 751 1428 757 ·
1688 754 1760 834 515
1863 830 1868 838 .

337 892 567 1000 siamipsius
582 895 750 988 abbacie,
773 927 845 977 nec
863 916 921 977 est
939 900 1134 977 inventum
1150 900 1273 979 dictos
1294 900 1475 978 decanum
1497 916 1537 977 et
1556 900 1762 1009 capitulum
1804 910 1933 963 aarum
1945 911 1988 975 lv,

337 1023 514 1129 probasse·
531 1054 570 1104 se
585 1054 665 1109 csse
681 1029 721 1107 in
736 1030 871 1109 saisina
884 1010 1118 1137 percipiendi
1133 1030 1271 1107 dietam
1288 1049 1522 1109 constumam
1540 1033 1579 1109 in
1599 1032 1762 1140 parlorio
1865 1000 1927 1045 Μ’

334 1156 562 1261 supradicto,
578 1184 648 1266 per
663 1162 767 1239 curie
781 1179 911 1241 nostre
921 1162 1127 1271 judicium,
1145 1161 1235 1238 dicti
1251 1162 1365 1240 abbas
1381 1180 1419 1240 et
1435 1182 1638 1242 convensus
1654 1166 1763 1245 abso-

334 1284 406 1364 luti
425 1286 583 1367 fuerunt
598 1293 645 1370 ab
660 1293 903 1398 impeticione
921 1293 1089 1400 predicta
1109 1292 1241 1371 decani
1262 1310 1300 1371 et
1320 1293 1471 1400 capituli
1488 1297 1762 1403 predictorum,

335 1432 375 1494 et
391 1412 665 1501 delibeiabitur
683 1425 780 1503 dicta
796 1425 924 1532 prisia,
947 1454 1023 1532 que
1039 1424 1086 1502 ad
1104 1454 1261 1503 manum
1278 1443 1461 1519 nostram,
1478 1444 1633 1535 propter
1647 1430 1764 1508 deba-

332 1564 417 1624 tum
437 1552 669 1656 predictum,
689 1556 911 1662 luitpositu,
931 1554 1117 1663 religiosis
1135 1555 1369 1663 supradictis.

389 1678 587 1761 Dominica
605 1702 692 1791 post
714 1686 864 1765 octabas
882 1686 1103 1766 Candelose.

395 1812 503 1891 Greci
522 1815 732 1923 reportavit.

322 2082 329 2099 '
357 2053 366 2079 ’
387 2076 480 2156 Xlll.
512 2078 594 2155 Lite
608 2096 729 2167 mota,
748 2077 789 2155 in
800 2079 902 2156 curia
919 2096 1064 2187 nostra,
1083 2078 1182 2157 inter
1195 2078 1438 2159 domicellam
1453 2080 1699 2192 Margaretam
1715 2086 1762 2161 de

331 2209 616 2319 Pinquigniaoo,
634 2236 678 2286 ex
698 2236 774 2287 una
790 2226 913 2317 parte,
937 2228 976 2288 st
990 2211 1202 2289 lohannam
1223 2209 1271 2290 de
1291 2213 1498 2307 Vendolio,
1515 2213 1680 2293 relictam
1702 2217 1764 2293 de-

331 2341 450 2419 functi
463 2338 603 2421 Mathei
619 2341 669 2418 de
682 2342 800 2449 Roya,
817 2339 964 2429 militis,
983 2368 1026 2418 er
1045 2342 1176 2433 altera,
1194 2370 1364 2448 supereo
1377 2345 1484 2451 quod
1502 2345 1649 2425 dicebat
1663 2347 1761 2445 dicta

289 2516 295 2521 ·
331 2474 535 2582 Margareta
555 2472 661 2580 quod
679 2473 779 2552 dicta
796 2474 967 2550 lohanna
986 2473 1131 2549 ballum
1153 2472 1319 2551 defuncti
1338 2476 1480 2555 Mathai
1500 2475 1548 2553 de
1565 2480 1682 2584 Roya,
1698 2480 1762 2586 ju-

330 2604 451 2682 nioris
467 2602 535 2681 lilii
551 2602 733 2711 procreati
755 2633 798 2681 ex
818 2605 887 2692 eis,
906 2621 1101 2682 constante
1119 2604 1362 2683 matrimonio
1382 2608 1482 2684 inter
1501 2608 1602 2714 ipsos
1621 2610 1762 2687 lolian-

331 2763 416 2813 nam
439 2754 477 2813 et
496 2735 718 2813 defunctum
746 2736 957 2824 Macheum,
982 2736 1144 2814 militem
1171 2736 1445 2843 supradictum,
1466 2756 1655 2829 tenuerat,
1677 2760 1763 2847 post

330 2866 478 2945 obitum
505 2866 596 2945 dicti
617 2866 766 2958 militis,
791 2894 862 2974 per
880 2869 1048 2975 spacium
1072 2885 1218 2975 septem
1240 2896 1446 2962 annocum,
1473 2886 1511 2948 et
1534 2872 1640 2979 quod
1664 2872 1761 2951 dicta

329 2999 500 3077 lohanna
513 3000 716 3077 tenebatur
736 2998 896 3090 solvere,
919 3026 1019 3077 anno
1038 2998 1227 3106 quolibet,
1250 3001 1399 3080 racione
1415 3000 1505 3079 dicu
1520 3000 1627 3095 balli,
1643 3004 1762 3083 domi-

328 3129 425 3207 celle
443 3130 575 3220 Marie,
600 3128 680 3207 filie
705 3131 804 3207 dicte
823 3132 993 3208 lohanne
1019 3147 1057 3209 et
1082 3130 1173 3207 dicti
1197 3131 1365 3209 defuncti
1394 3131 1539 3224 militis,
1566 3136 1759 3241 quondam

329 3261 454 3339 mariti
466 3259 662 3369 ejusdem,
679 3288 779 3339 anno
792 3260 983 3368 quolibet,
1004 3259 1298 3368 quadringensas
1314 3262 1428 3341 libras
1446 3264 1686 3357 Parisienses,
1705 3290 1762 3343 ra-

329 3394 438 3470 cione
461 3392 657 3499 cujusdam
677 3391 893 3469 avisamenti
913 3392 1137 3499 provisionis
1161 3420 1229 3469 sen
1251 3394 1503 3471 ordinacionis
1527 3424 1594 3501 per
1614 3396 1758 3475 dictum

328 3530 549 3612 defunctum
574 3530 786 3618 lintheum,
811 3527 990 3617 militem,
1011 3544 1050 3603 et
1072 3526 1212 3603 dictam
1230 3524 1457 3615 Johannam,
1481 3526 1561 3635 ejus
1582 3553 1756 3619 uxorem,

327 3661 412 3738 facti
427 3661 596 3768 predicte
606 3661 737 3750 Maris,
751 3686 883 3738 eorum
897 3658 987 3749 lilie,
1001 3658 1048 3734 de
1063 3658 1319 3763 percipiendo,
1336 3684 1435 3735 anno
1444 3657 1627 3764 quolibet,
1643 3660 1758 3739 dictus

328 3793 620 3902 quadringentas
644 3790 760 3870 libras
787 3790 1029 3881 Parisienses,
1056 3816 1169 3895 super
1189 3805 1270 3867 tota
1296 3786 1505 3867 hereditate
1530 3789 1620 3867 dicti
1643 3780 1758 3897 patris
1911 3876 1922 3893 ‚

328 3924 402 4011 sui,
424 3939 623 4030 quousque
644 3924 691 3999 de
711 3940 873 4029 quatuor
890 3921 1057 3999 millibus
1078 3936 1118 3997 et
1134 3920 1351 4028 quingentis
1369 3918 1474 3997 libris
1488 3920 1758 4001 Parisinusibus

329 4071 427 4131 esset
439 4044 565 4129 eidem
574 4052 720 4160 integre
740 4051 1071 4159 satisfactum3pro
1080 4052 1218 4159 quibus
1228 4068 1370 4160 septem
1379 4050 1650 4158 annis,quibus
1660 4052 1757 4131 dicta

326 4181 497 4263 Johanna
508 4183 640 4261 lenuit
659 4183 784 4289 ipsum
801 4179 1081 4270 ballum,'dicta
1100 4184 1215 4261 Maria
1230 4184 1384 4288 petebat
1403 4210 1423 4257 a
1440 4182 1537 4259 dicta
1554 4182 1757 4291 Margareta

328 4318 376 4395 de
396 4306 665 4425 Pinquigniaco
681 4315 761 4392 duo
775 4311 893 4390 millia
914 4328 953 4391 et
969 4314 1200 4420 octingentas
1214 4313 1328 4391 libras
1349 4312 1589 4401 parisienses,
1607 4314 1757 4391 racione

326 4438 516 4529 bonoru'm
544 4477 620 4557 que
649 4448 746 4524 dicta
775 4448 978 4554 Margaresa
1006 4463 1112 4524 tenet
1137 4446 1176 4521 in
1206 4445 1397 4535 dotalicio,
1428 4472 1503 4551 que
1530 4442 1685 4520 fuerunt
1715 4473 1757 4521 ex

327 4582 535 4685 hereditate
552 4580 676 4656 mariti
687 4578 909 4684 supradicti,
925 4604 1041 4684 quare
1051 4576 1206 4683 petebat
1220 4576 1317 4653 dicta
1327 4576 1532 4681 Margareta
1545 4572 1682 4651 dicum
1697 4577 1758 4685 J07

328 4713 492 4789 hannam
511 4712 559 4789 de
574 4710 763 4790 Vendolio
778 4709 1046 4815 condempnari
1059 4710 1106 4786 ad
1121 4707 1398 4815 coquinandum
1416 4702 1592 4795 eandem,
1611 4722 1649 4782 et
1666 4734 1755 4812 por-

326 4842 484 4920 tandum
506 4843 862 4952 garantizamentum
879 4839 1014 4928 eidem,
1027 4867 1113 4947 erga
1134 4836 1372 4915 domicellam
1392 4835 1547 4915 Mariam
1566 4836 1756 4943 supradic-

326 4993 422 5067 tam,
443 4974 611 5052 dedicta
632 4974 792 5082 pecunie
810 4999 979 5063 summa,
997 4970 1167 5077 predicta
1181 4970 1352 5047 lohanua
1376 4968 1508 5078 plures
1528 4967 1696 5045 naciones
1716 4968 1754 5043 in

328 5106 558 5185 contrarium
579 5122 813 5214 proponente
831 5135 842 5182 z
860 5101 1048 5192 Tandem,
1070 5102 1244 5208 inquesta
1266 5126 1380 5209 super
1397 5101 1484 5191 hoc,
1510 5098 1755 5176 demandato

1597 5273 1646 5335 65.
