4450 6209
729 745 998 855 euounras
1023 763 1087 835 ιιι
1113 747 1324 839 saccus.
1665 766 1730 841 ιιι

314 923 428 994 tram,
441 923 620 1014 tanquam
631 906 853 1011 superioris,
872 905 920 981 de
935 903 1058 1010 prisiis
1073 904 1253 1011 predictis
1267 904 1375 984 fieret
1389 906 1641 999 recredencia,
1657 908 1740 987 abs-
1777 921 1907 977 aarum
1921 924 1964 987 IV.

314 1065 389 1145 que
407 1037 618 1146 prejudicio
637 1053 766 1116 nostro
786 1054 824 1114 et
842 1034 1012 1144 parcium
1031 1035 1302 1142 predictarum,
1324 1065 1443 1145 usque
1464 1038 1512 1114 ad
1529 1037 1739 1146 parlamen·
1839 1014 1904 1057 ¹³⁰²

312 1186 396 1246 tum
412 1168 648 1276 subsequens
665 1167 862 1261 duratura,
876 1183 915 1245 et
928 1167 969 1244 in
985 1166 1085 1244 dicto
1105 1166 1348 1276 subsequenti
1364 1169 1615 1276 parlamento,
1634 1173 1740 1278 quod

313 1298 384 1377 luit
393 1327 493 1377 anno
506 1300 773 1377 trecentesimo
787 1315 936 1386 octavo,
952 1298 1060 1374 dictis
1075 1297 1258 1407 religiosis
1270 1300 1520 1379 asserentibus
1533 1302 1739 1408 predictam

313 1428 591 1510 recredenciam
607 1429 740 1508 laetam
758 1430 892 1523 lirissc,
906 1428 1085 1536 predictis
1097 1429 1314 1509 adversariis
1326 1432 1400 1509 hoc
1416 1432 1656 1539 negantibus,
1671 1436 1741 1511 ite·

313 1578 413 1652 rato,
432 1590 501 1671 per
517 1579 701 1641 arrestum
716 1561 819 1640 curie
840 1578 984 1650 nostre,
1003 1560 1148 1637 dictum
1167 1560 1298 1639 luisset
1314 1562 1421 1668 quod
1437 1562 1605 1668 predicta
1619 1592 1741 1641 recre-

314 1694 444 1771 dencia
459 1692 568 1772 lieret
580 1721 625 1770 ex
636 1694 800 1801 integro,
816 1692 889 1770 nisi
896 1692 977 1797 jam
991 1689 1086 1768 facta
1099 1690 1250 1785 luisset,
1266 1693 1376 1770 certis
1389 1694 1652 1771 commissariis
1667 1695 1739 1772 sub

313 1840 413 1903 certa
426 1822 563 1912 forma,
580 1834 649 1930 per
663 1823 804 1901 curiam
819 1840 1005 1910 nostram,
1020 1821 1192 1929 injuncto
1209 1821 1314 1930 quod
1329 1823 1400 1931 ipsi
1415 1822 1498 1901 lieri
1516 1824 1680 1903 facerent
1696 1854 1739 1902 ex

312 1954 460 2063 integro
472 1953 680 2061 predictam
693 1952 992 2039 recredeuciam,
1008 1952 1081 2029 nisi
1091 1955 1171 2060 jam
1184 1950 1278 2030 lacta
1293 1951 1440 2044 lirisset,
1456 1982 1576 2062 usque
1593 1955 1639 2032 ad
1653 1984 1739 2062 pre-

312 2112 399 2163 sens
417 2086 692 2193 parlamentum
710 2085 945 2173 duraturam,
967 2111 1035 2189 per
1053 2082 1158 2161 idem
1178 2101 1362 2162 arrestum
1385 2084 1545 2163 dicendo
1561 2086 1685 2192 quod,
1707 2088 1738 2165 si

313 2215 402 2294 dicti
422 2215 667 2295 commissarii
685 2214 898 2292 invenirent
914 2214 1020 2321 quod
1038 2213 1133 2290 lacta
1153 2242 1230 2292 non
1251 2230 1348 2292 esset
1366 2215 1465 2292 dicta
1483 2215 1737 2308 recredencia,

311 2349 410 2427 siout
421 2347 658 2455 propositum
676 2344 798 2423 extitit
816 2361 944 2422 contra
963 2343 1158 2450 religiosos
1172 2345 1382 2451 predictos,
1398 2345 1469 2451 ipsi
1485 2344 1651 2451 religiosi
1667 2347 1739 2424 hoc

312 2479 560 2557 emendarent
578 2494 616 2554 et
634 2476 745 2555 uobis
764 2492 803 2553 et
820 2477 936 2582 perti,
958 2492 997 2552 et
1015 2474 1136 2582 quod,
1152 2476 1182 2553 si
1201 2504 1275 2583 qua
1294 2476 1366 2553 alia
1385 2474 1474 2552 dicti
1494 2476 1738 2554 commissarii

312 2612 521 2689 invenirent
534 2637 603 2717 per
623 2608 744 2686 dictos
758 2606 952 2715 religiosos
969 2604 1064 2683 lacta
1079 2606 1138 2683 vel
1157 2622 1373 2713 attemptata
1388 2622 1517 2684 contra
1536 2606 1655 2684 dictos
1674 2607 1739 2683 ad-

310 2742 491 2821 versarios
506 2768 658 2829 eorum,
676 2754 762 2846 post
770 2736 1047 2845 parlamentum
1061 2736 1275 2842 predictum
1287 2736 1375 2813 anni
1389 2736 1642 2815 trecentesimi
1656 2764 1740 2843 sep-

309 2874 410 2961 timi,
429 2874 467 2949 in
487 2859 740 2980 prejudicium
755 2869 854 2947 dicte
871 2868 947 2945 litis
962 2869 1003 2945 in
1019 2867 1123 2945 curia
1140 2884 1268 2945 nostra
1283 2867 1501 2974 pendentis,
1522 2868 1592 2975 ipsi
1607 2868 1656 2944 ad
1672 2866 1740 2944 de·

310 3003 433 3081 bitum
448 3019 584 3081 statum
597 3001 836 3088 reducerent,
851 3014 889 3077 et
899 2997 1083 3105 quicquid
1094 3024 1208 3103 super
1220 2998 1294 3075 hoc
1303 2995 1468 3074 facerent
1479 3013 1517 3074 et
1529 2996 1739 3075 invenirent

312 3135 359 3212 ad
373 3152 540 3214 nostram
553 3132 696 3211 curiam
710 3146 962 3237 reportarent;
979 3128 1151 3235 partibus
1166 3128 1345 3235 predictis
1359 3128 1398 3204 in
1412 3127 1647 3235 parlamento
1660 3154 1740 3235 pre

311 3266 406 3343 senti
429 3260 749 3371 comparentibus,
776 3276 816 3337 et
840 3260 1004 3366 quadam
1028 3258 1202 3365 inquesta
1229 3286 1344 3366 super
1367 3258 1547 3366 predictis
1573 3258 1665 3336 sacta
1692 3258 1738 3334 ad

310 3414 477 3475 nostram
499 3394 643 3471 curiam
662 3406 862 3497 asportata,
883 3418 952 3496 pro
976 3407 1081 3495 parte
1108 3389 1298 3467 dictorum
1322 3389 1585 3495 religiosorum
1611 3389 1739 3496 plures

310 3525 464 3604 luerunt
485 3522 679 3633 proposita
703 3520 872 3598 raciones
894 3520 943 3596 ad
962 3518 1209 3596 illum'linem
1228 3519 1334 3627 quod
1353 3519 1452 3597 dicta
1470 3520 1640 3628 inquesta
1661 3548 1738 3597 non

307 3658 553 3764 judicaretur,
574 3651 642 3731 sed
660 3652 793 3760 pocius
812 3648 1062 3739 enudaretur,
1084 3649 1194 3727 dictis
1210 3678 1343 3728 eorum
1364 3649 1582 3728 adversariis
1601 3650 1739 3731 multas

311 3790 481 3867 raciones
494 3782 793 3895 proponentibus
803 3812 849 3859 ex
862 3782 1017 3859 adverso
1030 3778 1078 3857 ad
1090 3780 1201 3858 illum
1212 3781 1328 3858 finem
1341 3781 1444 3889 quod
1458 3779 1556 3859 dicta
1567 3781 1739 3888 inquesta

306 3920 552 4026 judicaretur,
575 3933 614 3993 ct
631 3914 737 4023 quod
757 3914 855 3993 dicta
869 3911 1125 4001 recredencia,
1145 3940 1220 4019 que
1238 3911 1363 3990 adhuc
1380 3912 1474 3990 sacta
1490 3940 1565 3989 non
1579 3929 1672 4005 erat,
1696 3942 1739 3991 ex

310 4052 458 4157 integro
479 4048 588 4125 lieret
607 4044 766 4135 eisdem,
784 4062 823 4122 et
841 4043 945 4150 quod
965 4043 1055 4121 dicti
1075 4042 1242 4150 religiosi
1259 4043 1332 4122 hoc
1352 4032 1599 4121 emenda-rent
1619 4060 1657 4121 et
1670 4072 1739 4121 no-

310 4183 370 4260 bis
385 4197 423 4259 et
439 4179 549 4287 ipsis,
563 4194 602 4257 et
614 4175 736 4284 quod,
752 4174 914 4281 dampna
930 4203 1005 4282 que
1023 4202 1092 4281 per
1106 4174 1181 4252 hoc
1192 4174 1472 4263 sustinuerunt,
1489 4173 1741 4253 redderentur

312 4314 474 4405 eisdem,
490 4327 528 4387 et
539 4308 645 4417 quod
658 4323 795 4395 cetera,
812 4333 881 4414 per
897 4304 1019 4382 dictos
1031 4303 1228 4413 religiosos
1243 4321 1459 4410 attemptata
1475 4322 1602 4382 contra
1618 4306 1736 4411 ipsos,

312 4443 359 4521 ad
382 4442 556 4520 debitum
575 4456 734 4529 statum,
755 4437 854 4513 sicut
871 4434 1095 4541 premissum
1124 4449 1199 4525 est,
1220 4433 1502 4522 reducerentur,
1525 4434 1739 4541 auditisque

310 4574 401 4651 hinc
420 4574 511 4651 inde
526 4567 745 4678 propositis,
767 4594 836 4675 per
855 4579 1039 4642 arrestum
1058 4580 1185 4643 nostre
1209 4563 1313 4641 curie
1335 4562 1479 4641 dictum
1502 4562 1616 4645 luerit
1636 4564 1741 4675 quod

312 4705 412 4781 dicte
426 4705 599 4811 inquesta
611 4700 805 4777 videretur
822 4696 869 4773 ad
883 4694 996 4772 illum
1011 4694 1130 4773 linem
1146 4695 1194 4772 ad
1209 4722 1325 4801 quem
1342 4709 1468 4801 posset
1481 4690 1622 4807 vidcrlr
1641 4694 1741 4771 Tan-

313 4836 421 4921 dem,
442 4834 517 4910 visa
537 4849 578 4909 et
598 4830 801 4939 diligenter
823 4827 1030 4905 examinata
1052 4827 1225 4932 inquesta
1243 4824 1432 4933 predicta,
1455 4850 1542 4901 cum
1565 4850 1634 4931 per
1657 4852 1741 4903 eam

312 4971 506 5046 inventum
519 4964 633 5042 licerit
648 4961 878 5041 sufficienter
886 4958 1088 5065 probatum
1103 4958 1311 5065 predictam
1327 4956 1606 5035 recredcnciam
1617 4957 1742 5036 adhuc

314 5127 393 5178 esse
411 5096 631 5187 faciendam,
654 5110 692 5171 et
712 5093 833 5170 dictos
852 5089 1049 5198 religiosos
1067 5117 1182 5197 super
1203 5090 1276 5168 hoc
1295 5090 1500 5197 plurimum
1523 5086 1743 5167 iuobedien·

420 5275 472 5314 aas
493 5273 576 5315 οιιιι.
599 5272 646 5314 ιιι.
1574 5244 1610 5305 6ι
