4450 6209
510 703 583 776 566
1087 699 1179 773 Lus
1208 699 1349 773 OLIM.

272 856 403 910 rariora
423 852 466 917 Ν,
504 871 592 920 nem
610 871 723 950 super
742 843 968 950 proprietate
982 841 1090 920 castri
1113 842 1160 918 de
1176 840 1499 920 Sancthiranno
1511 840 1926 950 appendenciarumquo

340 945 404 992 Μ’
504 1001 659 1052 suarum
680 991 720 1052 et
742 1002 855 1081 super
874 970 1144 1080 conquestibus
1167 972 1396 1080 quibusdam
1417 972 1457 1048 in
1473 972 1664 1050 territorio
1678 972 1730 1049 ‘de
1747 973 1925 1082 Tbureyo

502 1104 761 1194 existentibus,
792 1135 859 1213 per
883 1102 1134 1192 Ludovicum,
1163 1105 1339 1182 maritum
1365 1103 1558 1210 quondam
1581 1103 1680 1181 dicte
1701 1102 1866 1192 Aelidis,
1892 1123 1926 1182 et

503 1233 640 1313 dictam
657 1234 838 1325 Aelidim‚
854 1251 1024 1342 tempore
1040 1235 1242 1314 constantis
1257 1234 1503 1324 matrimonii,
1523 1236 1621 1313 inter
1635 1234 1792 1312 eosdem
1808 1237 1927 1342 acqui·

503 1366 583 1445 sitis
601 1385 640 1446 et
658 1395 772 1476 super
787 1385 939 1446 centurn
961 1366 1075 1444 libras
1095 1367 1210 1445 annui
1222 1367 1396 1446 redditus
1414 1395 1510 1473 que,
1531 1366 1580 1443 ad
1592 1366 1731 1445 dictam
1743 1364 1923 1456 Aelidim,

503 1499 653 1576 racione
669 1525 736 1580 seu
751 1528 860 1577 causa
873 1499 973 1577 dotis
985 1525 1068 1588 sue,
1083 1497 1273 1577 debebant
1281 1498 1471 1604 pertinere
1480 1497 1580 1574 inter
1592 1495 1732 1576 dictam
1743 1496 1924 1587 Aelidim,

502 1647 666 1737 exparte
682 1657 776 1721 una,
795 1646 832 1707 et
846 1629 1107 1718 Katherinam,
1125 1628 1242 1705 filiam
1259 1629 1358 1706 dicte
1374 1626 1519 1705 Aelidis
1534 1645 1571 1705 et
1586 1630 1628 1704 P.
1645 1627 1800 1715 Dnitre,
1823 1629 1928 1704 mari-

501 1776 583 1836 tum
603 1760 702 1837 dicte
717 1760 933 1850 Katherine,
946 1759 1127 1849 militem,
1145 1787 1190 1837 ex
1200 1777 1306 1868 parte
1318 1759 1452 1849 altera,
1466 1758 1753 1865 pronunciasse,
1772 1759 1823 1836 de
1837 1758 1926 1837 lacto

503 1891 672 1970 indebite
688 1921 730 1968 ac
744 1893 871 1970 minus
884 1893 1001 2000 juste,
1021 1919 1125 1983 cum,
1146 1893 1193 1970 de
1212 1890 1406 1997 predictis,
1425 1891 1527 1968 inter
1544 1889 1661 1967 dictos
1674 1917 1871 1997 personas,
1891 1891 1926 1967 in

505 2023 648 2101 dictum
669 2024 884 2104 Beraudum
905 2049 1100 2130 nunqnam
1120 2021 1253 2100 firisset
1277 2021 1606 2127 compromissum,
1632 2037 1676 2098 nt
1700 2019 1871 2108 dicebat,
1894 2036 1930 2097 et

505 2152 552 2230 ad
568 2153 641 2231 boc
656 2153 774 2231 eciam
784 2153 1029 2261 quamplures
1044 2152 1134 2230 alias
1148 2153 1318 2230 raciones
1330 2151 1541 2261 allegando,
1556 2177 1672 2258 quare
1685 2149 1843 2258 petebat
1858 2151 1929 2227 dio-

504 2302 580 2360 tam
600 2285 825 2362 sentenciam
847 2313 915 2364 seu
934 2285 1233 2372 ordinacionem,
1251 2311 1321 2390 per
1335 2301 1500 2361 nostram
1516 2284 1673 2372 curiam,
1690 2284 1928 2388 pronunciari

505 2414 649 2492 nullam
666 2443 747 2494 esse
763 2445 804 2492 ac
818 2415 946 2505 luisse,
962 2433 1010 2506 et,
1027 2416 1057 2493 si
1078 2445 1152 2523 qua
1166 2414 1310 2504 fuisset,
1325 2415 1441 2521 quod,
1459 2415 1508 2492 ad
1523 2413 1720 2492 arbitrium
1739 2415 1836 2492 boni
1852 2413 1927 2500 viri,

504 2541 766 2639 reduceretur,
784 2547 884 2625 dicto
899 2575 988 2624 vero
1003 2547 1175 2624 Beraudo
1190 2563 1230 2623 et
1243 2546 1382 2623 Poncio
1398 2546 1447 2623 de
1461 2545 1604 2635 Vissac,
1621 2545 1761 2635 milite,
1779 2544 1929 2622 nominc

504 2678 779 2783 procuratorio,
797 2706 866 2785 pro
892 2678 991 2756 dicto
1012 2677 1177 2770 Henrico
1197 2678 1245 2754 de
1267 2678 1406 2784 Royre,
1428 2675 1564 2753 multas
1583 2674 1750 2752 raciones
1775 2677 1818 2752 in
1844 2703 1930 2752 con-

504 2810 662 2886 trarium
681 2809 995 2918 proponentibus,
1020 2826 1098 2886 tam
1118 2810 1166 2885 de
1182 2809 1268 2916 jure
1289 2833 1402 2916 quam
1425 2808 1473 2884 de
1496 2806 1618 2885 lacto:
1638 2806 1726 2887 Visa
1743 2806 1865 2914 igitur
1878 2796 1931 2882 in·

506 2957 649 3044 questa,
667 2969 780 3046 super
799 2942 883 3031 hiis,
902 2939 1139 3017 demandato
1160 2957 1302 3028 nostro,
1317 2939 1410 3016 lacta
1430 2955 1469 3015 et
1488 2938 1690 3049 diligenter
1708 2941 1925 3027 examinata,

507 3069 687 3175 quianon
705 3089 865 3162 constat,
889 3101 931 3148 ex
945 3089 1077 3149 tenore
1097 3069 1357 3177 compromissi
1373 3070 1412 3147 in
1431 3069 1574 3147 dictum
1590 3069 1807 3148 Beraudum
1826 3069 1925 3158 sacti,

506 3202 610 3307 quod
634 3231 748 3309 super
765 3204 992 3310 proprietate
1019 3203 1126 3280 castri
1148 3203 1196 3279 de
1221 3201 1550 3308 Sancto-Gyranno
1569 3196 1929 3308 appendenciarum-

506 3361 580 3438 que
601 3362 751 3412 suarum
774 3351 812 3412 et
831 3361 944 3440 super
967 3334 1234 3440 conquestibus
1262 3350 1300 3408 et
1322 3333 1411 3409 dote
1431 3331 1654 3438 supradictis
1674 3332 1927 3409 interdictam

505 3462 687 3558 Aelidim,
705 3495 747 3543 ex
763 3494 838 3544 una
852 3484 973 3572 parte,
989 3481 1027 3542 et
1041 3464 1297 3551 Katherinam,
1312 3461 1431 3538 filiam
1446 3463 1545 3539 dicte
1561 3462 1719 3553 Aelidis,
1738 3463 1928 3540 etdictum

506 3596 558 3686 P.,
571 3597 748 3692 maritum
764 3597 927 3674 dictum¹
942 3596 1159 3684 Katherine,
1175 3622 1219 3671 en
1234 3593 1360 3682 altera,
1376 3595 1415 3670 in
1428 3593 1574 3670 dictum
1587 3595 1802 3672 Berandum
1816 3594 1928 3672 fuerit

506 3753 673 3832 unquam
696 3728 1022 3834 compromissum,
1045 3726 1180 3813 immo,
1199 3752 1243 3801 ex
1258 3723 1492 3801 consessione
1512 3724 1700 3802 dictorum
1715 3726 1877 3803 Bcraudi
1893 3739 1927 3800 et

506 3857 649 3947 Poncii,
668 3875 820 3965 apparet
834 3858 954 3966 quod,
972 3854 1224 3933 interdictam
1239 3870 1396 3931 matrem
1413 3872 1451 3932 et
1463 3855 1579 3932 liliam
1596 3879 1719 3948 suam,
1735 3857 1926 3933 maritum·

508 4015 581 4094 que
595 3987 691 4065 dicte
706 3989 799 4080 lilie,
815 3989 1009 4067 contencio
1023 4015 1090 4065 seu
1100 3987 1352 4064 controversia
1367 3988 1522 4065 minime
1534 3987 1650 4065 fuerit
1662 3987 1709 4064 de
1721 3986 1923 4093 premissis,

508 4146 737 4226 quamquam
757 4121 796 4196 in
811 4118 1081 4226 compromisso
1106 4119 1154 4195 sit
1173 4135 1364 4223 repertum
1386 4119 1508 4225 quod,
1531 4119 1577 4194 de
1593 4118 1818 4224 proprietate
1838 4115 1924 4194 dicti

509 4252 616 4328 castri
637 4250 1052 4360 appendenciarumque
1068 4279 1223 4328 suarum
1239 4266 1277 4326 et
1294 4247 1341 4325 de
1358 4250 1627 4356 conquestibus
1642 4265 1681 4326 et
1695 4250 1784 4326 dote
1799 4276 1925 4354 supra·

507 4380 631 4471 dictis,
651 4381 749 4459 inter
769 4380 906 4457 dictam
926 4380 1104 4471 Aelidim,
1128 4409 1173 4458 ex
1191 4397 1295 4487 parte
1315 4408 1402 4468 una,
1424 4396 1463 4457 et
1482 4381 1624 4458 dictum
1644 4379 1862 4468 Henricum,
1884 4406 1925 4454 ex

507 4512 639 4602 altera,
657 4513 696 4590 in
714 4511 857 4590 dictum
872 4511 1089 4588 Beraudum
1104 4511 1219 4588 fuerit
1233 4511 1560 4616 compromissum,
1578 4529 1617 4588 et
1631 4526 1785 4617 propter
1798 4537 1925 4617 quam·

507 4642 635 4747 plures
650 4644 741 4724 alias
758 4643 927 4722 raciones
946 4641 1165 4720 verisimiles
1186 4641 1305 4718 eciam
1320 4641 1554 4748 conjecturas
1571 4658 1610 4718 et
1622 4639 1924 4747 presumpciones

508 4772 764 4863 vehementes,
783 4803 852 4882 per
870 4775 1081 4882 inquestam
1100 4770 1308 4879 predictam
1324 4791 1504 4878 repertas,
1522 4801 1591 4880 per
1610 4772 1713 4849 curie
1733 4787 1858 4849 nostre
1866 4771 1925 4878 ju·

507 4901 661 4990 dicium,
677 4903 819 4982 dictum
834 4906 906 4985 suit
921 4906 1058 4984 dictam
1074 4904 1302 4982 sentenciam
1318 4904 1545 4997 arbitralem,
1563 4931 1630 4982 seu
1646 4901 1922 4982 ordinacionem

552 5068 559 5098 ¹
583 5069 663 5132 Lisez
674 5067 755 5130 dicte.
