<?xml version="1.0" encoding="UTF-8"?>
<!DOCTYPE html PUBLIC "-//W3C//DTD XHTML 1.0 Transitional//EN"
    "http://www.w3.org/TR/xhtml1/DTD/xhtml1-transitional.dtd">
<html xmlns="http://www.w3.org/1999/xhtml" xml:lang="en" lang="en">
 <head>
  <title>
</title>
<meta http-equiv="Content-Type" content="text/html;charset=utf-8" />
  <meta name='ocr-system' content='tesseract 3.04.00' />
  <meta name='ocr-capabilities' content='ocr_page ocr_carea ocr_par ocr_line ocrx_word'/>
</head>
<body>
  <div class='ocr_page' id='page_1' title='image "./lesolimouregist00parigoog_0440.png"; bbox 0 0 4450 6209; ppageno 0'>
   <div class='ocr_carea' id='block_1_1' title="bbox 776 693 1778 804">
    <p class='ocr_par' dir='ltr' id='par_1_1' title="bbox 776 693 1778 804">
     <span class='ocr_line' id='line_1_1' title="bbox 776 693 1778 804; baseline 0.009 -20"><span class='ocrx_word' id='word_1_1' title='bbox 776 693 1043 804; x_wconf 80' lang='lat' dir='ltr'>uuousrns</span> <span class='ocrx_word' id='word_1_2' title='bbox 1069 714 1132 785; x_wconf 85' lang='lat' dir='ltr'>nr</span> <span class='ocrx_word' id='word_1_3' title='bbox 1159 694 1364 787; x_wconf 77' lang='lat' dir='ltr'>raucas.</span> <span class='ocrx_word' id='word_1_4' title='bbox 1709 718 1778 793; x_wconf 83' lang='lat' dir='ltr'>arr</span> 
     </span>
    </p>
   </div>
   <div class='ocr_carea' id='block_1_2' title="bbox 335 822 2006 5155">
    <p class='ocr_par' dir='ltr' id='par_1_2' title="bbox 357 822 2006 1487">
     <span class='ocr_line' id='line_1_2' title="bbox 363 822 2006 962; baseline 0 -29"><span class='ocrx_word' id='word_1_5' title='bbox 363 852 469 948; x_wconf 86' lang='lat' dir='ltr'>cerii,</span> <span class='ocrx_word' id='word_1_6' title='bbox 481 822 861 961; x_wconf 78' lang='lat' dir='ltr'>GuiilelmusEgidii‚</span> <span class='ocrx_word' id='word_1_7' title='bbox 880 854 942 931; x_wconf 89' lang='lat' dir='ltr'>isti</span> <span class='ocrx_word' id='word_1_8' title='bbox 954 870 1131 932; x_wconf 86' lang='lat' dir='ltr'>tressunt</span> <span class='ocrx_word' id='word_1_9' title='bbox 1142 852 1407 947; x_wconf 79' lang='lat' dir='ltr'>lilii-familias,</span> <span class='ocrx_word' id='word_1_10' title='bbox 1424 872 1462 933; x_wconf 89' lang='lat' dir='ltr'>et</span> <span class='ocrx_word' id='word_1_11' title='bbox 1477 858 1638 962; x_wconf 81' lang='lat' dir='ltr'>quilibet</span> <span class='ocrx_word' id='word_1_12' title='bbox 1651 884 1783 937; x_wconf 88' lang='lat' dir='ltr'>eorum</span> <span class='ocrx_word' id='word_1_13' title='bbox 1822 869 1952 925; x_wconf 75' lang='lat' dir='ltr'>Parnm</span> <span class='ocrx_word' id='word_1_14' title='bbox 1964 871 2006 933; x_wconf 81' lang='lat' dir='ltr'>lv,</span> 
     </span>
     <span class='ocr_line' id='line_1_3' title="bbox 361 962 1949 1097; baseline 0.004 -34"><span class='ocrx_word' id='word_1_15' title='bbox 361 986 402 1063; x_wconf 92' lang='lat' dir='ltr'>in</span> <span class='ocrx_word' id='word_1_16' title='bbox 418 1013 564 1063; x_wconf 90' lang='lat' dir='ltr'>carcere</span> <span class='ocrx_word' id='word_1_17' title='bbox 584 985 819 1063; x_wconf 83' lang='lat' dir='ltr'>detinebitur</span> <span class='ocrx_word' id='word_1_18' title='bbox 833 1012 1033 1092; x_wconf 88' lang='lat' dir='ltr'>quousque</span> <span class='ocrx_word' id='word_1_19' title='bbox 1044 985 1205 1092; x_wconf 81' lang='lat' dir='ltr'>quilibet</span> <span class='ocrx_word' id='word_1_20' title='bbox 1225 989 1447 1064; x_wconf 88' lang='lat' dir='ltr'>eorumdem</span> <span class='ocrx_word' id='word_1_21' title='bbox 1468 990 1654 1097; x_wconf 78' lang='lat' dir='ltr'>sexaginta</span> <span class='ocrx_word' id='word_1_22' title='bbox 1669 989 1783 1068; x_wconf 87' lang='lat' dir='ltr'>libras</span> <span class='ocrx_word' id='word_1_23' title='bbox 1886 962 1949 1006; x_wconf 58' lang='lat' dir='ltr'>lm</span> 
     </span>
     <span class='ocr_line' id='line_1_4' title="bbox 360 1114 1780 1224; baseline 0.004 -31"><span class='ocrx_word' id='word_1_24' title='bbox 360 1118 601 1195; x_wconf 89' lang='lat' dir='ltr'>Turonenses</span> <span class='ocrx_word' id='word_1_25' title='bbox 620 1116 792 1206; x_wconf 77' lang='lat' dir='ltr'>solverit3</span> <span class='ocrx_word' id='word_1_26' title='bbox 817 1115 948 1194; x_wconf 87' lang='lat' dir='ltr'>Vitaiis</span> <span class='ocrx_word' id='word_1_27' title='bbox 976 1114 1106 1203; x_wconf 85' lang='lat' dir='ltr'>Fabri,</span> <span class='ocrx_word' id='word_1_28' title='bbox 1132 1117 1356 1224; x_wconf 86' lang='lat' dir='ltr'>quingentas</span> <span class='ocrx_word' id='word_1_29' title='bbox 1379 1117 1493 1195; x_wconf 86' lang='lat' dir='ltr'>libras</span> <span class='ocrx_word' id='word_1_30' title='bbox 1518 1120 1780 1209; x_wconf 89' lang='lat' dir='ltr'>Turonenses,</span> 
     </span>
     <span class='ocr_line' id='line_1_5' title="bbox 357 1248 1785 1361; baseline 0.002 -33"><span class='ocrx_word' id='word_1_31' title='bbox 357 1250 572 1328; x_wconf 74' lang='lat' dir='ltr'>Bernartius</span> <span class='ocrx_word' id='word_1_32' title='bbox 592 1249 789 1355; x_wconf 75' lang='lat' dir='ltr'>Stephani,</span> <span class='ocrx_word' id='word_1_33' title='bbox 810 1248 1035 1356; x_wconf 87' lang='lat' dir='ltr'>quingentas</span> <span class='ocrx_word' id='word_1_34' title='bbox 1054 1248 1169 1325; x_wconf 82' lang='lat' dir='ltr'>libras</span> <span class='ocrx_word' id='word_1_35' title='bbox 1188 1252 1449 1340; x_wconf 86' lang='lat' dir='ltr'>Turoneuses,</span> <span class='ocrx_word' id='word_1_36' title='bbox 1471 1250 1692 1361; x_wconf 82' lang='lat' dir='ltr'>Austorgius</span> <span class='ocrx_word' id='word_1_37' title='bbox 1710 1254 1785 1332; x_wconf 87' lang='lat' dir='ltr'>Co-</span> 
     </span>
     <span class='ocr_line' id='line_1_6' title="bbox 359 1378 1781 1487; baseline 0.003 -30"><span class='ocrx_word' id='word_1_38' title='bbox 359 1378 533 1466; x_wconf 72' lang='lat' dir='ltr'>louhen,</span> <span class='ocrx_word' id='word_1_39' title='bbox 561 1378 852 1487; x_wconf 88' lang='lat' dir='ltr'>quadringentas</span> <span class='ocrx_word' id='word_1_40' title='bbox 875 1378 991 1458; x_wconf 83' lang='lat' dir='ltr'>libras</span> <span class='ocrx_word' id='word_1_41' title='bbox 1016 1380 1273 1470; x_wconf 68' lang='lat' dir='ltr'>turonenses,</span> <span class='ocrx_word' id='word_1_42' title='bbox 1296 1380 1525 1459; x_wconf 88' lang='lat' dir='ltr'>Guillelrnus</span> <span class='ocrx_word' id='word_1_43' title='bbox 1545 1382 1781 1476; x_wconf 78' lang='lat' dir='ltr'>columbari,</span> 
     </span>
    </p>

    <p class='ocr_par' dir='ltr' id='par_1_3' title="bbox 359 1508 1782 1601">
     <span class='ocr_line' id='line_1_7' title="bbox 359 1508 1782 1601; baseline 0.002 -13"><span class='ocrx_word' id='word_1_44' title='bbox 359 1510 448 1588; x_wconf 85' lang='lat' dir='ltr'>alias</span> <span class='ocrx_word' id='word_1_45' title='bbox 463 1508 588 1587; x_wconf 89' lang='lat' dir='ltr'>dictus</span> <span class='ocrx_word' id='word_1_46' title='bbox 603 1510 777 1599; x_wconf 80' lang='lat' dir='ltr'>Masona,</span> <span class='ocrx_word' id='word_1_47' title='bbox 794 1509 975 1587; x_wconf 83' lang='lat' dir='ltr'>ducentes</span> <span class='ocrx_word' id='word_1_48' title='bbox 992 1508 1108 1587; x_wconf 86' lang='lat' dir='ltr'>libras</span> <span class='ocrx_word' id='word_1_49' title='bbox 1120 1512 1381 1601; x_wconf 86' lang='lat' dir='ltr'>Turonenses‚</span> <span class='ocrx_word' id='word_1_50' title='bbox 1401 1527 1537 1589; x_wconf 89' lang='lat' dir='ltr'>etcum</span> <span class='ocrx_word' id='word_1_51' title='bbox 1552 1514 1625 1591; x_wconf 91' lang='lat' dir='ltr'>hoc</span> <span class='ocrx_word' id='word_1_52' title='bbox 1645 1514 1782 1591; x_wconf 90' lang='lat' dir='ltr'>domus</span> 
     </span>
    </p>

    <p class='ocr_par' dir='ltr' id='par_1_4' title="bbox 358 1639 1781 1751">
     <span class='ocr_line' id='line_1_8' title="bbox 358 1639 1781 1751; baseline 0.002 -32"><span class='ocrx_word' id='word_1_53' title='bbox 358 1669 440 1734; x_wconf 85' lang='lat' dir='ltr'>sua,</span> <span class='ocrx_word' id='word_1_54' title='bbox 462 1639 530 1718; x_wconf 90' lang='lat' dir='ltr'>ubi</span> <span class='ocrx_word' id='word_1_55' title='bbox 555 1640 657 1717; x_wconf 87' lang='lat' dir='ltr'>curia</span> <span class='ocrx_word' id='word_1_56' title='bbox 676 1641 891 1718; x_wconf 88' lang='lat' dir='ltr'>communis</span> <span class='ocrx_word' id='word_1_57' title='bbox 911 1640 1125 1729; x_wconf 86' lang='lat' dir='ltr'>tenebatur,</span> <span class='ocrx_word' id='word_1_58' title='bbox 1147 1640 1413 1719; x_wconf 85' lang='lat' dir='ltr'>confiscabitur</span> <span class='ocrx_word' id='word_1_59' title='bbox 1431 1671 1500 1748; x_wconf 92' lang='lat' dir='ltr'>pro</span> <span class='ocrx_word' id='word_1_60' title='bbox 1522 1658 1568 1720; x_wconf 76' lang='lat' dir='ltr'>e‘o</span> <span class='ocrx_word' id='word_1_61' title='bbox 1587 1644 1676 1751; x_wconf 90' lang='lat' dir='ltr'>quia</span> <span class='ocrx_word' id='word_1_62' title='bbox 1694 1674 1781 1751; x_wconf 89' lang='lat' dir='ltr'>pre-</span> 
     </span>
    </p>

    <p class='ocr_par' dir='ltr' id='par_1_5' title="bbox 358 1769 1782 2008">
     <span class='ocr_line' id='line_1_9' title="bbox 358 1769 1779 1878; baseline 0.003 -29"><span class='ocrx_word' id='word_1_63' title='bbox 358 1800 444 1851; x_wconf 84' lang='lat' dir='ltr'>sens</span> <span class='ocrx_word' id='word_1_64' title='bbox 463 1772 504 1847; x_wconf 93' lang='lat' dir='ltr'>in</span> <span class='ocrx_word' id='word_1_65' title='bbox 523 1770 778 1849; x_wconf 84' lang='lat' dir='ltr'>invasionibus</span> <span class='ocrx_word' id='word_1_66' title='bbox 793 1770 972 1877; x_wconf 86' lang='lat' dir='ltr'>predictis</span> <span class='ocrx_word' id='word_1_67' title='bbox 985 1769 1174 1860; x_wconf 85' lang='lat' dir='ltr'>interfuit,</span> <span class='ocrx_word' id='word_1_68' title='bbox 1192 1789 1230 1849; x_wconf 89' lang='lat' dir='ltr'>et</span> <span class='ocrx_word' id='word_1_69' title='bbox 1244 1771 1388 1878; x_wconf 82' lang='lat' dir='ltr'>pluries</span> <span class='ocrx_word' id='word_1_70' title='bbox 1402 1772 1476 1851; x_wconf 89' lang='lat' dir='ltr'>alta</span> <span class='ocrx_word' id='word_1_71' title='bbox 1487 1802 1577 1852; x_wconf 87' lang='lat' dir='ltr'>voce</span> <span class='ocrx_word' id='word_1_72' title='bbox 1591 1774 1779 1853; x_wconf 85' lang='lat' dir='ltr'>clamavit:</span> 
     </span>
     <span class='ocr_line' id='line_1_10' title="bbox 358 1900 1782 2008; baseline 0.002 -27"><span class='ocrx_word' id='word_1_73' title='bbox 358 1904 610 1981; x_wconf 85' lang='lat' dir='ltr'>«Destruatur</span> <span class='ocrx_word' id='word_1_74' title='bbox 624 1903 761 1981; x_wconf 87' lang='lat' dir='ltr'>domus</span> <span class='ocrx_word' id='word_1_75' title='bbox 775 1900 1007 1993; x_wconf 86' lang='lat' dir='ltr'>communis,</span> <span class='ocrx_word' id='word_1_76' title='bbox 1029 1902 1119 2008; x_wconf 87' lang='lat' dir='ltr'>quia</span> <span class='ocrx_word' id='word_1_77' title='bbox 1128 1930 1213 1979; x_wconf 89' lang='lat' dir='ltr'>mea</span> <span class='ocrx_word' id='word_1_78' title='bbox 1228 1918 1299 1991; x_wconf 84' lang='lat' dir='ltr'>est,</span> <span class='ocrx_word' id='word_1_79' title='bbox 1315 1919 1354 1980; x_wconf 88' lang='lat' dir='ltr'>et</span> <span class='ocrx_word' id='word_1_80' title='bbox 1365 1903 1575 1980; x_wconf 90' lang='lat' dir='ltr'>moriantur</span> <span class='ocrx_word' id='word_1_81' title='bbox 1588 1904 1644 1980; x_wconf 88' lang='lat' dir='ltr'>illi</span> <span class='ocrx_word' id='word_1_82' title='bbox 1662 1904 1709 1983; x_wconf 87' lang='lat' dir='ltr'>de</span> <span class='ocrx_word' id='word_1_83' title='bbox 1724 1936 1782 1984; x_wconf 91' lang='lat' dir='ltr'>re-</span> 
     </span>
    </p>

    <p class='ocr_par' dir='ltr' id='par_1_6' title="bbox 354 2030 1781 2272">
     <span class='ocr_line' id='line_1_11' title="bbox 357 2030 1780 2143; baseline 0.008 -40"><span class='ocrx_word' id='word_1_84' title='bbox 357 2032 480 2141; x_wconf 77' lang='lat' dir='ltr'>«galia</span> <span class='ocrx_word' id='word_1_85' title='bbox 499 2033 565 2140; x_wconf 88' lang='lat' dir='ltr'>qui</span> <span class='ocrx_word' id='word_1_86' title='bbox 586 2033 689 2111; x_wconf 87' lang='lat' dir='ltr'>intus</span> <span class='ocrx_word' id='word_1_87' title='bbox 703 2038 839 2110; x_wconf 82' lang='lat' dir='ltr'>suntl»</span> <span class='ocrx_word' id='word_1_88' title='bbox 864 2032 1096 2113; x_wconf 85' lang='lat' dir='ltr'>Bertrandus</span> <span class='ocrx_word' id='word_1_89' title='bbox 1112 2033 1161 2110; x_wconf 90' lang='lat' dir='ltr'>de</span> <span class='ocrx_word' id='word_1_90' title='bbox 1180 2030 1301 2139; x_wconf 86' lang='lat' dir='ltr'>Aqua,</span> <span class='ocrx_word' id='word_1_91' title='bbox 1327 2033 1506 2111; x_wconf 86' lang='lat' dir='ltr'>ducentas</span> <span class='ocrx_word' id='word_1_92' title='bbox 1523 2033 1654 2127; x_wconf 85' lang='lat' dir='ltr'>libras,</span> <span class='ocrx_word' id='word_1_93' title='bbox 1672 2039 1780 2143; x_wconf 88' lang='lat' dir='ltr'>Hugo</span> 
     </span>
     <span class='ocr_line' id='line_1_12' title="bbox 354 2162 1781 2272; baseline 0.004 -32"><span class='ocrx_word' id='word_1_94' title='bbox 354 2162 566 2271; x_wconf 86' lang='lat' dir='ltr'>Pelegrini‚</span> <span class='ocrx_word' id='word_1_95' title='bbox 588 2180 741 2241; x_wconf 85' lang='lat' dir='ltr'>centurn</span> <span class='ocrx_word' id='word_1_96' title='bbox 761 2163 891 2253; x_wconf 84' lang='lat' dir='ltr'>libras,</span> <span class='ocrx_word' id='word_1_97' title='bbox 912 2164 1048 2241; x_wconf 89' lang='lat' dir='ltr'>Petrus</span> <span class='ocrx_word' id='word_1_98' title='bbox 1074 2164 1320 2270; x_wconf 88' lang='lat' dir='ltr'>Tranquerii,</span> <span class='ocrx_word' id='word_1_99' title='bbox 1343 2164 1529 2272; x_wconf 83' lang='lat' dir='ltr'>sexaginta</span> <span class='ocrx_word' id='word_1_100' title='bbox 1556 2164 1687 2255; x_wconf 88' lang='lat' dir='ltr'>libras,</span> <span class='ocrx_word' id='word_1_101' title='bbox 1713 2162 1781 2245; x_wconf 90' lang='lat' dir='ltr'>Pe-</span> 
     </span>
    </p>

    <p class='ocr_par' dir='ltr' id='par_1_7' title="bbox 353 2294 1781 2415">
     <span class='ocr_line' id='line_1_13' title="bbox 353 2294 1781 2415; baseline 0.001 -42"><span class='ocrx_word' id='word_1_102' title='bbox 353 2313 436 2373; x_wconf 87' lang='lat' dir='ltr'>trus</span> <span class='ocrx_word' id='word_1_103' title='bbox 453 2295 566 2373; x_wconf 88' lang='lat' dir='ltr'>Boaci</span> <span class='ocrx_word' id='word_1_104' title='bbox 586 2312 738 2373; x_wconf 89' lang='lat' dir='ltr'>centum</span> <span class='ocrx_word' id='word_1_105' title='bbox 758 2296 889 2384; x_wconf 87' lang='lat' dir='ltr'>libras,</span> <span class='ocrx_word' id='word_1_106' title='bbox 906 2294 1137 2375; x_wconf 85' lang='lat' dir='ltr'>Guilielmus</span> <span class='ocrx_word' id='word_1_107' title='bbox 1154 2294 1201 2371; x_wconf 87' lang='lat' dir='ltr'>de</span> <span class='ocrx_word' id='word_1_108' title='bbox 1220 2294 1351 2415; x_wconf 72' lang='lat' dir='ltr'>Vilius,</span> <span class='ocrx_word' id='word_1_109' title='bbox 1365 2296 1519 2403; x_wconf 86' lang='lat' dir='ltr'>triginta</span> <span class='ocrx_word' id='word_1_110' title='bbox 1533 2295 1662 2386; x_wconf 87' lang='lat' dir='ltr'>libras,</span> <span class='ocrx_word' id='word_1_111' title='bbox 1679 2298 1781 2377; x_wconf 90' lang='lat' dir='ltr'>Guil-</span> 
     </span>
    </p>

    <p class='ocr_par' dir='ltr' id='par_1_8' title="bbox 354 2423 1782 2533">
     <span class='ocr_line' id='line_1_14' title="bbox 354 2423 1782 2533; baseline 0.001 -30"><span class='ocrx_word' id='word_1_112' title='bbox 354 2424 493 2514; x_wconf 82' lang='lat' dir='ltr'>lelmus</span> <span class='ocrx_word' id='word_1_113' title='bbox 504 2423 676 2515; x_wconf 84' lang='lat' dir='ltr'>Cristini‚</span> <span class='ocrx_word' id='word_1_114' title='bbox 687 2424 840 2533; x_wconf 87' lang='lat' dir='ltr'>triginta</span> <span class='ocrx_word' id='word_1_115' title='bbox 856 2425 985 2516; x_wconf 87' lang='lat' dir='ltr'>libras,</span> <span class='ocrx_word' id='word_1_116' title='bbox 997 2426 1227 2503; x_wconf 78' lang='lat' dir='ltr'>bertrandus</span> <span class='ocrx_word' id='word_1_117' title='bbox 1234 2423 1354 2503; x_wconf 83' lang='lat' dir='ltr'>Gaieti</span> <span class='ocrx_word' id='word_1_118' title='bbox 1364 2486 1372 2516; x_wconf 86' lang='lat'>,</span> <span class='ocrx_word' id='word_1_119' title='bbox 1383 2425 1512 2531; x_wconf 87' lang='lat' dir='ltr'>viginti</span> <span class='ocrx_word' id='word_1_120' title='bbox 1527 2425 1657 2516; x_wconf 87' lang='lat' dir='ltr'>libras,</span> <span class='ocrx_word' id='word_1_121' title='bbox 1674 2426 1782 2506; x_wconf 82' lang='lat' dir='ltr'>Guil-</span> 
     </span>
    </p>

    <p class='ocr_par' dir='ltr' id='par_1_9' title="bbox 353 2557 1780 2796">
     <span class='ocr_line' id='line_1_15' title="bbox 353 2557 1780 2667; baseline 0.001 -30"><span class='ocrx_word' id='word_1_122' title='bbox 353 2558 492 2637; x_wconf 88' lang='lat' dir='ltr'>ielmus</span> <span class='ocrx_word' id='word_1_123' title='bbox 504 2559 661 2649; x_wconf 87' lang='lat' dir='ltr'>Floreti‚</span> <span class='ocrx_word' id='word_1_124' title='bbox 677 2558 807 2667; x_wconf 81' lang='lat' dir='ltr'>viginti</span> <span class='ocrx_word' id='word_1_125' title='bbox 824 2558 953 2647; x_wconf 84' lang='lat' dir='ltr'>libras,</span> <span class='ocrx_word' id='word_1_126' title='bbox 970 2559 1101 2634; x_wconf 85' lang='lat' dir='ltr'>Petrus</span> <span class='ocrx_word' id='word_1_127' title='bbox 1116 2557 1226 2645; x_wconf 86' lang='lat' dir='ltr'>Gras,</span> <span class='ocrx_word' id='word_1_128' title='bbox 1242 2557 1280 2635; x_wconf 93' lang='lat' dir='ltr'>lo</span> <span class='ocrx_word' id='word_1_129' title='bbox 1295 2557 1447 2647; x_wconf 85' lang='lat' dir='ltr'>Bastier‚</span> <span class='ocrx_word' id='word_1_130' title='bbox 1463 2558 1650 2663; x_wconf 82' lang='lat' dir='ltr'>sexaginta</span> <span class='ocrx_word' id='word_1_131' title='bbox 1666 2557 1780 2639; x_wconf 88' lang='lat' dir='ltr'>libras</span> 
     </span>
     <span class='ocr_line' id='line_1_16' title="bbox 354 2687 1779 2796; baseline 0.001 -28"><span class='ocrx_word' id='word_1_132' title='bbox 354 2693 611 2781; x_wconf 88' lang='lat' dir='ltr'>Turonenses‚</span> <span class='ocrx_word' id='word_1_133' title='bbox 627 2691 840 2769; x_wconf 87' lang='lat' dir='ltr'>Bernardus</span> <span class='ocrx_word' id='word_1_134' title='bbox 854 2689 964 2781; x_wconf 77' lang='lat' dir='ltr'>Grae,</span> <span class='ocrx_word' id='word_1_135' title='bbox 980 2688 1169 2796; x_wconf 84' lang='lat' dir='ltr'>sexaginta</span> <span class='ocrx_word' id='word_1_136' title='bbox 1180 2687 1309 2781; x_wconf 86' lang='lat' dir='ltr'>libras,</span> <span class='ocrx_word' id='word_1_137' title='bbox 1323 2688 1454 2769; x_wconf 87' lang='lat' dir='ltr'>Vitalis</span> <span class='ocrx_word' id='word_1_138' title='bbox 1468 2688 1515 2765; x_wconf 93' lang='lat' dir='ltr'>de</span> <span class='ocrx_word' id='word_1_139' title='bbox 1530 2689 1662 2782; x_wconf 83' lang='lat' dir='ltr'>Vilias,</span> <span class='ocrx_word' id='word_1_140' title='bbox 1677 2718 1779 2769; x_wconf 88' lang='lat' dir='ltr'>sexa-</span> 
     </span>
    </p>

    <p class='ocr_par' dir='ltr' id='par_1_10' title="bbox 353 2820 1779 2931">
     <span class='ocr_line' id='line_1_17' title="bbox 353 2820 1779 2931; baseline -0.001 -31"><span class='ocrx_word' id='word_1_141' title='bbox 353 2822 456 2931; x_wconf 85' lang='lat' dir='ltr'>ginta</span> <span class='ocrx_word' id='word_1_142' title='bbox 473 2822 589 2900; x_wconf 85' lang='lat' dir='ltr'>libras</span> <span class='ocrx_word' id='word_1_143' title='bbox 606 2824 845 2900; x_wconf 86' lang='lat' dir='ltr'>Turonenses</span> <span class='ocrx_word' id='word_1_144' title='bbox 864 2821 1089 2928; x_wconf 88' lang='lat' dir='ltr'>persolvent.</span> <span class='ocrx_word' id='word_1_145' title='bbox 1107 2822 1164 2899; x_wconf 89' lang='lat' dir='ltr'>De</span> <span class='ocrx_word' id='word_1_146' title='bbox 1185 2820 1344 2926; x_wconf 88' lang='lat' dir='ltr'>pecunia</span> <span class='ocrx_word' id='word_1_147' title='bbox 1362 2848 1450 2899; x_wconf 85' lang='lat' dir='ltr'>vero</span> <span class='ocrx_word' id='word_1_148' title='bbox 1470 2820 1682 2926; x_wconf 86' lang='lat' dir='ltr'>supradicta</span> <span class='ocrx_word' id='word_1_149' title='bbox 1702 2848 1779 2898; x_wconf 88' lang='lat' dir='ltr'>ma-</span> 
     </span>
    </p>

    <p class='ocr_par' dir='ltr' id='par_1_11' title="bbox 352 2947 1777 3062">
     <span class='ocr_line' id='line_1_18' title="bbox 352 2947 1777 3062; baseline -0.003 -31"><span class='ocrx_word' id='word_1_150' title='bbox 352 2954 468 3062; x_wconf 88' lang='lat' dir='ltr'>gister</span> <span class='ocrx_word' id='word_1_151' title='bbox 481 2953 744 3061; x_wconf 86' lang='lat' dir='ltr'>Raymundus,</span> <span class='ocrx_word' id='word_1_152' title='bbox 764 2947 891 3030; x_wconf 87' lang='lat' dir='ltr'>iocum</span> <span class='ocrx_word' id='word_1_153' title='bbox 908 2970 1045 3029; x_wconf 87' lang='lat' dir='ltr'>tenens</span> <span class='ocrx_word' id='word_1_154' title='bbox 1063 2950 1189 3027; x_wconf 86' lang='lat' dir='ltr'>ballivi</span> <span class='ocrx_word' id='word_1_155' title='bbox 1211 2951 1440 3040; x_wconf 89' lang='lat' dir='ltr'>communis,</span> <span class='ocrx_word' id='word_1_156' title='bbox 1459 2980 1529 3057; x_wconf 89' lang='lat' dir='ltr'>pro</span> <span class='ocrx_word' id='word_1_157' title='bbox 1550 2952 1687 3061; x_wconf 88' lang='lat' dir='ltr'>injuria</span> <span class='ocrx_word' id='word_1_158' title='bbox 1706 2953 1777 3029; x_wconf 87' lang='lat' dir='ltr'>sibi</span> 
     </span>
    </p>

    <p class='ocr_par' dir='ltr' id='par_1_12' title="bbox 352 3081 1777 3189">
     <span class='ocr_line' id='line_1_19' title="bbox 352 3081 1777 3189; baseline 0.001 -29"><span class='ocrx_word' id='word_1_159' title='bbox 352 3083 446 3163; x_wconf 85' lang='lat' dir='ltr'>sacta</span> <span class='ocrx_word' id='word_1_160' title='bbox 461 3083 617 3162; x_wconf 89' lang='lat' dir='ltr'>habebit</span> <span class='ocrx_word' id='word_1_161' title='bbox 634 3100 786 3160; x_wconf 88' lang='lat' dir='ltr'>centum</span> <span class='ocrx_word' id='word_1_162' title='bbox 803 3082 932 3172; x_wconf 87' lang='lat' dir='ltr'>libras,</span> <span class='ocrx_word' id='word_1_163' title='bbox 954 3099 992 3158; x_wconf 90' lang='lat' dir='ltr'>et</span> <span class='ocrx_word' id='word_1_164' title='bbox 1011 3082 1175 3159; x_wconf 86' lang='lat' dir='ltr'>serviens</span> <span class='ocrx_word' id='word_1_165' title='bbox 1196 3081 1297 3159; x_wconf 90' lang='lat' dir='ltr'>curie</span> <span class='ocrx_word' id='word_1_166' title='bbox 1318 3083 1549 3170; x_wconf 88' lang='lat' dir='ltr'>communis,</span> <span class='ocrx_word' id='word_1_167' title='bbox 1566 3083 1631 3189; x_wconf 89' lang='lat' dir='ltr'>qui</span> <span class='ocrx_word' id='word_1_168' title='bbox 1648 3082 1719 3164; x_wconf 81' lang='lat' dir='ltr'>suit</span> <span class='ocrx_word' id='word_1_169' title='bbox 1738 3084 1777 3161; x_wconf 91' lang='lat' dir='ltr'>in</span> 
     </span>
    </p>

    <p class='ocr_par' dir='ltr' id='par_1_13' title="bbox 335 3210 1774 3433">
     <span class='ocr_line' id='line_1_20' title="bbox 353 3210 1774 3323; baseline -0.003 -30"><span class='ocrx_word' id='word_1_170' title='bbox 353 3216 473 3323; x_wconf 85' lang='lat' dir='ltr'>capite</span> <span class='ocrx_word' id='word_1_171' title='bbox 491 3214 720 3304; x_wconf 88' lang='lat' dir='ltr'>vulneratus,</span> <span class='ocrx_word' id='word_1_172' title='bbox 737 3212 910 3304; x_wconf 83' lang='lat' dir='ltr'>babebit,</span> <span class='ocrx_word' id='word_1_173' title='bbox 926 3239 995 3318; x_wconf 90' lang='lat' dir='ltr'>pro</span> <span class='ocrx_word' id='word_1_174' title='bbox 1012 3212 1151 3320; x_wconf 85' lang='lat' dir='ltr'>injuria</span> <span class='ocrx_word' id='word_1_175' title='bbox 1168 3212 1240 3288; x_wconf 87' lang='lat' dir='ltr'>sibi</span> <span class='ocrx_word' id='word_1_176' title='bbox 1258 3210 1369 3301; x_wconf 80' lang='lat' dir='ltr'>facta,</span> <span class='ocrx_word' id='word_1_177' title='bbox 1384 3212 1629 3321; x_wconf 87' lang='lat' dir='ltr'>quadraginta</span> <span class='ocrx_word' id='word_1_178' title='bbox 1649 3213 1774 3290; x_wconf 87' lang='lat' dir='ltr'>libras.</span> 
     </span>
     <span class='ocr_line' id='line_1_21' title="bbox 335 3342 777 3433; baseline -0.007 -9"><span class='ocrx_word' id='word_1_179' title='bbox 335 3423 340 3433; x_wconf 83' lang='grc'><em>,</em></span> <span class='ocrx_word' id='word_1_180' title='bbox 408 3348 450 3423; x_wconf 90' lang='lat' dir='ltr'>ln</span> <span class='ocrx_word' id='word_1_181' title='bbox 470 3344 612 3424; x_wconf 89' lang='lat' dir='ltr'>octabis</span> <span class='ocrx_word' id='word_1_182' title='bbox 625 3342 777 3423; x_wconf 82' lang='lat' dir='ltr'>Pasche.</span> 
     </span>
    </p>

    <p class='ocr_par' dir='ltr' id='par_1_14' title="bbox 407 3474 822 3581">
     <span class='ocr_line' id='line_1_22' title="bbox 407 3474 822 3581; baseline -0.007 -27"><span class='ocrx_word' id='word_1_183' title='bbox 407 3475 593 3554; x_wconf 86' lang='lat' dir='ltr'>Thibotot</span> <span class='ocrx_word' id='word_1_184' title='bbox 610 3474 822 3581; x_wconf 84' lang='lat' dir='ltr'>reportavit.</span> 
     </span>
    </p>

    <p class='ocr_par' dir='ltr' id='par_1_15' title="bbox 409 3602 1560 3715">
     <span class='ocr_line' id='line_1_23' title="bbox 409 3602 1560 3715; baseline -0.002 -30"><span class='ocrx_word' id='word_1_185' title='bbox 409 3608 590 3715; x_wconf 87' lang='lat' dir='ltr'>Sequitur</span> <span class='ocrx_word' id='word_1_186' title='bbox 608 3608 706 3684; x_wconf 83' lang='lat' dir='ltr'>ittud</span> <span class='ocrx_word' id='word_1_187' title='bbox 724 3606 831 3714; x_wconf 83' lang='lat' dir='ltr'>quod</span> <span class='ocrx_word' id='word_1_188' title='bbox 855 3622 984 3712; x_wconf 85' lang='lat' dir='ltr'>postea</span> <span class='ocrx_word' id='word_1_189' title='bbox 1003 3632 1119 3711; x_wconf 89' lang='lat' dir='ltr'>super</span> <span class='ocrx_word' id='word_1_190' title='bbox 1139 3606 1212 3683; x_wconf 92' lang='lat' dir='ltr'>hoc</span> <span class='ocrx_word' id='word_1_191' title='bbox 1232 3607 1448 3683; x_wconf 88' lang='lat' dir='ltr'>ordinatum</span> <span class='ocrx_word' id='word_1_192' title='bbox 1467 3602 1560 3683; x_wconf 79' lang='lat' dir='ltr'>fuit:</span> 
     </span>
    </p>

    <p class='ocr_par' dir='ltr' id='par_1_16' title="bbox 351 3735 1776 4239">
     <span class='ocr_line' id='line_1_24' title="bbox 408 3735 1776 3846; baseline -0.003 -29"><span class='ocrx_word' id='word_1_193' title='bbox 408 3740 468 3816; x_wconf 81' lang='lat' dir='ltr'>Ad</span> <span class='ocrx_word' id='word_1_194' title='bbox 485 3755 680 3846; x_wconf 80' lang='lat' dir='ltr'>requestas</span> <span class='ocrx_word' id='word_1_195' title='bbox 703 3766 795 3844; x_wconf 87' lang='lat' dir='ltr'>quas</span> <span class='ocrx_word' id='word_1_196' title='bbox 821 3737 926 3813; x_wconf 89' lang='lat' dir='ltr'>curie</span> <span class='ocrx_word' id='word_1_197' title='bbox 950 3735 1112 3814; x_wconf 78' lang='lat' dir='ltr'>iaciebat</span> <span class='ocrx_word' id='word_1_198' title='bbox 1131 3735 1327 3844; x_wconf 85' lang='lat' dir='ltr'>episcopus</span> <span class='ocrx_word' id='word_1_199' title='bbox 1346 3736 1595 3827; x_wconf 86' lang='lat' dir='ltr'>Mimatensis‚</span> <span class='ocrx_word' id='word_1_200' title='bbox 1623 3762 1690 3842; x_wconf 87' lang='lat' dir='ltr'>per</span> <span class='ocrx_word' id='word_1_201' title='bbox 1716 3766 1776 3815; x_wconf 88' lang='lat' dir='ltr'>cu·</span> 
     </span>
     <span class='ocr_line' id='line_1_25' title="bbox 352 3867 1776 3975; baseline -0.002 -29"><span class='ocrx_word' id='word_1_202' title='bbox 352 3870 445 3947; x_wconf 86' lang='lat' dir='ltr'>riam</span> <span class='ocrx_word' id='word_1_203' title='bbox 456 3935 465 3963; x_wconf 90' lang='lat'>‚</span> <span class='ocrx_word' id='word_1_204' title='bbox 478 3869 621 3947; x_wconf 90' lang='lat' dir='ltr'>dictum</span> <span class='ocrx_word' id='word_1_205' title='bbox 631 3869 705 3946; x_wconf 85' lang='lat' dir='ltr'>fuit</span> <span class='ocrx_word' id='word_1_206' title='bbox 716 3868 821 3975; x_wconf 89' lang='lat' dir='ltr'>quod</span> <span class='ocrx_word' id='word_1_207' title='bbox 836 3868 915 3974; x_wconf 89' lang='lat' dir='ltr'>ipse</span> <span class='ocrx_word' id='word_1_208' title='bbox 930 3882 1059 3944; x_wconf 87' lang='lat' dir='ltr'>contra</span> <span class='ocrx_word' id='word_1_209' title='bbox 1070 3867 1299 3946; x_wconf 86' lang='lat' dir='ltr'>adversarios</span> <span class='ocrx_word' id='word_1_210' title='bbox 1313 3897 1401 3946; x_wconf 89' lang='lat' dir='ltr'>suos</span> <span class='ocrx_word' id='word_1_211' title='bbox 1413 3867 1627 3975; x_wconf 89' lang='lat' dir='ltr'>adjoruatos</span> <span class='ocrx_word' id='word_1_212' title='bbox 1641 3884 1679 3944; x_wconf 88' lang='lat' dir='ltr'>et</span> <span class='ocrx_word' id='word_1_213' title='bbox 1691 3896 1776 3946; x_wconf 92' lang='lat' dir='ltr'>con-</span> 
     </span>
     <span class='ocr_line' id='line_1_26' title="bbox 351 3997 1773 4105; baseline -0.002 -27"><span class='ocrx_word' id='word_1_214' title='bbox 351 4018 519 4078; x_wconf 89' lang='lat' dir='ltr'>tumaces</span> <span class='ocrx_word' id='word_1_215' title='bbox 528 3999 683 4078; x_wconf 88' lang='lat' dir='ltr'>habebit</span> <span class='ocrx_word' id='word_1_216' title='bbox 697 3998 909 4088; x_wconf 80' lang='lat' dir='ltr'>deiectum,</span> <span class='ocrx_word' id='word_1_217' title='bbox 927 4016 965 4075; x_wconf 91' lang='lat' dir='ltr'>et</span> <span class='ocrx_word' id='word_1_218' title='bbox 980 3999 1115 4075; x_wconf 84' lang='lat' dir='ltr'>iterato</span> <span class='ocrx_word' id='word_1_219' title='bbox 1127 3998 1343 4076; x_wconf 88' lang='lat' dir='ltr'>citabuntur</span> <span class='ocrx_word' id='word_1_220' title='bbox 1356 4026 1470 4105; x_wconf 87' lang='lat' dir='ltr'>super</span> <span class='ocrx_word' id='word_1_221' title='bbox 1483 3997 1646 4075; x_wconf 87' lang='lat' dir='ltr'>utilitate</span> <span class='ocrx_word' id='word_1_222' title='bbox 1661 4026 1773 4105; x_wconf 91' lang='lat' dir='ltr'>quam</span> 
     </span>
     <span class='ocr_line' id='line_1_27' title="bbox 353 4128 1247 4239; baseline -0.003 -29"><span class='ocrx_word' id='word_1_223' title='bbox 353 4132 447 4239; x_wconf 83' lang='lat' dir='ltr'>petit</span> <span class='ocrx_word' id='word_1_224' title='bbox 465 4132 589 4209; x_wconf 86' lang='lat' dir='ltr'>dictus</span> <span class='ocrx_word' id='word_1_225' title='bbox 609 4132 809 4238; x_wconf 89' lang='lat' dir='ltr'>episcopus</span> <span class='ocrx_word' id='word_1_226' title='bbox 829 4158 874 4207; x_wconf 86' lang='lat' dir='ltr'>ex</span> <span class='ocrx_word' id='word_1_227' title='bbox 893 4128 1044 4207; x_wconf 83' lang='lat' dir='ltr'>defectu</span> <span class='ocrx_word' id='word_1_228' title='bbox 1063 4130 1247 4234; x_wconf 89' lang='lat' dir='ltr'>predicto.</span> 
     </span>
    </p>

    <p class='ocr_par' dir='ltr' id='par_1_17' title="bbox 354 4257 1772 4497">
     <span class='ocr_line' id='line_1_28' title="bbox 409 4257 1772 4370; baseline -0.001 -31"><span class='ocrx_word' id='word_1_229' title='bbox 409 4264 519 4352; x_wconf 87' lang='lat' dir='ltr'>Item,</span> <span class='ocrx_word' id='word_1_230' title='bbox 535 4260 861 4370; x_wconf 87' lang='lat' dir='ltr'>superconcordia</span> <span class='ocrx_word' id='word_1_231' title='bbox 876 4259 1030 4336; x_wconf 87' lang='lat' dir='ltr'>incuria</span> <span class='ocrx_word' id='word_1_232' title='bbox 1046 4257 1142 4336; x_wconf 84' lang='lat' dir='ltr'>facta.</span> <span class='ocrx_word' id='word_1_233' title='bbox 1152 4260 1251 4338; x_wconf 88' lang='lat' dir='ltr'>iuter</span> <span class='ocrx_word' id='word_1_234' title='bbox 1267 4260 1392 4368; x_wconf 91' lang='lat' dir='ltr'>ipsum</span> <span class='ocrx_word' id='word_1_235' title='bbox 1408 4260 1647 4364; x_wconf 83' lang='lat' dir='ltr'>etquosdam</span> <span class='ocrx_word' id='word_1_236' title='bbox 1664 4259 1772 4347; x_wconf 87' lang='lat' dir='ltr'>alios,</span> 
     </span>
     <span class='ocr_line' id='line_1_29' title="bbox 354 4367 1182 4497; baseline -0.007 -26"><span class='ocrx_word' id='word_1_237' title='bbox 354 4395 506 4473; x_wconf 86' lang='lat' dir='ltr'>dabitur</span> <span class='ocrx_word' id='word_1_238' title='bbox 523 4395 595 4473; x_wconf 88' lang='lat' dir='ltr'>sibi</span> <span class='ocrx_word' id='word_1_239' title='bbox 615 4393 756 4484; x_wconf 86' lang='lat' dir='ltr'>littera,</span> <span class='ocrx_word' id='word_1_240' title='bbox 779 4408 893 4497; x_wconf 91' lang='lat' dir='ltr'>prout</span> <span class='ocrx_word' id='word_1_241' title='bbox 911 4388 993 4468; x_wconf 84' lang='lat' dir='ltr'>fieri</span> <span class='ocrx_word' id='word_1_242' title='bbox 1015 4367 1182 4467; x_wconf 88' lang='lat' dir='ltr'>debebit.</span> 
     </span>
    </p>

    <p class='ocr_par' dir='ltr' id='par_1_18' title="bbox 352 4518 1778 5155">
     <span class='ocr_line' id='line_1_30' title="bbox 409 4518 1777 4627; baseline -0.004 -26"><span class='ocrx_word' id='word_1_243' title='bbox 409 4526 519 4617; x_wconf 81' lang='lat' dir='ltr'>Item,</span> <span class='ocrx_word' id='word_1_244' title='bbox 539 4526 588 4603; x_wconf 89' lang='lat' dir='ltr'>de</span> <span class='ocrx_word' id='word_1_245' title='bbox 606 4522 928 4603; x_wconf 86' lang='lat' dir='ltr'>condemuacione</span> <span class='ocrx_word' id='word_1_246' title='bbox 948 4519 1163 4627; x_wconf 85' lang='lat' dir='ltr'>pecuniaria</span> <span class='ocrx_word' id='word_1_247' title='bbox 1174 4548 1242 4627; x_wconf 89' lang='lat' dir='ltr'>per</span> <span class='ocrx_word' id='word_1_248' title='bbox 1252 4520 1393 4596; x_wconf 90' lang='lat' dir='ltr'>curiam</span> <span class='ocrx_word' id='word_1_249' title='bbox 1409 4518 1521 4609; x_wconf 81' lang='lat' dir='ltr'>iacta,</span> <span class='ocrx_word' id='word_1_250' title='bbox 1539 4518 1690 4595; x_wconf 87' lang='lat' dir='ltr'>racione</span> <span class='ocrx_word' id='word_1_251' title='bbox 1704 4520 1777 4596; x_wconf 87' lang='lat' dir='ltr'>vio—</span> 
     </span>
     <span class='ocr_line' id='line_1_31' title="bbox 353 4649 1777 4763; baseline -0.006 -30"><span class='ocrx_word' id='word_1_252' title='bbox 353 4657 559 4735; x_wconf 86' lang='lat' dir='ltr'>ienciarum</span> <span class='ocrx_word' id='word_1_253' title='bbox 571 4675 609 4735; x_wconf 86' lang='lat' dir='ltr'>et</span> <span class='ocrx_word' id='word_1_254' title='bbox 622 4654 847 4763; x_wconf 87' lang='lat' dir='ltr'>injuriarum</span> <span class='ocrx_word' id='word_1_255' title='bbox 857 4654 1046 4731; x_wconf 86' lang='lat' dir='ltr'>illatarum</span> <span class='ocrx_word' id='word_1_256' title='bbox 1057 4652 1159 4758; x_wconf 89' lang='lat' dir='ltr'>apud</span> <span class='ocrx_word' id='word_1_257' title='bbox 1172 4651 1422 4759; x_wconf 87' lang='lat' dir='ltr'>Marologium</span> <span class='ocrx_word' id='word_1_258' title='bbox 1434 4649 1659 4727; x_wconf 88' lang='lat' dir='ltr'>officialibus</span> <span class='ocrx_word' id='word_1_259' title='bbox 1674 4678 1777 4727; x_wconf 88' lang='lat' dir='ltr'>oom-</span> 
     </span>
     <span class='ocr_line' id='line_1_32' title="bbox 353 4780 1778 4892; baseline -0.003 -29"><span class='ocrx_word' id='word_1_260' title='bbox 353 4788 482 4865; x_wconf 89' lang='lat' dir='ltr'>muuis</span> <span class='ocrx_word' id='word_1_261' title='bbox 500 4788 603 4866; x_wconf 87' lang='lat' dir='ltr'>curie</span> <span class='ocrx_word' id='word_1_262' title='bbox 624 4786 768 4863; x_wconf 90' lang='lat' dir='ltr'>domini</span> <span class='ocrx_word' id='word_1_263' title='bbox 786 4785 897 4892; x_wconf 86' lang='lat' dir='ltr'>Regis</span> <span class='ocrx_word' id='word_1_264' title='bbox 912 4803 950 4861; x_wconf 90' lang='lat' dir='ltr'>et</span> <span class='ocrx_word' id='word_1_265' title='bbox 967 4784 1058 4862; x_wconf 85' lang='lat' dir='ltr'>dicti</span> <span class='ocrx_word' id='word_1_266' title='bbox 1076 4783 1261 4890; x_wconf 87' lang='lat' dir='ltr'>episcopi,</span> <span class='ocrx_word' id='word_1_267' title='bbox 1284 4784 1387 4860; x_wconf 91' lang='lat' dir='ltr'>idem</span> <span class='ocrx_word' id='word_1_268' title='bbox 1406 4782 1602 4890; x_wconf 86' lang='lat' dir='ltr'>episcopus</span> <span class='ocrx_word' id='word_1_269' title='bbox 1624 4780 1778 4859; x_wconf 91' lang='lat' dir='ltr'>habebit</span> 
     </span>
     <span class='ocr_line' id='line_1_33' title="bbox 353 4913 1776 5022; baseline -0.003 -28"><span class='ocrx_word' id='word_1_270' title='bbox 353 4916 611 5010; x_wconf 86' lang='lat' dir='ltr'>medietatem,</span> <span class='ocrx_word' id='word_1_271' title='bbox 630 4933 668 4994; x_wconf 90' lang='lat' dir='ltr'>et</span> <span class='ocrx_word' id='word_1_272' title='bbox 686 4915 860 4994; x_wconf 84' lang='lat' dir='ltr'>similiter</span> <span class='ocrx_word' id='word_1_273' title='bbox 878 4913 947 4993; x_wconf 85' lang='lat' dir='ltr'>fiet</span> <span class='ocrx_word' id='word_1_274' title='bbox 963 4916 1003 4991; x_wconf 91' lang='lat' dir='ltr'>in</span> <span class='ocrx_word' id='word_1_275' title='bbox 1023 4913 1398 5004; x_wconf 85' lang='lat' dir='ltr'>similibuscasibus,</span> <span class='ocrx_word' id='word_1_276' title='bbox 1422 4915 1452 4991; x_wconf 90' lang='lat' dir='ltr'>si</span> <span class='ocrx_word' id='word_1_277' title='bbox 1467 4932 1504 4992; x_wconf 90' lang='lat' dir='ltr'>et</span> <span class='ocrx_word' id='word_1_278' title='bbox 1518 4913 1672 5022; x_wconf 90' lang='lat' dir='ltr'>quando</span> <span class='ocrx_word' id='word_1_279' title='bbox 1693 4940 1776 4990; x_wconf 87' lang='lat' dir='ltr'>eve-</span> 
     </span>
     <span class='ocr_line' id='line_1_34' title="bbox 352 5047 827 5155; baseline -0.008 -29"><span class='ocrx_word' id='word_1_280' title='bbox 352 5047 480 5127; x_wconf 85' lang='lat' dir='ltr'>nerint</span> <span class='ocrx_word' id='word_1_281' title='bbox 498 5048 600 5155; x_wconf 90' lang='lat' dir='ltr'>apud</span> <span class='ocrx_word' id='word_1_282' title='bbox 617 5049 827 5127; x_wconf 87' lang='lat' dir='ltr'>Mimatum.</span> 
     </span>
    </p>
   </div>
   <div class='ocr_carea' id='block_1_3' title="bbox 0 0 2230 6209">
    <p class='ocr_par' dir='ltr' id='par_1_19' title="bbox 0 0 2230 6209">
     <span class='ocr_line' id='line_1_35' title="bbox 0 0 2230 6209; baseline 0 0"><span class='ocrx_word' id='word_1_283' title='bbox 0 0 2230 6209; x_wconf 95' lang='lat' dir='ltr'> </span> 
     </span>
    </p>
   </div>
  </div>
 </body>
</html>
