4450 6209
503 667 576 744 ὂθίι
1080 665 1168 740 LES
1197 665 1336 740 OLIM.

276 818 463 880 Pfflrorarv,
501 810 602 888 eules
622 837 698 887 non
717 807 829 886 firisse
847 808 1100 918 negligentes,
1122 807 1189 886 sed
1207 808 1339 914 pocius
1358 806 1572 916 diligentes,
1595 807 1636 882 in
1655 808 1919 911 prosecucione

339 912 401 955 Μ’
501 969 608 1019 cause
626 941 724 1018 dicte
736 938 1001 1047 appellacionis
1013 967 1163 1029 eorum,
1176 967 1246 1046 per
1258 939 1358 1016 dicte
1373 938 1477 1016 curie
1489 936 1828 1044 nostrejudicium,
1844 937 1920 1014 dic-

499 1090 583 1150 tum
599 1071 671 1148 suit
686 1069 897 1178 predictum
912 1068 1181 1159 senescallum,
1198 1097 1266 1147 seu
1282 1070 1363 1176 ejus
1383 1068 1510 1146 locum
1524 1085 1733 1160 tenentem,
1747 1066 1844 1144 male
1856 1068 1918 1174 ju-

499 1200 640 1280 dicasse
661 1217 699 1278 et
725 1201 846 1280 dictos
868 1201 1041 1280 consules
1060 1200 1160 1278 bene
1186 1199 1409 1307 appellasse,
1427 1215 1466 1276 et
1488 1199 1657 1305 precepit
1673 1199 1778 1276 curia
1796 1215 1917 1275 nostra

498 1333 603 1440 quod
633 1331 756 1410 dictus
782 1359 980 1438 processus
1002 1359 1114 1438 super
1138 1358 1246 1409 causa
1274 1329 1468 1438 principali
1494 1328 1662 1435 predicta
1688 1327 1826 1419 sactus,
1854 1355 1919 1433 per

498 1480 665 1542 nostram
679 1462 820 1540 curiam
832 1463 1037 1570 judicetur,
1050 1462 1081 1538 ai
1097 1460 1146 1538 sit
1159 1462 1199 1539 in
1212 1478 1310 1538 statu
1323 1459 1429 1568 quod
1441 1459 1558 1567 possit
1565 1458 1744 1567 judicari,
1763 1459 1917 1535 maxime

496 1624 581 1672 cum
602 1611 824 1704 procurator
844 1594 1033 1672 dictorum
1053 1591 1253 1671 consulum
1273 1592 1347 1669 hoc
1365 1591 1531 1700 requirat
1549 1591 1589 1668 in
1608 1595 1713 1668 curia
1732 1607 1868 1667 nostra.

548 1725 705 1808 Veneris
725 1725 904 1832 predicta.

549 1857 712 1964 Mangon
730 1855 944 1961 reportavit.

550 2117 660 2196 XXX.
683 2117 782 2196 Cum
795 2117 842 2196 lis
857 2135 960 2196 mota
975 2117 1124 2207 suisset,
1142 2143 1266 2196 coram
1281 2119 1474 2225 preposito
1488 2116 1703 2207 Parisiensi,
1716 2117 1817 2193 inter
1829 2117 1915 2194 Hen-

494 2251 630 2340 ricum,
652 2249 861 2336 lathomum
880 2249 928 2326 de
947 2246 1162 2337 Ateinvilla,
1185 2265 1223 2326 et
1239 2247 1320 2354 ejus
1335 2247 1492 2339 liberos,
1511 2277 1555 2325 ex
1570 2276 1645 2324 una
1660 2265 1788 2354 parte,
1805 2265 1843 2324 et
1860 2248 1918 2324 do

497 2379 639 2458 minam
658 2379 705 2456 de
724 2377 935 2457 Athenvilla
946 2437 956 2468 ,
968 2378 1137 2456 relictam
1150 2378 1332 2456 lobannis
1345 2379 1391 2455 de
1403 2379 1600 2471 Lauduno,
1617 2360 1812 2486 quondam
1826 2376 1918 2454 mili·

496 2511 561 2599 tis,
580 2527 618 2588 et
633 2511 714 2618 ejus
732 2509 888 2600 liberos,
907 2539 949 2587 ex
966 2508 1097 2600 altera,
1116 2537 1228 2617 super
1242 2538 1288 2586 eo
1299 2510 1405 2616 quod
1419 2510 1569 2588 dicebat
1585 2509 1707 2588 dictus
1719 2510 1915 2596 Henricus,

497 2669 566 2746 pro
587 2669 625 2718 se
648 2658 685 2719 et
697 2640 826 2718 liberis
843 2639 929 2730 suis,
943 2669 982 2718 se
994 2639 1196 2747 spoliatum
1212 2641 1414 2746 apredicto
1427 2641 1563 2731 milite,
1574 2657 1744 2747 tempore
1757 2667 1836 2746 quo
1846 2641 1917 2746 ipse

498 2769 659 2862 vivebat,
682 2786 720 2848 et
740 2770 857 2848 eciam
877 2798 898 2846 a
921 2770 1018 2848 dicta
1038 2770 1208 2860 domina,
1226 2769 1273 2846 de
1293 2770 1521 2877 quibusdam
1538 2771 1666 2862 terris,
1687 2770 1861 2848 videlicet
1874 2771 1917 2848 de

498 2918 660 3010 quatuor
673 2901 834 3010 arpentis
850 2917 949 2978 terre
966 2901 1046 2978 sitis
1060 2900 1220 2980 Esraiies
1234 2919 1272 2979 et
1286 2928 1333 2978 en
1348 2902 1560 2994 Lardillicr,
1576 2903 1656 2980 sine
1670 2903 1796 2993 vinea,
1813 2903 1915 2992 item,

497 3031 546 3108 de
567 3030 726 3108 dimidio
743 3047 899 3136 arpento
912 3048 1011 3108 terre
1027 3031 1098 3108 sito
1120 3032 1159 3106 in
1177 3031 1272 3108 valle
1289 3031 1547 3139 Guiguabent3
1566 3033 1674 3121 item,
1692 3032 1741 3110 de
1761 3032 1917 3110 dimidio

498 3178 653 3269 arpento
663 3178 763 3238 terre
778 3161 851 3260 sito
862 3161 902 3240 in
912 3161 1044 3240 eadem
1058 3161 1171 3252 valle3
1187 3162 1298 3251 item,
1318 3163 1366 3240 de
1379 3163 1502 3240 tribus
1515 3164 1714 3270 quarteriis
1725 3180 1825 3241 terre
1840 3191 1918 3240 con-

498 3291 612 3402 tiguis
627 3293 683 3369 vie
698 3289 1041 3385 deVillers-leSa03
1057 3293 1149 3370 item
1162 3293 1211 3370 de
1227 3321 1303 3370 uno
1316 3295 1507 3400 quarterio
1521 3312 1620 3372 terre
1632 3295 1704 3371 sito
1715 3323 1736 3369 a
1749 3289 1915 3378 Semelii;

499 3425 609 3514 item,
626 3422 672 3500 de
693 3440 845 3502 centum
867 3441 905 3501 et
916 3452 1051 3502 novem
1065 3423 1208 3518 dizenis
1221 3424 1422 3532 garbarum
1437 3425 1541 3503 bladi
1560 3453 1673 3532 super
1688 3424 1798 3514 dictis
1815 3424 1917 3501 terris

366 3574 370 3582 ’
498 3571 591 3633 tunc
608 3555 867 3646 existentibus,
886 3573 924 3634 et
936 3555 1018 3636 aliis
1031 3555 1216 3634 fructibus
1231 3554 1414 3632 dictarum
1427 3574 1628 3647 terrarum,
1643 3586 1758 3665 quare
1773 3539 1917 3664 p⁰etebat

500 3684 622 3764 dictus
636 3687 818 3765 Henricus
829 3715 881 3776 se,
896 3688 1050 3766 nomine
1065 3715 1143 3794 quo
1159 3716 1281 3793 supra,
1304 3686 1351 3762 ad
1370 3687 1537 3793 predicta
1554 3686 1717 3774 restitui,
1734 3702 1772 3764 et
1793 3714 1836 3764 ea
1849 3684 1914 3763 sibi

499 3814 626 3906 reddi,
643 3844 718 3893 una
736 3845 822 3893 curn
843 3815 1026 3894 fructibus
1045 3817 1112 3923 qui
1129 3817 1292 3924 percepti
1308 3817 1546 3900 sueruntseu
1559 3817 1701 3926 percipi
1718 3833 1916 3923 potuervmt

500 3943 651 4032 exinde3
668 3943 734 4020 lite
755 3935 1027 4051 vero'predicta
1048 3947 1254 4054 pendente,
1271 3947 1393 4025 dictus
1412 3947 1596 4026 Henricus
1614 3947 1727 4026 rebus
1748 3947 1916 4025 humanis

500 4074 572 4151 [uit
591 4091 804 4181 exemptus,
824 4075 963 4154 relictis
980 4095 1142 4185 quatuor
1162 4078 1306 4169 liberis,
1328 4077 1534 4157 heredibus
1550 4078 1645 4168 suis,
1667 4105 1830 4186 quorum
1848 4080 1916 4155 Ro

499 4203 627 4294 binus,
654 4233 752 4283 unus
777 4204 826 4282 de
848 4206 957 4286 dictis
979 4207 1085 4299 filiis,
1111 4236 1180 4317 pro
1204 4236 1244 4286 se
1270 4225 1308 4286 et
1327 4208 1409 4286 aliis
1429 4208 1681 4288 coheredibus
1704 4208 1798 4295 suis,
1822 4208 1915 4286 dicte

481 4329 610 4412 'cause
627 4336 792 4444 suscepit
808 4341 1141 4448 prosequcionem,
1162 4339 1201 4416 in
1220 4368 1265 4417 eo
1285 4354 1383 4418 statu
1399 4340 1439 4417 in
1452 4367 1529 4446 quo
1547 4356 1643 4429 erat,
1660 4356 1830 4446 tempore
1845 4367 1915 4447 quo

501 4465 623 4543 dictus
638 4467 820 4546 Henricus
835 4468 1008 4560 decessit,
1025 4470 1124 4548 dicte
1137 4499 1226 4548 vero
1246 4470 1418 4559 domina,
1434 4498 1502 4577 pro
1519 4497 1559 4548 se
1575 4486 1613 4547 et
1626 4469 1756 4547 liberis
1770 4471 1864 4558 suis,
1881 4470 1916 4544 in

500 4595 730 4680 contrarium
748 4627 897 4680 causam
914 4601 1134 4708 hujusmodi
1149 4601 1393 4694 defendente,
1411 4619 1449 4680 et
1463 4601 1609 4680 dicente
1624 4600 1831 4710 predictam
1846 4628 1916 4679 res·

497 4726 721 4804 titucionem
742 4727 824 4806 fieri
846 4759 923 4808 non
937 4731 1088 4821 debere,
1106 4749 1144 4810 et
1156 4732 1204 4809 ad
1219 4738 1321 4810 curie
1340 4751 1378 4810 et
1394 4733 1623 4842 cognicionis
1636 4733 1727 4810 dicti
1742 4731 1915 4840 prepositi

499 4852 794 4936 decimacionem
808 4861 937 4968 plures
960 4864 1128 4941 raciones
1144 4881 1397 4970 proponente,
1417 4891 1539 4970 super
1556 4862 1693 4971 quibus
1709 4861 1916 4941 racionibus

501 4992 599 5070 dicta
613 4991 779 5083 domina,
796 4995 951 5072 nomine
963 5022 1178 5102 quosupra,
1190 4995 1342 5101 petebat
1353 5013 1440 5078 ante
1456 4995 1582 5073 omnia
1593 4993 1665 5074 sibi
1680 4993 1915 5101 fierijusticie
