4450 6209
722 730 987 842 nnoonrns
1013 753 1075 827 nr
1102 730 1308 829 moces.
1681 752 1729 831 ts

303 900 492 1009 inquesta,
513 897 589 973 visa
616 912 654 972 et
676 892 880 1005 diligenter
903 896 1128 991 examinata,
1154 896 1239 974 visis
1259 898 1376 975 eciam
1399 899 1554 1008 objectis
1579 899 1669 977 hinc
1694 916 1733 977 et
1770 908 1957 975 retinnit,

302 1034 394 1110 inde
417 1026 620 1137 propositis
646 1044 777 1105 contra
792 1044 922 1118 testes,
942 1026 1083 1106 auditis
1103 1027 1221 1105 eciam
1240 1026 1456 1108 racionibus
1475 1031 1565 1109 hinc
1584 1049 1623 1109 et
1640 1031 1731 1107 inde
1834 1002 1895 1043 Μ’

301 1160 524 1270 propositis,
545 1157 840 1263 pronunciatum
857 1155 947 1246 fuit,
965 1184 1034 1264 per
1053 1158 1157 1235 curie
1179 1176 1306 1237 nostre
1324 1158 1530 1267 judicium,
1551 1189 1630 1239 non
1651 1188 1732 1239 esse

301 1296 517 1382 inventum,
537 1288 739 1396 probatum
756 1289 863 1396 quod
879 1289 1039 1397 predicti
1059 1290 1224 1369 decanus
1238 1308 1278 1369 et
1296 1291 1503 1398 capitulum
1519 1293 1663 1402 aliquas
1678 1293 1697 1371 f
1715 1336 1732 1353 -

302 1426 424 1503 cerint
447 1422 636 1502 indebitas
654 1421 838 1499 novitates
856 1420 897 1498 in
916 1420 1080 1499 claustro
1105 1437 1144 1498 et
1163 1422 1308 1501 civitate
1324 1424 1504 1530 predictis
1525 1425 1731 1532 insignum

302 1552 573 1635 novimercati.

361 1686 539 1767 Mercurii
555 1702 643 1791 post
661 1684 812 1763 octabas
830 1682 1036 1761 Natiuitatis
1050 1682 1217 1763 Domini.

359 1950 419 2029 lx.
450 1950 549 2027 Cum
568 1945 814 2056 significasset
833 1943 945 2025 nobis
964 1942 1140 2031 decanus
1149 1945 1197 2026 de
1218 1946 1423 2055 Yssigiaco,
1445 1930 1663 2028 monasterii
1684 1948 1734 2029 de

227 2142 240 2167 .
303 2082 464 2169 Sarlato,
486 2080 592 2186 quod
611 2104 698 2155 cum
717 2077 796 2186 ipse
820 2078 1165 2185 etpredecessores
1189 2079 1263 2169 sui,
1290 2081 1444 2158 nomine
1467 2082 1624 2159 ecclesie
1647 2112 1730 2171 sue,

303 2228 428 2290 essent
444 2228 482 2288 et
502 2208 662 2287 fuissent
683 2210 722 2285 in
744 2209 981 2316 possessione
1003 2208 1063 2286 vat
1081 2210 1189 2317 quasi
1209 2211 1304 2287 meri
1328 2227 1366 2289 et
1389 2211 1493 2288 mitti
1519 2213 1668 2319 imperii
1691 2243 1732 2290 ac

297 2340 573 2451 jurisdictionis
593 2340 816 2418 omnimode
833 2338 908 2416 alte
929 2358 967 2417 et
981 2340 1088 2419 basse
1103 2342 1388 2447 parrochiarum
1408 2343 1456 2420 de
1476 2344 1730 2438 Monte-Alto,

302 2470 654 2579 Sancti-Pardulphi
676 2489 714 2549 et
737 2470 1085 2580 Montis-Segnelli,
1109 2470 1212 2549 idem
1235 2472 1338 2552 feodi
1364 2490 1403 2551 et
1419 2474 1624 2551 retrofeodi
1648 2504 1733 2582 par-

301 2606 432 2692 rochie
452 2606 500 2682 de
521 2604 753 2695 Ribanhaco,
776 2618 930 2708 excepto
952 2620 1173 2681 tenemento
1195 2605 1242 2681 de
1261 2606 1524 2694 Bono-Fonte,
1545 2607 1651 2713 quod
1677 2626 1734 2685 est

304 2736 351 2815 de
378 2737 477 2814 dicta
500 2732 696 2841 parrochia
716 2731 1053 2838 Montis-Siguelli3
1074 2750 1114 2810 et
1135 2761 1178 2811 ea
1203 2735 1261 2811 usi
1287 2754 1412 2814 essent
1436 2737 1657 2842 perdecem
1679 2740 1733 2815 vi-

301 2869 394 2976 ginti
421 2885 461 2945 et
483 2866 635 2974 triginta
660 2892 780 2941 annos
805 2861 957 2970 pacifice
983 2880 1021 2940 ct
1041 2864 1186 2970 quiete,
1210 2882 1248 2941 et
1272 2866 1321 2943 de
1346 2866 1525 2973 predictis
1545 2885 1670 2946 essent
1693 2870 1732 2946 in

301 3016 431 3077 nostra
450 2998 578 3107 gardia
595 2996 765 3102 speciali3
790 3012 828 3072 et
846 2995 1109 3101 multipliciter
1125 2996 1374 3102 impediretur
1394 2998 1497 3076 idem
1513 2999 1677 3078 decanus
1693 3003 1732 3078 in

301 3130 436 3209 saisina
450 3127 725 3237 jurisdictionis
742 3128 912 3235 predicte
934 3154 1003 3232 per
1026 3127 1278 3234 Reginaidum
1300 3129 1349 3206 de
1372 3131 1508 3223 Ponte,
1533 3132 1732 3211 dominum

301 3262 526 3370 bragetiaci,
556 3278 594 3337 et
618 3289 687 3366 per
711 3276 842 3367 gentes
861 3286 961 3346 suas,
988 3259 1071 3364 ipso
1089 3257 1295 3337 mandante
1318 3261 1377 3336 vel
1399 3279 1523 3339 ratum
1547 3264 1729 3354 habente,

303 3393 351 3471 de
372 3420 471 3471 novo
494 3410 532 3469 et
553 3390 634 3471 sine
657 3420 767 3467 causa
786 3388 1023 3478 racionabili,
1047 3389 1087 3466 in
1111 3390 1229 3495 ipsius
1249 3390 1400 3481 decani,
1425 3394 1579 3471 ecclesie
1602 3423 1669 3471 sue
1691 3424 1733 3472 ac

304 3525 401 3601 dicte
417 3523 531 3630 garde
550 3539 678 3638 nostre
696 3520 964 3630 prejudicium,
981 3537 1026 3597 ut
1041 3520 1206 3609 dicebat3
1225 3538 1446 3628 peteretque
1463 3523 1603 3601 dictum
1624 3527 1734 3634 Regi·-

303 3655 460 3733 naldum
481 3673 520 3732 et
531 3673 664 3765 gentes
678 3682 763 3732 suas
777 3652 970 3760 prohiberi
990 3679 1038 3729 ne
1052 3652 1402 3730 dictum¹decanum
1418 3683 1485 3733 seu
1504 3673 1633 3764 gentes
1648 3686 1734 3737 suas

303 3786 343 3863 in
363 3786 498 3879 saisina
509 3786 677 3891 predicte
689 3782 966 3892 jurisdictionis
983 3781 1124 3861 amodo
1144 3781 1368 3888 perturbent
1380 3784 1440 3862 vel
1455 3784 1680 3893 inquietent,
1695 3807 1734 3869 et

245 3996 253 4004 ,
304 3946 325 3992 a
346 3918 525 4023 predictis
551 3915 834 4022 impedimentis
856 3932 1003 3993 cessent
1024 3912 1192 3992 totaliter
1213 3932 1250 3991 et
1271 3915 1470 4004 desistant,
1494 3918 1734 4028 dampnaque

303 4076 372 4154 per
392 4050 464 4126 hoc
486 4047 559 4125 sibi
582 4047 685 4124 illata
694 4048 861 4137 reddant
875 4074 997 4155 usque
1016 4044 1066 4122 ad
1084 4045 1266 4123 ducentas
1281 4048 1449 4125 marchas
1469 4051 1631 4157 argenti3
1647 4079 1733 4129 nos-

303 4208 380 4287 que
400 4208 513 4288 super
529 4180 707 4287 predictis
727 4179 1028 4256 mandaverimus
1047 4176 1211 4285 inquiri,
1228 4179 1367 4257 vocatis
1388 4179 1575 4286 partibus,
1599 4183 1733 4259 verita-

303 4327 406 4390 tem:
426 4314 616 4402 Tandem,
638 4313 715 4390 visa
736 4312 910 4417 inquesta
928 4339 1042 4416 super
1063 4311 1137 4387 hoc
1158 4310 1267 4401 sacta,
1292 4311 1487 4388 inventum
1510 4331 1566 4389 est
1589 4313 1732 4391 dictum

306 4445 492 4523 decanum
514 4461 553 4521 ct
568 4444 853 4549 predecessores
873 4469 962 4519 snos
980 4468 1069 4517 usos
1089 4468 1170 4517 esse
1189 4458 1228 4517 et
1240 4439 1355 4517 fuisse
1368 4441 1632 4547 jurisdictione
1650 4472 1735 4549 pre·

306 4575 422 4662 dicta,
454 4592 493 4651 et
518 4604 558 4653 se
580 4604 661 4653 csse
686 4591 725 4652 et
746 4573 860 4650 fuisse
885 4570 1001 4681 longo
1020 4587 1193 4677 tempore
1221 4571 1261 4645 in
1284 4569 1417 4649 saisina
1443 4574 1538 4650 meri
1562 4592 1600 4651 et
1628 4574 1734 4653 mixti

306 4705 457 4813 imperii
482 4734 525 4781 ac
544 4704 820 4813 jurisdictionis
840 4702 1061 4780 omnimode
1084 4700 1369 4808 parrochiarum
1396 4703 1669 4808 predictarum,
1697 4725 1734 4783 et

307 4836 474 4916 eundem
506 4838 690 4915 decanum
721 4833 982 4940 multipliciter
1006 4830 1234 4939 impeditum
1263 4832 1304 4909 in
1330 4833 1463 4912 eadem
1494 4862 1561 4941 per
1590 4836 1733 4915 dictum

306 4967 558 5076 Reginaldum
571 4987 610 5047 et
625 4985 757 5077 gentes
771 4996 875 5056 suas3
891 4983 1046 5073 propter
1060 4963 1183 5071 quod,
1197 4992 1267 5071 per
1278 4964 1381 5042 curie
1394 4982 1520 5044 nostre
1526 4966 1731 5075 judicium,

308 5100 453 5179 dictatm
475 5100 546 5179 fuit
566 5118 604 5179 et
623 5099 914 5207 pronunciatum
935 5097 1149 5206 predictum
1168 5096 1420 5207 Reginaldum
1437 5126 1517 5209 esse
1531 5098 1736 5206 prohiben-
