4450 6209
490 748 564 821 500
1071 748 1162 820 LES
1193 746 1335 819 OLlM.

263 900 394 953 rernm
406 897 450 961 W·
488 890 537 967 de
557 890 796 1000 Savigniaco,
813 918 858 969 ex
877 888 1011 976 altera,
1031 889 1156 969 dictus
1169 890 1406 998 Dyonisiusa
1427 888 1590 995 quadam
1608 886 1913 995 interloqutoria,

325 992 389 1035 ΗΝ.

489 1039 618 1101 contra
629 1021 755 1130 ipsum
765 1050 835 1129 per
842 1019 1054 1128 predictum
1064 1021 1299 1128 prepositum
1313 1020 1400 1107 lata,
1412 1036 1604 1127 tamquam
1614 1048 1634 1095 a
1644 1017 1734 1096 falsa
1745 1036 1784 1095 et
1793 1048 1914 1126 prava,

488 1152 536 1230 ad
553 1171 719 1231 nostram
730 1154 872 1233 curiam
883 1151 1125 1260 appellasset:
1141 1153 1330 1242 Tandem,
1343 1152 1482 1229 auditis
1494 1151 1604 1230 dictis
1620 1150 1790 1259 partibus
1803 1152 1843 1227 in
1858 1182 1918 1229 cu-

487 1286 543 1361 ria
558 1300 701 1374 nostra,
716 1284 757 1362 in
772 1312 881 1363 causa
893 1282 1359 1391 appellacionispredicte‚
1374 1310 1442 1390 per
1456 1299 1640 1360 arrestum
1656 1300 1784 1361 nostre
1799 1283 1915 1372 curie,

486 1433 563 1493 tam
582 1413 681 1493 dicta
699 1414 990 1523 interloqutoria
1004 1442 1118 1521 quam
1133 1413 1340 1522 appellacio
1356 1412 1541 1522 predicta,
1559 1414 1640 1491 sine
1656 1413 1822 1521 dampno
1837 1442 1917 1518 par-

487 1548 605 1639 cium,
623 1546 789 1625 anullate
810 1545 981 1638 luerunt3
1000 1565 1038 1625 et
1050 1547 1217 1654 precepit
1234 1546 1337 1625 curia
1351 1562 1478 1625 nostra
1490 1544 1594 1653 qnod
1611 1544 1711 1623 dicte
1725 1562 1851 1651 partes
1865 1574 1917 1621 co

486 1708 567 1755 ram
587 1680 757 1786 predicto
774 1678 983 1787 preposito,
1002 1678 1042 1755 in
1060 1706 1193 1757 eorum
1213 1678 1410 1785 principali
1427 1704 1536 1755 cansa
1555 1676 1739 1784 predicta,
1761 1676 1916 1753 ulterius

489 1813 708 1919 procedant.

543 1944 708 2023 Sabbata
727 1961 813 2051 post
831 1945 1061 2024 Brandones.

544 2212 620 2292 CX.
652 2212 750 2291 Cum
776 2210 996 2319 Philippum
1023 2213 1070 2289 de
1095 2212 1233 2303 Blesis,
1270 2230 1422 2321 propter
1444 2212 1627 2322 quosdam
1655 2236 1825 2289 excessus
1849 2210 1915 2287 sibi

487 2344 685 2452 impositos
703 2370 773 2451 per
793 2344 1026 2451 prepositum
1053 2342 1362 2423 Aurelianensem
1389 2344 1602 2434 detentum,
1623 2360 1700 2421 tam
1722 2343 1917 2448 episcopus

486 2474 769 2553 Aurelianensis
785 2503 901 2582 quam
923 2474 1131 2583 capitulum
1151 2476 1428 2555 Sancti-Aniani
1448 2475 1729 2555 Aurelianensis
1749 2490 1919 2580 peterent

487 2604 557 2682 sihi
579 2604 706 2696 reddi,
724 2624 763 2685 et
778 2605 826 2684 de
844 2634 1030 2685 consensu
1051 2607 1240 2684 dictorum
1257 2608 1421 2715 episcopi
1444 2624 1483 2684 et
1497 2605 1667 2714 capituli,
1684 2621 1838 2712 propter
1858 2632 1918 2681 eo·

486 2766 573 2815 rum
588 2737 771 2816 debatum
791 2736 1023 2844 predictum,
1037 2737 1142 2815 idem
1155 2738 1351 2845 Philippus
1371 2738 1516 2846 positus
1538 2737 1671 2816 luisset
1692 2738 1732 2813 in
1752 2736 1918 2813 custodia

487 2866 657 2947 officialis
669 2868 904 2959 Parisiensis,
923 2896 993 2975 per
1011 2896 1100 2945 curn
1121 2869 1342 2947 reddendus
1361 2868 1416 2946 illi
1438 2872 1497 2947 cui
1514 2866 1624 2947 reddi
1641 2868 1817 2956 deberet,
1833 2896 1918 2975 pro-

488 3016 637 3076 curator
656 2998 748 3076 dicti
768 2998 940 3106 capituli,
963 3000 1132 3105 ipsorum
1158 3018 1196 3077 et
1220 3000 1442 3079 clericorum
1464 3000 1619 3077 ecclesie
1643 2997 1915 3078 Sancti-Auiani

489 3131 775 3238 exempcionem
803 3130 982 3239 allegans,
1006 3160 1050 3208 ac
1075 3132 1249 3211 saisinam
1276 3135 1382 3239 quod
1404 3134 1619 3241 prepositus
1640 3132 1917 3210 Aurelianensis

489 3261 632 3369 pluries
657 3261 827 3340 reddidit
850 3262 976 3341 eidem
1005 3264 1170 3371 capitulo
1193 3263 1350 3342 clericos
1376 3264 1482 3341 chori
1503 3264 1579 3353 sui,
1600 3262 1775 3370 pluribus
1802 3264 1917 3340 racio-

473 3394 600 3491 ·nibus
610 3411 758 3501 peteret
765 3395 911 3473 dictum
923 3394 1140 3503 Philippum
1151 3414 1362 3503 ,tamquam
1373 3395 1552 3475 clericum
1565 3395 1653 3475 dicti
1665 3397 1769 3474 chori
1782 3396 1918 3473 Sancti-

487 3526 640 3617 Aniani,
658 3526 730 3605 sihi
749 3527 877 3617 reddi,
893 3528 1058 3607 offerens
1072 3557 1111 3607 se
1130 3547 1300 3637 paratum
1318 3530 1480 3637 prohare
1500 3529 1672 3609 saisinam
1688 3528 1915 3636 predictamt

489 3659 590 3737 dicto
603 3658 779 3766 episcopo
795 3658 926 3766 plures
937 3662 1107 3739 raciones
1119 3663 1159 3738 in
1177 3661 1406 3740 contrarium
1421 3678 1677 3768 proponente,
1695 3677 1734 3739 et
1742 3661 1807 3768 jus
1819 3690 1919 3737 com-

487 3818 603 3866 mune
623 3818 692 3895 pro
713 3818 753 3867 se
770 3787 972 3897 allegante,
995 3810 1033 3868 et
1052 3792 1202 3870 dicente
1221 3792 1326 3901 quod
1347 3792 1469 3870 dictus
1485 3792 1683 3901 Philippus
1703 3809 1832 3898 captus
1850 3792 1918 3868 suit

490 3938 528 3999 et
542 3948 712 3999 excessus
727 3920 906 4029 predicti,
924 3923 1025 4001 dicto
1041 3924 1218 4032 Philippo
1235 3924 1418 4031 impositi,
1436 3924 1626 4003 commissi
1639 3923 1795 4001 luerunt
1808 3924 1847 3999 in
1857 3923 1918 4029 ju-

489 4050 706 4131 risdictione
721 4052 812 4131 dicti
825 4054 988 4161 episcopi
1000 4073 1039 4133 et
1051 4075 1151 4135 extra
1166 4085 1320 4135 omnem
1334 4055 1461 4135 locum
1474 4074 1713 4164 exemptum:
1729 4055 1914 4143 Tandem,

489 4182 628 4263 auditis
653 4183 853 4265 hincinde
876 4188 1077 4294 propositis
1102 4207 1140 4266 et
1161 4191 1239 4267 viso
1265 4189 1432 4296 quodam
1456 4190 1725 4275 instrumento,
1749 4204 1915 4293 exparte

489 4316 741 4422 procuratoris
761 4317 852 4395 dicti
868 4320 1021 4426 capituli
1038 4322 1225 4427 producto
1245 4348 1360 4427 super
1382 4321 1623 4428 exemptione
1645 4319 1835 4427 proposita
1852 4346 1917 4425 per

489 4448 671 4537 eundem,
688 4467 727 4526 et
740 4448 878 4528 auditis
891 4452 1044 4529 testium
1061 4451 1369 4560 deposicionihus
1381 4480 1495 4560 super
1507 4453 1642 4532 saisina
1654 4449 1821 4560 predicta
1835 4479 1916 4556 pro

488 4578 708 4670 ductorum,
733 4608 801 4689 per
825 4601 1010 4661 arrestum
1035 4585 1138 4661 curie
1159 4601 1302 4671 nostre,
1322 4602 1507 4692 quantum
1528 4584 1577 4660 ad
1596 4583 1715 4691 ipsam
1733 4581 1913 4689 pertinet,

488 4707 632 4787 dictum
649 4709 722 4789 fnit
740 4712 955 4820 predictum
969 4711 1186 4821 Philippum
1202 4714 1328 4791 eidem
1346 4714 1543 4822 episcopo,
1560 4732 1752 4822 tamquam
1767 4710 1840 4790 loci
1855 4738 1915 4789 or-

487 4836 651 4930 dinario,
673 4842 783 4921 reddi
803 4843 960 4934 dehere,
980 4845 1081 4922 salvo
1100 4845 1141 4922 in
1159 4845 1336 4924 omnibus
1349 4846 1436 4954 jure
1457 4844 1609 4953 capituli
1625 4842 1838 4952 supradicti.

544 4970 672 5050 Martis
691 4992 776 5081 post
794 4977 931 5054 Remos
950 4976 1177 5055 Palmarum.
