4450 6209
522 684 595 758 sco
988 653 994 666 '
1103 685 1193 757 nus
1224 684 1363 759 otru.

294 833 425 889 aarum
438 831 481 897 1v,
520 826 671 904 Henrici
683 843 721 904 et
731 827 907 932 laquata,
920 825 1003 932 ejus
1015 827 1159 915 uxoris,
1174 826 1221 903 ad
1233 844 1401 906 nostram
1412 829 1553 906 curiam
1567 830 1691 907 extitit
1698 831 1938 937 appellatum:

356 927 420 972 tatu.

520 959 617 1038 Visis
632 958 747 1066 igitur
761 956 998 1063 processibus
1015 986 1212 1036 causarum
1226 957 1479 1065 predictarum
1495 977 1533 1037 et
1546 959 1749 1067 diligenter
1763 965 1942 1042 examina-

521 1091 579 1184 tis,
596 1116 666 1197 per
684 1087 785 1166 curie
803 1103 930 1166 nostre
944 1088 1148 1196 judicium,
1166 1089 1310 1166 dictum
1325 1088 1398 1168 luit
1415 1090 1630 1197 predictum
1649 1092 1940 1172 commissarium

522 1238 693 1301 nostrum
717 1219 815 1300 bene
841 1219 1129 1328 pronunciasse,
1158 1222 1355 1328 dictosque
1382 1222 1586 1300 llenricum
1612 1239 1652 1300 et
1681 1224 1764 1332 ejus
1791 1253 1940 1303 uxorem

521 1353 616 1431 male
636 1351 858 1459 appellasse,
875 1368 912 1430 et
930 1352 1001 1430 boc
1016 1353 1289 1441 emendabunt,
1307 1370 1346 1430 et
1361 1351 1652 1432 demandabitur
1668 1355 1758 1432 dicti
1776 1358 1941 1434 commis-

519 1486 607 1564 sarii
634 1484 823 1564 sentencia
842 1483 1010 1591 predicta
1033 1484 1261 1562 execucioni.

578 1617 754 1695 Mercurii
779 1633 864 1692 ante
885 1614 1033 1692 Pascha.

578 1749 686 1828 Creci
709 1745 923 1856 reportayit.

578 2015 653 2092 LV.
684 2015 766 2092 Lite
792 2031 907 2105 mota,
933 2045 1056 2094 coram
1085 2017 1276 2123 preposito
1300 2018 1526 2108 Parisiense,
1554 2019 1651 2095 inter
1671 2019 1941 2104 lobannetum,

521 2144 644 2222 lilium
663 2145 844 2223 lobannis
865 2145 954 2223 dicti
972 2146 1148 2239 Comitis,
1171 2165 1334 2255 exparte
1352 2178 1443 2237 una,
1463 2164 1502 2226 et
1519 2147 1748 2226 Esmelotam
1765 2147 1901 2224 dictam
1912 2147 1943 2224 la

523 2277 714 2354 B0isteuse
738 2275 786 2354 da
802 2277 960 2367 Vannis‚
979 2305 1021 2356 ex
1037 2276 1166 2366 altera,
1182 2306 1296 2384 super
1313 2307 1358 2357 eo
1380 2278 1484 2386 quod
1506 2278 1658 2386 petebat
1671 2278 1797 2356 dictus
1811 2280 1943 2356 loban-

523 2426 634 2487 uetus
659 2408 800 2486 litteras
822 2409 1041 2487 donacionis
1065 2409 1317 2516 quarumdam
1338 2411 1475 2490 dumus
1496 2428 1533 2488 et
1552 2428 1652 2488 terre
1676 2409 1804 2487 eidem
1818 2410 1945 2488 luban

523 2558 612 2618 neto
626 2569 646 2616 a
663 2539 761 2618 dicta
776 2540 965 2618 Esmelota
982 2539 1093 2630 lacte,
1111 2540 1234 2650 sigillo
1255 2540 1444 2620 Castelleti
1454 2540 1653 2647 sigillatas,
1671 2559 1710 2619 et
1727 2541 1778 2617 ad
1795 2569 1944 2618 manum

523 2690 706 2762 nostram,
730 2672 810 2750 sine
833 2701 944 2750 cause
965 2671 1200 2781 cognicione,
1222 2701 1290 2778 per
1311 2673 1454 2750 dictum
1473 2673 1708 2778 prepositum
1727 2673 1886 2779 positas,
1908 2689 1945 2748 ut

522 2802 685 2890 dicebat,
709 2803 757 2880 ad
781 2804 999 2882 instanciam
1022 2803 1122 2882 dicte
1145 2803 1356 2892 Esmelute,
1383 2802 1453 2880 sibi
1477 2803 1585 2881 reddi
1610 2821 1649 2880 et
1668 2803 1894 2891 deliberari,
1912 2820 1945 2879 et

524 2933 662 3010 dietam
679 2933 927 3011 donacionem
939 2933 1099 3012 validam
1117 2933 1292 3010 declarari
1308 2952 1347 3009 et
1361 2935 1480 3012 dietas
1497 2933 1639 3011 litteras
1655 2935 1878 3012 executioni·
1890 2935 1945 3010 de

522 3064 601 3142 bite
628 3063 864 3152 demandari,
884 3064 983 3142 dicta
1003 3063 1193 3141 Esmelota
1219 3064 1257 3139 in
1279 3064 1509 3143 contrarium
1531 3065 1680 3143 dicente
1700 3095 1755 3154 se,
1783 3065 1879 3143 dolo
1899 3067 1945 3172 ip

523 3196 601 3274 sius
616 3195 818 3273 lobanneti
833 3213 871 3273 et
885 3195 965 3304 ejus
980 3196 1109 3302 patris,
1127 3196 1174 3272 ad
1190 3195 1511 3274 consenciendum
1527 3197 1712 3274 contentis
1726 3195 1882 3274 indicta
1895 3196 1944 3272 lit·

521 3343 600 3404 tera
621 3325 736 3404 fuisse
754 3325 965 3417 inductam,
987 3343 1039 3415 et,
1060 3326 1191 3403 multis
1208 3326 1290 3404 aliis
1307 3327 1538 3416 racionibus,
1557 3344 1791 3434 proponente
1810 3328 1944 3404 dictam

523 3458 772 3536 donacionem
787 3485 864 3535 nou
882 3474 1013 3535 tenere
1030 3485 1099 3534 nec
1117 3487 1137 3534 a
1152 3456 1335 3564 principio
1354 3459 1538 3545 tenuisse3
1555 3457 1693 3535 auditis
1708 3457 1826 3564 igitur
1839 3485 1945 3564 super

522 3591 596 3670 boc
610 3589 721 3668 dictis
731 3571 900 3695 partibus
916 3607 956 3666 et
970 3589 1147 3695 inquisita
1162 3589 1316 3666 veritate
1331 3617 1445 3696 super
1457 3589 1665 3693 premissis,
1679 3617 1748 3695 per
1760 3587 1853 3666 dicti
1865 3618 1944 3696 pre-

522 3721 634 3826 positi
643 3721 850 3828 judicium,
862 3719 1153 3823 pronunciatum
1166 3718 1238 3796 suit
1248 3718 1365 3796 dictas
1376 3719 1520 3797 litteras
1531 3717 1633 3796 dictu
1644 3720 1860 3798 lobanneto
1870 3747 1944 3796 esse

524 3848 773 3928 restituendas
789 3865 827 3926 et
841 3849 979 3925 dictam
994 3848 1244 3927 donacionem
1256 3849 1418 3927 validam
1431 3878 1511 3927 esse
1527 3866 1566 3926 et
1578 3849 1696 3927 dictas
1709 3850 1855 3928 litteras
1866 3878 1945 3928 ere-

525 3981 672 4059 euciuni
692 3980 820 4058 debite
838 3979 978 4058 debere
994 3980 1231 4071 demandari,
1249 4010 1326 4059 non
1343 3980 1579 4059 obstantibus
1592 3981 1808 4088 propositis,
1826 4011 1871 4059 er
1885 3981 1944 4058 ad·

526 4139 649 4202 uers03
676 4141 697 4188 a
719 4139 798 4219 quo
817 4111 1000 4219 judicato,
1029 4128 1206 4219 tanquam
1231 4113 1323 4191 falso
1347 4130 1386 4190 et
1409 4142 1539 4219 pravo,
1567 4112 1665 4190 dicta
1688 4113 1878 4191 Esmelota
1901 4112 1943 4188 ad

524 4259 687 4320 nostram
704 4243 845 4320 curiam
856 4243 1071 4350 appellavit:
1087 4243 1237 4323 Auditis
1251 4245 1365 4352 igitur
1376 4244 1486 4321 dictis
1497 4243 1667 4350 partibus
1679 4243 1719 4320 in
1730 4243 1828 4321 dicta
1841 4272 1945 4336 causa

524 4373 803 4481 appellacionis,
824 4376 980 4483 visoque
999 4405 1177 4482 processu
1194 4377 1382 4482 predicto,
1401 4404 1468 4483 per
1484 4376 1588 4452 curie
1604 4391 1729 4453 nostre
1741 4375 1942 4482 judicium,

525 4506 671 4585 dictum
686 4507 759 4586 luit
777 4507 989 4614 predictum
1006 4509 1240 4613 prepositum
1259 4509 1357 4586 bene
1372 4508 1559 4615 judicasse
1579 4522 1618 4584 et
1632 4505 1770 4583 dictam
1786 4506 1946 4586 Esmelo

525 4654 603 4713 tam
617 4640 714 4716 male
730 4639 947 4745 appellasse.
962 4636 1076 4716 Curia
1092 4667 1181 4717 vero
1199 4657 1325 4717 nostra
1342 4655 1497 4746 propter
1513 4638 1595 4745 ejus
1607 4655 1863 4744 paupertatem
1876 4636 1943 4714 sibi

526 4795 638 4872 super
657 4768 730 4846 hoc
750 4768 894 4847 remisit
914 4768 1126 4846 emendam.

584 4898 761 4974 Mercurii
780 4917 866 4976 aute
887 4899 1039 4978 Pascha.

584 5018 685 5140 Roya
697 5029 907 5137 reportavit.
