<?xml version="1.0" encoding="UTF-8"?>
<!DOCTYPE html PUBLIC "-//W3C//DTD XHTML 1.0 Transitional//EN"
    "http://www.w3.org/TR/xhtml1/DTD/xhtml1-transitional.dtd">
<html xmlns="http://www.w3.org/1999/xhtml" xml:lang="en" lang="en">
 <head>
  <title>
</title>
<meta http-equiv="Content-Type" content="text/html;charset=utf-8" />
  <meta name='ocr-system' content='tesseract 3.04.00' />
  <meta name='ocr-capabilities' content='ocr_page ocr_carea ocr_par ocr_line ocrx_word'/>
</head>
<body>
  <div class='ocr_page' id='page_1' title='image "./lesolimouregist00parigoog_0672.png"; bbox 0 0 4450 6209; ppageno 0'>
   <div class='ocr_carea' id='block_1_1' title="bbox 654 683 1749 827">
    <p class='ocr_par' dir='ltr' id='par_1_1' title="bbox 654 683 1749 827">
     <span class='ocr_line' id='line_1_1' title="bbox 654 683 1749 827; baseline -0.002 -17"><span class='ocrx_word' id='word_1_1' title='bbox 654 683 657 688; x_wconf 33' lang='lat'>⁵</span> <span class='ocrx_word' id='word_1_2' title='bbox 747 716 1107 827; x_wconf 73' lang='lat' dir='ltr'><strong>nuoutrnsnr</strong></span> <span class='ocrx_word' id='word_1_3' title='bbox 1133 715 1338 810; x_wconf 74' lang='lat' dir='ltr'><strong>mouns.</strong></span> <span class='ocrx_word' id='word_1_4' title='bbox 1677 737 1749 812; x_wconf 83' lang='lat'><strong>577</strong></span> 
     </span>
    </p>
   </div>
   <div class='ocr_carea' id='block_1_2' title="bbox 329 876 1972 1379">
    <p class='ocr_par' dir='ltr' id='par_1_2' title="bbox 329 876 1972 1089">
     <span class='ocr_line' id='line_1_2' title="bbox 330 876 1972 1020; baseline -0.007 -61"><span class='ocrx_word' id='word_1_5' title='bbox 330 878 629 959; x_wconf 86' lang='lat' dir='ltr'><strong>contradiccione</strong></span> <span class='ocrx_word' id='word_1_6' title='bbox 642 878 808 986; x_wconf 78' lang='lat' dir='ltr'><strong>predicta</strong></span> <span class='ocrx_word' id='word_1_7' title='bbox 828 878 1017 958; x_wconf 87' lang='lat' dir='ltr'><strong>dictomm</strong></span> <span class='ocrx_word' id='word_1_8' title='bbox 1036 895 1227 958; x_wconf 86' lang='lat' dir='ltr'><strong>rectorum</strong></span> <span class='ocrx_word' id='word_1_9' title='bbox 1246 894 1284 956; x_wconf 89' lang='lat' dir='ltr'><strong>et</strong></span> <span class='ocrx_word' id='word_1_10' title='bbox 1300 876 1547 985; x_wconf 77' lang='lat' dir='ltr'><strong>burgensium</strong></span> <span class='ocrx_word' id='word_1_11' title='bbox 1569 905 1648 956; x_wconf 91' lang='lat' dir='ltr'><strong>non</strong></span> <span class='ocrx_word' id='word_1_12' title='bbox 1663 878 1752 958; x_wconf 88' lang='lat' dir='ltr'><strong>obs·</strong></span> <span class='ocrx_word' id='word_1_13' title='bbox 1781 887 1913 1020; x_wconf 50' lang='lat' dir='ltr'><strong>Pmtglrp</strong></span> <span class='ocrx_word' id='word_1_14' title='bbox 1928 885 1972 948; x_wconf 79' lang='lat' dir='ltr'><strong>IV.</strong></span> 
     </span>
     <span class='ocr_line' id='line_1_3' title="bbox 329 1027 443 1089; baseline 0 -1"><span class='ocrx_word' id='word_1_15' title='bbox 329 1027 443 1089; x_wconf 84' lang='lat' dir='ltr'><strong>tante.</strong></span> 
     </span>
    </p>

    <p class='ocr_par' dir='ltr' id='par_1_3' title="bbox 386 1137 1231 1264">
     <span class='ocr_line' id='line_1_4' title="bbox 386 1137 1231 1264; baseline -0.006 -44"><span class='ocrx_word' id='word_1_16' title='bbox 386 1137 549 1220; x_wconf 84' lang='lat' dir='ltr'><strong>Sabbato</strong></span> <span class='ocrx_word' id='word_1_17' title='bbox 561 1157 647 1264; x_wconf 77' lang='lat' dir='ltr'><strong>post</strong></span> <span class='ocrx_word' id='word_1_18' title='bbox 659 1139 920 1218; x_wconf 86' lang='lat' dir='ltr'><strong>Invencionem</strong></span> <span class='ocrx_word' id='word_1_19' title='bbox 940 1139 1072 1218; x_wconf 85' lang='lat' dir='ltr'><strong>Sancte</strong></span> <span class='ocrx_word' id='word_1_20' title='bbox 1088 1138 1231 1218; x_wconf 80' lang='lat' dir='ltr'>Crucis.</span> 
     </span>
    </p>

    <p class='ocr_par' dir='ltr' id='par_1_4' title="bbox 386 1272 781 1379">
     <span class='ocr_line' id='line_1_5' title="bbox 386 1272 781 1379; baseline -0.005 -30"><span class='ocrx_word' id='word_1_21' title='bbox 386 1272 550 1377; x_wconf 83' lang='lat' dir='ltr'><strong>Mangon</strong></span> <span class='ocrx_word' id='word_1_22' title='bbox 568 1272 781 1379; x_wconf 76' lang='lat' dir='ltr'><strong>reportavit.</strong></span> 
     </span>
    </p>
   </div>
   <div class='ocr_carea' id='block_1_3' title="bbox 166 1525 1848 4639">
    <p class='ocr_par' dir='ltr' id='par_1_5' title="bbox 327 1525 1755 2682">
     <span class='ocr_line' id='line_1_6' title="bbox 385 1525 1754 1638; baseline -0.001 -30"><span class='ocrx_word' id='word_1_23' title='bbox 385 1531 524 1609; x_wconf 82' lang='lat' dir='ltr'><strong>LXXII.</strong></span> <span class='ocrx_word' id='word_1_24' title='bbox 557 1531 639 1608; x_wconf 87' lang='lat' dir='ltr'><strong>Lito</strong></span> <span class='ocrx_word' id='word_1_25' title='bbox 658 1551 776 1622; x_wconf 86' lang='lat' dir='ltr'><strong>mota,</strong></span> <span class='ocrx_word' id='word_1_26' title='bbox 793 1558 918 1610; x_wconf 87' lang='lat' dir='ltr'><strong>coram</strong></span> <span class='ocrx_word' id='word_1_27' title='bbox 933 1525 1071 1608; x_wconf 82' lang='lat' dir='ltr'><strong>ballivo</strong></span> <span class='ocrx_word' id='word_1_28' title='bbox 1092 1531 1256 1638; x_wconf 81' lang='lat' dir='ltr'><strong>episcopi</strong></span> <span class='ocrx_word' id='word_1_29' title='bbox 1271 1529 1502 1620; x_wconf 85' lang='lat' dir='ltr'><strong>Parisiensis,</strong></span> <span class='ocrx_word' id='word_1_30' title='bbox 1518 1533 1618 1608; x_wconf 87' lang='lat' dir='ltr'><strong>inter</strong></span> <span class='ocrx_word' id='word_1_31' title='bbox 1631 1529 1754 1609; x_wconf 85' lang='lat' dir='ltr'><strong>Odar-</strong></span> 
     </span>
     <span class='ocr_line' id='line_1_7' title="bbox 330 1659 1754 1769; baseline 0 -31"><span class='ocrx_word' id='word_1_32' title='bbox 330 1661 423 1740; x_wconf 91' lang='lat' dir='ltr'><strong>dum</strong></span> <span class='ocrx_word' id='word_1_33' title='bbox 443 1662 631 1754; x_wconf 87' lang='lat' dir='ltr'><strong>Perceval,</strong></span> <span class='ocrx_word' id='word_1_34' title='bbox 649 1663 766 1742; x_wconf 82' lang='lat' dir='ltr'><strong>civem</strong></span> <span class='ocrx_word' id='word_1_35' title='bbox 785 1661 1043 1748; x_wconf 81' lang='lat' dir='ltr'><strong>Parisiensem,</strong></span> <span class='ocrx_word' id='word_1_36' title='bbox 1062 1687 1107 1738; x_wconf 85' lang='lat' dir='ltr'><strong>ex</strong></span> <span class='ocrx_word' id='word_1_37' title='bbox 1124 1690 1201 1739; x_wconf 91' lang='lat' dir='ltr'><strong>una</strong></span> <span class='ocrx_word' id='word_1_38' title='bbox 1218 1678 1341 1769; x_wconf 90' lang='lat' dir='ltr'><strong>parte,</strong></span> <span class='ocrx_word' id='word_1_39' title='bbox 1359 1676 1398 1738; x_wconf 85' lang='lat' dir='ltr'><strong>et</strong></span> <span class='ocrx_word' id='word_1_40' title='bbox 1412 1659 1622 1739; x_wconf 85' lang='lat' dir='ltr'><strong>Iohannem</strong></span> <span class='ocrx_word' id='word_1_41' title='bbox 1640 1678 1678 1739; x_wconf 89' lang='lat' dir='ltr'><strong>et</strong></span> <span class='ocrx_word' id='word_1_42' title='bbox 1691 1661 1754 1738; x_wconf 79' lang='lat' dir='ltr'><strong>Pe</strong></span> 
     </span>
     <span class='ocr_line' id='line_1_8' title="bbox 328 1788 1753 1900; baseline 0 -31"><span class='ocrx_word' id='word_1_43' title='bbox 328 1811 431 1870; x_wconf 88' lang='lat' dir='ltr'><strong>trum</strong></span> <span class='ocrx_word' id='word_1_44' title='bbox 448 1790 496 1870; x_wconf 92' lang='lat' dir='ltr'><strong>de</strong></span> <span class='ocrx_word' id='word_1_45' title='bbox 511 1790 621 1900; x_wconf 81' lang='lat' dir='ltr'><strong>Grey,</strong></span> <span class='ocrx_word' id='word_1_46' title='bbox 639 1790 787 1881; x_wconf 83' lang='lat' dir='ltr'><strong>fratres,</strong></span> <span class='ocrx_word' id='word_1_47' title='bbox 805 1809 843 1869; x_wconf 88' lang='lat' dir='ltr'><strong>et</strong></span> <span class='ocrx_word' id='word_1_48' title='bbox 861 1788 1069 1868; x_wconf 86' lang='lat' dir='ltr'><strong>Robertnm</strong></span> <span class='ocrx_word' id='word_1_49' title='bbox 1086 1791 1259 1880; x_wconf 88' lang='lat' dir='ltr'><strong>Hodaier,</strong></span> <span class='ocrx_word' id='word_1_50' title='bbox 1280 1817 1349 1869; x_wconf 84' lang='lat' dir='ltr'><strong>suo</strong></span> <span class='ocrx_word' id='word_1_51' title='bbox 1367 1806 1406 1866; x_wconf 86' lang='lat' dir='ltr'><strong>et</strong></span> <span class='ocrx_word' id='word_1_52' title='bbox 1418 1789 1605 1881; x_wconf 85' lang='lat' dir='ltr'><strong>Iohanne,</strong></span> <span class='ocrx_word' id='word_1_53' title='bbox 1627 1793 1753 1870; x_wconf 82' lang='lat' dir='ltr'><strong>uxoris</strong></span> 
     </span>
     <span class='ocr_line' id='line_1_9' title="bbox 327 1919 1754 2029; baseline 0.001 -32"><span class='ocrx_word' id='word_1_54' title='bbox 327 1949 410 2010; x_wconf 84' lang='lat' dir='ltr'><strong>aue,</strong></span> <span class='ocrx_word' id='word_1_55' title='bbox 429 1922 604 2012; x_wconf 89' lang='lat' dir='ltr'><strong>nomine,</strong></span> <span class='ocrx_word' id='word_1_56' title='bbox 625 1923 764 2001; x_wconf 86' lang='lat' dir='ltr'><strong>sororis</strong></span> <span class='ocrx_word' id='word_1_57' title='bbox 782 1921 940 1999; x_wconf 80' lang='lat' dir='ltr'><strong>fratrum</strong></span> <span class='ocrx_word' id='word_1_58' title='bbox 956 1919 1229 2025; x_wconf 85' lang='lat' dir='ltr'><strong>predictorum,</strong></span> <span class='ocrx_word' id='word_1_59' title='bbox 1247 1949 1292 1998; x_wconf 85' lang='lat' dir='ltr'><strong>ex</strong></span> <span class='ocrx_word' id='word_1_60' title='bbox 1306 1920 1439 2010; x_wconf 88' lang='lat' dir='ltr'><strong>altera,</strong></span> <span class='ocrx_word' id='word_1_61' title='bbox 1458 1948 1633 2026; x_wconf 87' lang='lat' dir='ltr'><strong>supereo</strong></span> <span class='ocrx_word' id='word_1_62' title='bbox 1648 1921 1754 2029; x_wconf 88' lang='lat' dir='ltr'><strong>quod</strong></span> 
     </span>
     <span class='ocr_line' id='line_1_10' title="bbox 329 2049 1754 2158; baseline 0.001 -29"><span class='ocrx_word' id='word_1_63' title='bbox 329 2052 451 2130; x_wconf 88' lang='lat' dir='ltr'><strong>dictus</strong></span> <span class='ocrx_word' id='word_1_64' title='bbox 461 2051 638 2131; x_wconf 85' lang='lat' dir='ltr'><strong>Odardus</strong></span> <span class='ocrx_word' id='word_1_65' title='bbox 652 2053 804 2158; x_wconf 86' lang='lat' dir='ltr'><strong>petebat</strong></span> <span class='ocrx_word' id='word_1_66' title='bbox 815 2049 1018 2158; x_wconf 86' lang='lat' dir='ltr'><strong>quamdam</strong></span> <span class='ocrx_word' id='word_1_67' title='bbox 1036 2049 1199 2128; x_wconf 88' lang='lat' dir='ltr'><strong>litteram</strong></span> <span class='ocrx_word' id='word_1_68' title='bbox 1219 2051 1441 2130; x_wconf 77' lang='lat' dir='ltr'><strong>donacionis</strong></span> <span class='ocrx_word' id='word_1_69' title='bbox 1452 2051 1525 2130; x_wconf 90' lang='lat' dir='ltr'><strong>sibi</strong></span> <span class='ocrx_word' id='word_1_70' title='bbox 1537 2052 1633 2131; x_wconf 82' lang='lat' dir='ltr'><strong>lacte</strong></span> <span class='ocrx_word' id='word_1_71' title='bbox 1646 2081 1668 2129; x_wconf 88' lang='lat' dir='ltr'><strong>a</strong></span> <span class='ocrx_word' id='word_1_72' title='bbox 1679 2052 1754 2132; x_wconf 88' lang='lat' dir='ltr'><strong>Ge·</strong></span> 
     </span>
     <span class='ocr_line' id='line_1_11' title="bbox 329 2166 1755 2289; baseline 0.002 -30"><span class='ocrx_word' id='word_1_73' title='bbox 329 2180 478 2271; x_wconf 81' lang='lat' dir='ltr'><strong>norela,</strong></span> <span class='ocrx_word' id='word_1_74' title='bbox 493 2181 684 2289; x_wconf 88' lang='lat' dir='ltr'><strong>quondam</strong></span> <span class='ocrx_word' id='word_1_75' title='bbox 696 2209 813 2260; x_wconf 90' lang='lat' dir='ltr'><strong>uxore</strong></span> <span class='ocrx_word' id='word_1_76' title='bbox 827 2210 909 2270; x_wconf 92' lang='lat' dir='ltr'><strong>sua,</strong></span> <span class='ocrx_word' id='word_1_77' title='bbox 927 2207 1133 2287; x_wconf 87' lang='lat' dir='ltr'><strong>sororeque</strong></span> <span class='ocrx_word' id='word_1_78' title='bbox 1148 2180 1307 2258; x_wconf 85' lang='lat' dir='ltr'><strong>fratrum</strong></span> <span class='ocrx_word' id='word_1_79' title='bbox 1321 2166 1597 2287; x_wconf 86' lang='lat' dir='ltr'><strong>predictorum,</strong></span> <span class='ocrx_word' id='word_1_80' title='bbox 1614 2183 1663 2260; x_wconf 90' lang='lat' dir='ltr'><strong>de</strong></span> <span class='ocrx_word' id='word_1_81' title='bbox 1677 2211 1755 2262; x_wconf 91' lang='lat' dir='ltr'><strong>om·</strong></span> 
     </span>
     <span class='ocr_line' id='line_1_12' title="bbox 329 2310 1752 2417; baseline 0.003 -30"><span class='ocrx_word' id='word_1_82' title='bbox 329 2311 441 2389; x_wconf 83' lang='lat' dir='ltr'><strong>nibus</strong></span> <span class='ocrx_word' id='word_1_83' title='bbox 462 2312 574 2390; x_wconf 91' lang='lat' dir='ltr'><strong>bonis</strong></span> <span class='ocrx_word' id='word_1_84' title='bbox 591 2312 668 2390; x_wconf 89' lang='lat' dir='ltr'><strong>suis</strong></span> <span class='ocrx_word' id='word_1_85' title='bbox 688 2311 895 2389; x_wconf 90' lang='lat' dir='ltr'><strong>mobilibus</strong></span> <span class='ocrx_word' id='word_1_86' title='bbox 915 2327 953 2386; x_wconf 90' lang='lat' dir='ltr'><strong>et</strong></span> <span class='ocrx_word' id='word_1_87' title='bbox 972 2310 1258 2417; x_wconf 82' lang='lat' dir='ltr'><strong>conquestibus,</strong></span> <span class='ocrx_word' id='word_1_88' title='bbox 1283 2313 1498 2389; x_wconf 81' lang='lat' dir='ltr'><strong>execncioni</strong></span> <span class='ocrx_word' id='word_1_89' title='bbox 1514 2311 1752 2404; x_wconf 76' lang='lat' dir='ltr'><strong>demandari3</strong></span> 
     </span>
     <span class='ocr_line' id='line_1_13' title="bbox 330 2439 1754 2549; baseline 0.001 -30"><span class='ocrx_word' id='word_1_90' title='bbox 330 2442 439 2519; x_wconf 87' lang='lat' dir='ltr'><strong>dictis</strong></span> <span class='ocrx_word' id='word_1_91' title='bbox 457 2439 634 2520; x_wconf 84' lang='lat' dir='ltr'><strong>fratribus</strong></span> <span class='ocrx_word' id='word_1_92' title='bbox 651 2460 689 2520; x_wconf 88' lang='lat' dir='ltr'><strong>at</strong></span> <span class='ocrx_word' id='word_1_93' title='bbox 704 2442 806 2520; x_wconf 89' lang='lat' dir='ltr'><strong>dicto</strong></span> <span class='ocrx_word' id='word_1_94' title='bbox 827 2441 1011 2529; x_wconf 75' lang='lat' dir='ltr'><strong>boberto,</strong></span> <span class='ocrx_word' id='word_1_95' title='bbox 1028 2467 1104 2547; x_wconf 91' lang='lat' dir='ltr'><strong>quo</strong></span> <span class='ocrx_word' id='word_1_96' title='bbox 1125 2468 1237 2546; x_wconf 83' lang='lat' dir='ltr'><strong>snpra</strong></span> <span class='ocrx_word' id='word_1_97' title='bbox 1257 2443 1429 2531; x_wconf 89' lang='lat' dir='ltr'><strong>nomine,</strong></span> <span class='ocrx_word' id='word_1_98' title='bbox 1446 2441 1573 2549; x_wconf 89' lang='lat' dir='ltr'><strong>plures</strong></span> <span class='ocrx_word' id='word_1_99' title='bbox 1586 2444 1754 2521; x_wconf 80' lang='lat' dir='ltr'><strong>raciones</strong></span> 
     </span>
     <span class='ocr_line' id='line_1_14' title="bbox 328 2551 1751 2682; baseline 0.002 -31"><span class='ocrx_word' id='word_1_100' title='bbox 328 2573 626 2682; x_wconf 88' lang='lat' dir='ltr'><strong>proponentibus</strong></span> <span class='ocrx_word' id='word_1_101' title='bbox 648 2573 696 2650; x_wconf 96' lang='lat' dir='ltr'><strong>ad</strong></span> <span class='ocrx_word' id='word_1_102' title='bbox 717 2571 836 2675; x_wconf 86' lang='lat' dir='ltr'><strong>finem</strong></span> <span class='ocrx_word' id='word_1_103' title='bbox 857 2571 961 2678; x_wconf 90' lang='lat' dir='ltr'><strong>quod</strong></span> <span class='ocrx_word' id='word_1_104' title='bbox 982 2551 1080 2647; x_wconf 86' lang='lat' dir='ltr'><strong>dicta</strong></span> <span class='ocrx_word' id='word_1_105' title='bbox 1100 2571 1275 2650; x_wconf 83' lang='lat' dir='ltr'><strong>execucio</strong></span> <span class='ocrx_word' id='word_1_106' title='bbox 1293 2573 1449 2650; x_wconf 89' lang='lat' dir='ltr'><strong>minime</strong></span> <span class='ocrx_word' id='word_1_107' title='bbox 1469 2571 1554 2650; x_wconf 86' lang='lat' dir='ltr'><strong>fieri</strong></span> <span class='ocrx_word' id='word_1_108' title='bbox 1580 2573 1751 2665; x_wconf 86' lang='lat' dir='ltr'><strong>deberet,</strong></span> 
     </span>
    </p>

    <p class='ocr_par' dir='ltr' id='par_1_6' title="bbox 174 2678 1751 2813">
     <span class='ocr_line' id='line_1_15' title="bbox 174 2678 1751 2813; baseline 0.001 -32"><span class='ocrx_word' id='word_1_109' title='bbox 174 2678 178 2690; x_wconf 34' lang='lat'>¹</span> <span class='ocrx_word' id='word_1_110' title='bbox 329 2721 368 2782; x_wconf 90' lang='lat' dir='ltr'><strong>et</strong></span> <span class='ocrx_word' id='word_1_111' title='bbox 385 2706 489 2813; x_wconf 90' lang='lat' dir='ltr'><strong>quod</strong></span> <span class='ocrx_word' id='word_1_112' title='bbox 510 2706 607 2784; x_wconf 88' lang='lat' dir='ltr'><strong>dicta</strong></span> <span class='ocrx_word' id='word_1_113' title='bbox 626 2704 785 2782; x_wconf 86' lang='lat' dir='ltr'><strong>donacio</strong></span> <span class='ocrx_word' id='word_1_114' title='bbox 801 2702 906 2780; x_wconf 88' lang='lat' dir='ltr'><strong>nulla</strong></span> <span class='ocrx_word' id='word_1_115' title='bbox 926 2720 964 2780; x_wconf 88' lang='lat' dir='ltr'><strong>et</strong></span> <span class='ocrx_word' id='word_1_116' title='bbox 983 2701 1146 2780; x_wconf 82' lang='lat' dir='ltr'><strong>invalida</strong></span> <span class='ocrx_word' id='word_1_117' title='bbox 1164 2721 1410 2809; x_wconf 86' lang='lat' dir='ltr'><strong>reputaretur,</strong></span> <span class='ocrx_word' id='word_1_118' title='bbox 1430 2691 1554 2784; x_wconf 86' lang='lat' dir='ltr'><strong>dictus</strong></span> <span class='ocrx_word' id='word_1_119' title='bbox 1572 2703 1751 2800; x_wconf 84' lang='lat' dir='ltr'><strong>ballivus,</strong></span> 
     </span>
    </p>

    <p class='ocr_par' dir='ltr' id='par_1_7' title="bbox 167 2833 1754 3204">
     <span class='ocr_line' id='line_1_16' title="bbox 167 2833 1754 2944; baseline 0.001 -31"><span class='ocrx_word' id='word_1_120' title='bbox 167 2868 170 2874; x_wconf 56' lang='lat'>¹</span> <span class='ocrx_word' id='word_1_121' title='bbox 329 2835 478 2943; x_wconf 83' lang='lat' dir='ltr'><strong>cognito</strong></span> <span class='ocrx_word' id='word_1_122' title='bbox 497 2836 545 2914; x_wconf 91' lang='lat' dir='ltr'><strong>de</strong></span> <span class='ocrx_word' id='word_1_123' title='bbox 569 2835 776 2944; x_wconf 88' lang='lat' dir='ltr'><strong>premissis,</strong></span> <span class='ocrx_word' id='word_1_124' title='bbox 798 2833 1058 2941; x_wconf 83' lang='lat' dir='ltr'><strong>pronunciavit</strong></span> <span class='ocrx_word' id='word_1_125' title='bbox 1079 2834 1218 2912; x_wconf 86' lang='lat' dir='ltr'><strong>dictam</strong></span> <span class='ocrx_word' id='word_1_126' title='bbox 1240 2835 1488 2913; x_wconf 84' lang='lat' dir='ltr'><strong>donacionem</strong></span> <span class='ocrx_word' id='word_1_127' title='bbox 1509 2863 1590 2914; x_wconf 85' lang='lat' dir='ltr'><strong>esse</strong></span> <span class='ocrx_word' id='word_1_128' title='bbox 1608 2835 1754 2914; x_wconf 87' lang='lat' dir='ltr'><strong>nullius</strong></span> 
     </span>
     <span class='ocr_line' id='line_1_17' title="bbox 328 2947 1754 3075; baseline 0.003 -35"><span class='ocrx_word' id='word_1_129' title='bbox 328 2965 477 3057; x_wconf 89' lang='lat' dir='ltr'><strong>valoris,</strong></span> <span class='ocrx_word' id='word_1_130' title='bbox 501 2984 539 3045; x_wconf 87' lang='lat' dir='ltr'><strong>et</strong></span> <span class='ocrx_word' id='word_1_131' title='bbox 558 2966 681 3075; x_wconf 91' lang='lat' dir='ltr'><strong>quod,</strong></span> <span class='ocrx_word' id='word_1_132' title='bbox 693 2967 839 3074; x_wconf 79' lang='lat' dir='ltr'><strong>¹uirtute</strong></span> <span class='ocrx_word' id='word_1_133' title='bbox 866 2965 1053 3074; x_wconf 87' lang='lat' dir='ltr'><strong>ejusdem,</strong></span> <span class='ocrx_word' id='word_1_134' title='bbox 1077 2965 1201 3043; x_wconf 84' lang='lat' dir='ltr'><strong>dictus</strong></span> <span class='ocrx_word' id='word_1_135' title='bbox 1219 2965 1395 3046; x_wconf 86' lang='lat' dir='ltr'><strong>Odardns</strong></span> <span class='ocrx_word' id='word_1_136' title='bbox 1414 2966 1564 3046; x_wconf 89' lang='lat' dir='ltr'><strong>nullum</strong></span> <span class='ocrx_word' id='word_1_137' title='bbox 1584 2947 1754 3044; x_wconf 87' lang='lat' dir='ltr'><strong>commo·</strong></span> 
     </span>
     <span class='ocr_line' id='line_1_18' title="bbox 329 3077 1752 3204; baseline 0.003 -32"><span class='ocrx_word' id='word_1_138' title='bbox 329 3097 422 3174; x_wconf 90' lang='lat' dir='ltr'><strong>dum</strong></span> <span class='ocrx_word' id='word_1_139' title='bbox 439 3115 663 3204; x_wconf 87' lang='lat' dir='ltr'><strong>reportaret,</strong></span> <span class='ocrx_word' id='word_1_140' title='bbox 686 3095 916 3175; x_wconf 84' lang='lat' dir='ltr'><strong>absolvendo</strong></span> <span class='ocrx_word' id='word_1_141' title='bbox 941 3095 1062 3175; x_wconf 85' lang='lat' dir='ltr'><strong>dictos</strong></span> <span class='ocrx_word' id='word_1_142' title='bbox 1087 3077 1218 3175; x_wconf 80' lang='lat' dir='ltr'><strong>fratres</strong></span> <span class='ocrx_word' id='word_1_143' title='bbox 1238 3115 1277 3174; x_wconf 90' lang='lat' dir='ltr'><strong>et</strong></span> <span class='ocrx_word' id='word_1_144' title='bbox 1297 3096 1521 3187; x_wconf 71' lang='lat' dir='ltr'><strong>liebertum,</strong></span> <span class='ocrx_word' id='word_1_145' title='bbox 1544 3123 1621 3203; x_wconf 90' lang='lat' dir='ltr'><strong>quo</strong></span> <span class='ocrx_word' id='word_1_146' title='bbox 1640 3125 1752 3204; x_wconf 85' lang='lat' dir='ltr'><strong>supra</strong></span> 
     </span>
    </p>

    <p class='ocr_par' dir='ltr' id='par_1_8' title="bbox 166 3223 1848 4376">
     <span class='ocr_line' id='line_1_19' title="bbox 166 3223 1752 3336; baseline 0.002 -33"><span class='ocrx_word' id='word_1_147' title='bbox 166 3263 170 3270; x_wconf 92' lang='lat'>·</span> <span class='ocrx_word' id='word_1_148' title='bbox 329 3228 497 3316; x_wconf 90' lang='lat' dir='ltr'><strong>nomine,</strong></span> <span class='ocrx_word' id='word_1_149' title='bbox 522 3227 568 3304; x_wconf 90' lang='lat' dir='ltr'><strong>ab</strong></span> <span class='ocrx_word' id='word_1_150' title='bbox 589 3227 830 3332; x_wconf 88' lang='lat' dir='ltr'><strong>impeticione</strong></span> <span class='ocrx_word' id='word_1_151' title='bbox 850 3225 1017 3332; x_wconf 87' lang='lat' dir='ltr'><strong>predicta</strong></span> <span class='ocrx_word' id='word_1_152' title='bbox 1036 3223 1128 3302; x_wconf 86' lang='lat' dir='ltr'><strong>dicti</strong></span> <span class='ocrx_word' id='word_1_153' title='bbox 1152 3226 1315 3317; x_wconf 78' lang='lat' dir='ltr'><strong>Odardi3</strong></span> <span class='ocrx_word' id='word_1_154' title='bbox 1341 3254 1459 3335; x_wconf 81' lang='lat' dir='ltr'><strong>aquo</strong></span> <span class='ocrx_word' id='word_1_155' title='bbox 1478 3228 1635 3334; x_wconf 89' lang='lat' dir='ltr'><strong>quidem</strong></span> <span class='ocrx_word' id='word_1_156' title='bbox 1649 3228 1752 3336; x_wconf 89' lang='lat' dir='ltr'><strong>judi·</strong></span> 
     </span>
     <span class='ocr_line' id='line_1_20' title="bbox 329 3343 1848 3463; baseline 0.001 -29"><span class='ocrx_word' id='word_1_157' title='bbox 329 3374 427 3446; x_wconf 88' lang='lat' dir='ltr'><strong>cato,</strong></span> <span class='ocrx_word' id='word_1_158' title='bbox 448 3374 679 3463; x_wconf 81' lang='lat' dir='ltr'><strong>tamquam-a</strong></span> <span class='ocrx_word' id='word_1_159' title='bbox 699 3352 792 3432; x_wconf 83' lang='lat' dir='ltr'><strong>falso</strong></span> <span class='ocrx_word' id='word_1_160' title='bbox 814 3371 852 3432; x_wconf 89' lang='lat' dir='ltr'><strong>et</strong></span> <span class='ocrx_word' id='word_1_161' title='bbox 870 3382 994 3461; x_wconf 86' lang='lat' dir='ltr'><strong>pravo,</strong></span> <span class='ocrx_word' id='word_1_162' title='bbox 1017 3353 1140 3431; x_wconf 87' lang='lat' dir='ltr'><strong>dictus</strong></span> <span class='ocrx_word' id='word_1_163' title='bbox 1159 3355 1336 3433; x_wconf 83' lang='lat' dir='ltr'><strong>Odardus</strong></span> <span class='ocrx_word' id='word_1_164' title='bbox 1354 3357 1402 3433; x_wconf 83' lang='lat' dir='ltr'><strong>ad</strong></span> <span class='ocrx_word' id='word_1_165' title='bbox 1421 3373 1587 3434; x_wconf 88' lang='lat' dir='ltr'><strong>nostram</strong></span> <span class='ocrx_word' id='word_1_166' title='bbox 1598 3357 1749 3435; x_wconf 80' lang='lat' dir='ltr'><strong>&#39;curiam</strong></span> <span class='ocrx_word' id='word_1_167' title='bbox 1845 3343 1848 3349; x_wconf 34' lang='lat'>¹</span> 
     </span>
     <span class='ocr_line' id='line_1_21' title="bbox 329 3483 1752 3594; baseline 0.002 -32"><span class='ocrx_word' id='word_1_168' title='bbox 329 3486 550 3594; x_wconf 84' lang='lat' dir='ltr'><strong>appellavit:</strong></span> <span class='ocrx_word' id='word_1_169' title='bbox 569 3485 741 3563; x_wconf 78' lang='lat' dir='ltr'><strong>Partibus</strong></span> <span class='ocrx_word' id='word_1_170' title='bbox 758 3484 884 3593; x_wconf 83' lang='lat' dir='ltr'><strong>igitur,</strong></span> <span class='ocrx_word' id='word_1_171' title='bbox 906 3484 945 3560; x_wconf 95' lang='lat' dir='ltr'><strong>in</strong></span> <span class='ocrx_word' id='word_1_172' title='bbox 966 3485 1046 3590; x_wconf 86' lang='lat' dir='ltr'><strong>ipsa</strong></span> <span class='ocrx_word' id='word_1_173' title='bbox 1060 3483 1326 3590; x_wconf 87' lang='lat' dir='ltr'><strong>appellacionis</strong></span> <span class='ocrx_word' id='word_1_174' title='bbox 1344 3515 1470 3576; x_wconf 79' lang='lat' dir='ltr'><strong>causa,</strong></span> <span class='ocrx_word' id='word_1_175' title='bbox 1492 3487 1533 3563; x_wconf 92' lang='lat' dir='ltr'><strong>in</strong></span> <span class='ocrx_word' id='word_1_176' title='bbox 1548 3487 1752 3565; x_wconf 80' lang='lat' dir='ltr'><strong>curianos·</strong></span> 
     </span>
     <span class='ocr_line' id='line_1_22' title="bbox 328 3613 1753 3725; baseline 0 -31"><span class='ocrx_word' id='word_1_177' title='bbox 328 3635 385 3695; x_wconf 85' lang='lat' dir='ltr'><strong>tra</strong></span> <span class='ocrx_word' id='word_1_178' title='bbox 411 3617 733 3725; x_wconf 87' lang='lat' dir='ltr'><strong>comparentibus,</strong></span> <span class='ocrx_word' id='word_1_179' title='bbox 761 3613 976 3723; x_wconf 82' lang='lat' dir='ltr'><strong>auditisque</strong></span> <span class='ocrx_word' id='word_1_180' title='bbox 1000 3643 1131 3692; x_wconf 86' lang='lat' dir='ltr'><strong>aarum</strong></span> <span class='ocrx_word' id='word_1_181' title='bbox 1157 3615 1390 3705; x_wconf 82' lang='lat' dir='ltr'><strong>nacionibus,</strong></span> <span class='ocrx_word' id='word_1_182' title='bbox 1419 3615 1607 3725; x_wconf 82' lang='lat' dir='ltr'><strong>factaque,</strong></span> <span class='ocrx_word' id='word_1_183' title='bbox 1638 3645 1753 3724; x_wconf 88' lang='lat' dir='ltr'><strong>super</strong></span> 
     </span>
     <span class='ocr_line' id='line_1_23' title="bbox 328 3737 1759 3856; baseline -0.001 -30"><span class='ocrx_word' id='word_1_184' title='bbox 328 3749 531 3856; x_wconf 84' lang='lat' dir='ltr'><strong>propositis</strong></span> <span class='ocrx_word' id='word_1_185' title='bbox 550 3748 597 3826; x_wconf 85' lang='lat' dir='ltr'><strong>ab</strong></span> <span class='ocrx_word' id='word_1_186' title='bbox 618 3746 781 3836; x_wconf 81' lang='lat' dir='ltr'><strong>eisdem,</strong></span> <span class='ocrx_word' id='word_1_187' title='bbox 800 3747 963 3853; x_wconf 90' lang='lat' dir='ltr'><strong>quadam</strong></span> <span class='ocrx_word' id='word_1_188' title='bbox 984 3747 1173 3853; x_wconf 81' lang='lat' dir='ltr'><strong>inquesta,</strong></span> <span class='ocrx_word' id='word_1_189' title='bbox 1192 3762 1246 3837; x_wconf 86' lang='lat' dir='ltr'><strong>et,</strong></span> <span class='ocrx_word' id='word_1_190' title='bbox 1268 3746 1598 3856; x_wconf 87' lang='lat' dir='ltr'><strong>adjudicandum,</strong></span> <span class='ocrx_word' id='word_1_191' title='bbox 1619 3737 1759 3830; x_wconf 73' lang='lat' dir='ltr'><strong>aden·-</strong></span> 
     </span>
     <span class='ocr_line' id='line_1_24' title="bbox 328 3877 1750 3986; baseline -0.001 -30"><span class='ocrx_word' id='word_1_192' title='bbox 328 3881 422 3956; x_wconf 88' lang='lat' dir='ltr'><strong>riam</strong></span> <span class='ocrx_word' id='word_1_193' title='bbox 444 3896 611 3957; x_wconf 85' lang='lat' dir='ltr'><strong>nostram</strong></span> <span class='ocrx_word' id='word_1_194' title='bbox 636 3895 841 3986; x_wconf 83' lang='lat' dir='ltr'><strong>reportata,</strong></span> <span class='ocrx_word' id='word_1_195' title='bbox 868 3879 1029 3986; x_wconf 88' lang='lat' dir='ltr'><strong>visisque</strong></span> <span class='ocrx_word' id='word_1_196' title='bbox 1052 3877 1161 3967; x_wconf 84' lang='lat' dir='ltr'><strong>actis,</strong></span> <span class='ocrx_word' id='word_1_197' title='bbox 1180 3893 1259 3954; x_wconf 63' lang='lat' dir='ltr'><strong>mm</strong></span> <span class='ocrx_word' id='word_1_198' title='bbox 1279 3877 1379 3956; x_wconf 90' lang='lat' dir='ltr'><strong>dicte</strong></span> <span class='ocrx_word' id='word_1_199' title='bbox 1403 3905 1512 3957; x_wconf 86' lang='lat' dir='ltr'><strong>cause</strong></span> <span class='ocrx_word' id='word_1_200' title='bbox 1534 3877 1750 3985; x_wconf 87' lang='lat' dir='ltr'><strong>principalis</strong></span> 
     </span>
     <span class='ocr_line' id='line_1_25' title="bbox 329 4008 1750 4118; baseline -0.001 -32"><span class='ocrx_word' id='word_1_201' title='bbox 329 4039 443 4118; x_wconf 87' lang='lat' dir='ltr'><strong>quam</strong></span> <span class='ocrx_word' id='word_1_202' title='bbox 460 4009 725 4117; x_wconf 86' lang='lat' dir='ltr'><strong>appellacionis</strong></span> <span class='ocrx_word' id='word_1_203' title='bbox 743 4009 927 4116; x_wconf 90' lang='lat' dir='ltr'><strong>predicte,</strong></span> <span class='ocrx_word' id='word_1_204' title='bbox 942 4027 981 4087; x_wconf 88' lang='lat' dir='ltr'><strong>et</strong></span> <span class='ocrx_word' id='word_1_205' title='bbox 997 4008 1200 4115; x_wconf 85' lang='lat' dir='ltr'><strong>diligenter</strong></span> <span class='ocrx_word' id='word_1_206' title='bbox 1210 4009 1445 4098; x_wconf 80' lang='lat' dir='ltr'><strong>examinatis,</strong></span> <span class='ocrx_word' id='word_1_207' title='bbox 1461 4037 1532 4115; x_wconf 89' lang='lat' dir='ltr'><strong>per</strong></span> <span class='ocrx_word' id='word_1_208' title='bbox 1547 4009 1650 4087; x_wconf 83' lang='lat' dir='ltr'><strong>curie</strong></span> <span class='ocrx_word' id='word_1_209' title='bbox 1663 4036 1750 4088; x_wconf 59' lang='lat' dir='ltr'><strong>noae</strong></span> 
     </span>
     <span class='ocr_line' id='line_1_26' title="bbox 328 4137 1753 4248; baseline -0.006 -30"><span class='ocrx_word' id='word_1_210' title='bbox 328 4160 386 4218; x_wconf 90' lang='lat' dir='ltr'><strong>tre</strong></span> <span class='ocrx_word' id='word_1_211' title='bbox 401 4139 606 4248; x_wconf 86' lang='lat' dir='ltr'><strong>judicium,</strong></span> <span class='ocrx_word' id='word_1_212' title='bbox 627 4137 699 4216; x_wconf 86' lang='lat' dir='ltr'><strong>fuit</strong></span> <span class='ocrx_word' id='word_1_213' title='bbox 712 4138 855 4216; x_wconf 86' lang='lat' dir='ltr'><strong>dictum</strong></span> <span class='ocrx_word' id='word_1_214' title='bbox 866 4139 1087 4245; x_wconf 78' lang='lat' dir='ltr'><strong>&#39;predictum</strong></span> <span class='ocrx_word' id='word_1_215' title='bbox 1106 4137 1288 4215; x_wconf 83' lang='lat' dir='ltr'><strong>ballivum</strong></span> <span class='ocrx_word' id='word_1_216' title='bbox 1303 4137 1402 4216; x_wconf 87' lang='lat' dir='ltr'><strong>bene</strong></span> <span class='ocrx_word' id='word_1_217' title='bbox 1417 4138 1620 4245; x_wconf 85' lang='lat' dir='ltr'><strong>judicasse,</strong></span> <span class='ocrx_word' id='word_1_218' title='bbox 1639 4154 1677 4217; x_wconf 84' lang='lat' dir='ltr'><strong>et</strong></span> <span class='ocrx_word' id='word_1_219' title='bbox 1694 4139 1753 4246; x_wconf 92' lang='lat' dir='ltr'><strong>ip-.</strong></span> 
     </span>
     <span class='ocr_line' id='line_1_27' title="bbox 329 4267 1614 4376; baseline -0.005 -26"><span class='ocrx_word' id='word_1_220' title='bbox 329 4300 414 4350; x_wconf 88' lang='lat' dir='ltr'><strong>sum</strong></span> <span class='ocrx_word' id='word_1_221' title='bbox 434 4270 631 4350; x_wconf 90' lang='lat' dir='ltr'><strong>Odardum</strong></span> <span class='ocrx_word' id='word_1_222' title='bbox 650 4268 748 4346; x_wconf 86' lang='lat' dir='ltr'><strong>male</strong></span> <span class='ocrx_word' id='word_1_223' title='bbox 768 4268 989 4376; x_wconf 88' lang='lat' dir='ltr'><strong>appellasse,</strong></span> <span class='ocrx_word' id='word_1_224' title='bbox 1012 4285 1051 4346; x_wconf 88' lang='lat' dir='ltr'><strong>et</strong></span> <span class='ocrx_word' id='word_1_225' title='bbox 1070 4268 1176 4373; x_wconf 77' lang='lat' dir='ltr'><strong>quod</strong></span> <span class='ocrx_word' id='word_1_226' title='bbox 1194 4268 1276 4374; x_wconf 90' lang='lat' dir='ltr'><strong>ipse</strong></span> <span class='ocrx_word' id='word_1_227' title='bbox 1295 4268 1369 4345; x_wconf 91' lang='lat' dir='ltr'><strong>hoc</strong></span> <span class='ocrx_word' id='word_1_228' title='bbox 1385 4267 1614 4346; x_wconf 87' lang='lat' dir='ltr'><strong>emendabit.</strong></span> 
     </span>
    </p>

    <p class='ocr_par' dir='ltr' id='par_1_9' title="bbox 384 4398 981 4481">
     <span class='ocr_line' id='line_1_28' title="bbox 384 4398 981 4481; baseline -0.012 0"><span class='ocrx_word' id='word_1_229' title='bbox 384 4402 582 4481; x_wconf 88' lang='lat' dir='ltr'><strong>Dominica</strong></span> <span class='ocrx_word' id='word_1_230' title='bbox 600 4417 685 4478; x_wconf 88' lang='lat' dir='ltr'><strong>ante</strong></span> <span class='ocrx_word' id='word_1_231' title='bbox 705 4398 981 4480; x_wconf 83' lang='lat' dir='ltr'><strong>Ascensionem.</strong></span> 
     </span>
    </p>

    <p class='ocr_par' dir='ltr' id='par_1_10' title="bbox 386 4532 726 4639">
     <span class='ocr_line' id='line_1_29' title="bbox 386 4532 726 4639; baseline -0.012 -27"><span class='ocrx_word' id='word_1_232' title='bbox 386 4532 494 4612; x_wconf 86' lang='lat' dir='ltr'><strong>Croci</strong></span> <span class='ocrx_word' id='word_1_233' title='bbox 513 4533 726 4639; x_wconf 84' lang='lat' dir='ltr'><strong>reportavit.</strong></span> 
     </span>
    </p>
   </div>
   <div class='ocr_carea' id='block_1_4' title="bbox 331 4769 1750 5165">
    <p class='ocr_par' dir='ltr' id='par_1_11' title="bbox 331 4769 1750 5165">
     <span class='ocr_line' id='line_1_30' title="bbox 387 4769 1750 4903; baseline -0.001 -31"><span class='ocrx_word' id='word_1_234' title='bbox 387 4796 543 4873; x_wconf 89' lang='lat' dir='ltr'><strong>LXXIII.</strong></span> <span class='ocrx_word' id='word_1_235' title='bbox 574 4796 656 4874; x_wconf 91' lang='lat' dir='ltr'><strong>Lite</strong></span> <span class='ocrx_word' id='word_1_236' title='bbox 680 4813 797 4887; x_wconf 88' lang='lat' dir='ltr'><strong>mota,</strong></span> <span class='ocrx_word' id='word_1_237' title='bbox 821 4823 946 4875; x_wconf 87' lang='lat' dir='ltr'><strong>coram</strong></span> <span class='ocrx_word' id='word_1_238' title='bbox 971 4794 1162 4903; x_wconf 83' lang='lat' dir='ltr'><strong>preposito</strong></span> <span class='ocrx_word' id='word_1_239' title='bbox 1185 4794 1401 4884; x_wconf 80' lang='lat' dir='ltr'><strong>Parisiensi,</strong></span> <span class='ocrx_word' id='word_1_240' title='bbox 1423 4769 1524 4872; x_wconf 80' lang='lat' dir='ltr'><strong>inter</strong></span> <span class='ocrx_word' id='word_1_241' title='bbox 1539 4793 1750 4872; x_wconf 86' lang='lat' dir='ltr'><strong>Iohannem</strong></span> 
     </span>
     <span class='ocr_line' id='line_1_31' title="bbox 331 4923 1750 5035; baseline -0.002 -32"><span class='ocrx_word' id='word_1_242' title='bbox 331 4923 446 5013; x_wconf 89' lang='lat' dir='ltr'><strong>Ruffi,</strong></span> <span class='ocrx_word' id='word_1_243' title='bbox 469 4953 511 5002; x_wconf 83' lang='lat' dir='ltr'><strong>ex</strong></span> <span class='ocrx_word' id='word_1_244' title='bbox 530 4955 605 5003; x_wconf 87' lang='lat' dir='ltr'><strong>una</strong></span> <span class='ocrx_word' id='word_1_245' title='bbox 625 4944 749 5035; x_wconf 87' lang='lat' dir='ltr'><strong>parte,</strong></span> <span class='ocrx_word' id='word_1_246' title='bbox 771 4943 809 5004; x_wconf 89' lang='lat' dir='ltr'><strong>et</strong></span> <span class='ocrx_word' id='word_1_247' title='bbox 828 4927 972 5005; x_wconf 90' lang='lat' dir='ltr'><strong>dictum</strong></span> <span class='ocrx_word' id='word_1_248' title='bbox 991 4929 1142 5029; x_wconf 80' lang='lat' dir='ltr'><strong>Tanna,</strong></span> <span class='ocrx_word' id='word_1_249' title='bbox 1166 4924 1398 5035; x_wconf 81' lang='lat' dir='ltr'><strong>caligarium,</strong></span> <span class='ocrx_word' id='word_1_250' title='bbox 1420 4951 1465 5004; x_wconf 85' lang='lat' dir='ltr'><strong>ex</strong></span> <span class='ocrx_word' id='word_1_251' title='bbox 1484 4923 1616 5014; x_wconf 86' lang='lat' dir='ltr'><strong>altera,</strong></span> <span class='ocrx_word' id='word_1_252' title='bbox 1637 4950 1750 5032; x_wconf 88' lang='lat' dir='ltr'><strong>super</strong></span> 
     </span>
     <span class='ocr_line' id='line_1_32' title="bbox 332 5055 1750 5165; baseline -0.004 -30"><span class='ocrx_word' id='word_1_253' title='bbox 332 5085 378 5135; x_wconf 93' lang='lat' dir='ltr'><strong>eo</strong></span> <span class='ocrx_word' id='word_1_254' title='bbox 396 5056 503 5164; x_wconf 91' lang='lat' dir='ltr'><strong>quod</strong></span> <span class='ocrx_word' id='word_1_255' title='bbox 525 5057 646 5136; x_wconf 80' lang='lat' dir='ltr'><strong>dictus</strong></span> <span class='ocrx_word' id='word_1_256' title='bbox 661 5059 849 5146; x_wconf 84' lang='lat' dir='ltr'><strong>Iohannes</strong></span> <span class='ocrx_word' id='word_1_257' title='bbox 861 5059 1034 5138; x_wconf 75' lang='lat' dir='ltr'><strong>,arrestari</strong></span> <span class='ocrx_word' id='word_1_258' title='bbox 1055 5057 1193 5136; x_wconf 85' lang='lat' dir='ltr'><strong>lecerat</strong></span> <span class='ocrx_word' id='word_1_259' title='bbox 1207 5055 1411 5165; x_wconf 88' lang='lat' dir='ltr'><strong>quamdam</strong></span> <span class='ocrx_word' id='word_1_260' title='bbox 1428 5085 1616 5136; x_wconf 86' lang='lat' dir='ltr'><strong>summam</strong></span> <span class='ocrx_word' id='word_1_261' title='bbox 1634 5081 1750 5163; x_wconf 87' lang='lat' dir='ltr'><strong>pecu-</strong></span> 
     </span>
    </p>
   </div>
   <div class='ocr_carea' id='block_1_5' title="bbox 437 5210 1623 5291">
    <p class='ocr_par' dir='ltr' id='par_1_12' title="bbox 437 5210 1623 5291">
     <span class='ocr_line' id='line_1_33' title="bbox 437 5210 1623 5291; baseline 0 -20"><span class='ocrx_word' id='word_1_262' title='bbox 437 5231 490 5275; x_wconf 79' lang='lat' dir='ltr'><strong>nas</strong></span> <span class='ocrx_word' id='word_1_263' title='bbox 511 5233 592 5276; x_wconf 78' lang='lat' dir='ltr'><strong>ocur.</strong></span> <span class='ocrx_word' id='word_1_264' title='bbox 616 5237 661 5277; x_wconf 86' lang='lat'><strong>111.</strong></span> <span class='ocrx_word' id='word_1_265' title='bbox 1583 5210 1623 5291; x_wconf 82' lang='lat'><strong>73</strong></span> 
     </span>
    </p>
   </div>
   <div class='ocr_carea' id='block_1_6' title="bbox 0 0 2230 6209">
    <p class='ocr_par' dir='ltr' id='par_1_13' title="bbox 0 0 2230 6209">
     <span class='ocr_line' id='line_1_34' title="bbox 0 0 2230 6209; baseline 0 0"><span class='ocrx_word' id='word_1_266' title='bbox 0 0 2230 6209; x_wconf 95' lang='lat' dir='ltr'><strong> </strong></span> 
     </span>
    </p>
   </div>
  </div>
 </body>
</html>
