4450 6209
525 737 597 810 108
1104 733 1194 807 LES
1224 731 1365 807 OLIM.

295 897 425 954 Parnm
438 899 482 962 tv,
520 881 718 960 asserentis
733 877 855 987 quod,
872 905 958 954 cum
973 875 1053 984 ipse
1068 872 1223 954 diversis
1239 875 1377 954 debitis
1390 875 1569 954 usurariis
1583 875 1805 966 boneratus,
1821 903 1946 984 quam·

356 991 419 1034 tsot.

520 1012 609 1090 dam
631 1013 756 1091 villam
782 1039 908 1101 suam,
933 1027 1098 1086 vocatam
1118 1008 1304 1087 bastidam
1323 1007 1533 1088 Fortunerii
1558 1008 1606 1084 de
1626 1005 1840 1100 Gordonio,
1862 1039 1944 1088 cum

520 1146 700 1224 omnibus
719 1145 800 1253 ejus
813 1141 1071 1249 pertinenciis,
1090 1169 1159 1248 pro
1178 1157 1281 1218 certo
1296 1141 1439 1247 precio,
1460 1158 1644 1219 convento
1661 1159 1699 1218 et
1718 1141 1791 1219 sibi
1809 1141 1942 1232 soluto,

518 1275 658 1384 Jacobo
681 1275 882 1364 lobannis,
903 1272 1081 1381 burgensi
1103 1273 1151 1350 de
1177 1274 1335 1352 Caturco
1365 1272 1545 1362 innobili,
1578 1269 1826 1364 vendidisset,
1856 1276 1944 1352 dum

518 1425 645 1485 umen
675 1406 895 1514 hujusmodi
922 1405 1138 1482 vendicioni
1165 1422 1336 1483 nostrum
1362 1405 1607 1512 preberemus
1634 1433 1880 1498 consensum,
1909 1424 1945 1483 et
2003 1447 2006 1455 ·
2111 1441 2112 1450 ¹

518 1540 610 1631 hoc,
627 1556 671 1616 ut
684 1538 832 1626 dicitur,
847 1537 1025 1645 adjuncto
1042 1536 1164 1642 quod,
1182 1536 1212 1613 si
1231 1535 1356 1614 dictus
1372 1535 1481 1612 miles
1498 1535 1592 1613 infra
1605 1535 1943 1643 quinquennium

516 1687 688 1777 tempore
709 1669 809 1746 dicte
828 1667 1064 1744 vendicionis
1084 1665 1180 1744 lacte
1200 1667 1313 1744 vellet
1332 1667 1434 1744 dicto
1456 1666 1616 1773 emptori
1635 1667 1797 1744 reddere
1818 1686 1856 1745 et
1875 1667 1944 1748 sol·

515 1830 601 1880 vere
621 1803 793 1909 precium
812 1801 1069 1910 supradictum
1082 1863 1092 1890 ,
1105 1799 1232 1877 villam
1247 1801 1474 1908 predictam,
1495 1829 1580 1877 cum
1598 1800 1678 1908 ejus
1692 1801 1940 1907 pertinenciis,

518 1933 569 2012 sic
593 1935 782 2012 venditam
805 1950 1044 2041 recuperaret
1069 1951 1106 2010 et
1133 1932 1306 2021 haberet,
1333 1931 1559 2010 senescallus
1586 1950 1714 2009 noster
1739 1933 1943 2042 Petregori-

519 2066 655 2155 censis,
682 2067 813 2144 videns
831 2065 957 2142 villam
977 2064 1183 2172 predictam
1208 2093 1295 2142 cum
1323 2069 1403 2173 ojus
1423 2064 1664 2172 pertinenciis
1688 2091 1763 2170 que
1789 2093 1810 2140 a
1837 2064 1942 2141 nobis

518 2197 558 2271 in
582 2195 742 2274 feudum
762 2215 801 2275 et
820 2195 1039 2302 homagium
1059 2214 1222 2287 tenetur,
1244 2195 1296 2272 sic
1314 2196 1503 2273 venditam
1525 2196 1605 2272 sine
1625 2195 1780 2271 licencia
1800 2213 1939 2284 nostra,

516 2329 753 2436 positamque
774 2329 821 2406 de
841 2356 957 2404 manu
975 2328 1097 2406 nobili
1118 2329 1157 2405 in
1177 2355 1332 2404 manum
1357 2327 1584 2418 innobilem,
1612 2326 1756 2403 dictum
1776 2328 1940 2434 precium
2042 2407 2046 2416 ,

518 2460 619 2538 dicto
639 2459 799 2538 innobili
820 2460 1067 2551 reddidisset,
1088 2478 1126 2538 et
1140 2459 1251 2538 nobis
1265 2458 1392 2536 villam
1411 2459 1634 2566 predictam,
1652 2487 1738 2536 cum
1754 2460 1942 2565 pertinen·

517 2593 583 2669 ciis
602 2592 698 2681 suis,
720 2592 845 2670 adhuc
864 2592 1023 2670 durante
1045 2592 1146 2670 dicto
1166 2592 1448 2700 quinquennio,
1466 2591 1701 2700 applicasset,
1717 2590 1821 2668 idem
1837 2591 1941 2668 miles

516 2721 613 2800 inlra
640 2724 782 2801 dictum
811 2723 1117 2831 quinquennium
1147 2724 1317 2828 predicto
1347 2724 1551 2802 senescallo
1576 2741 1704 2800 nostro
1732 2722 1939 2829 predictum

515 2854 685 2961 precium
701 2872 959 2960 competenter
970 2884 1040 2962 pro
1057 2854 1408 2962 predictisvcnditis
1422 2855 1648 2933 rehabendis
1661 2853 1816 2943 obtulit,
1834 2871 1940 2962 prout

518 3004 746 3064 conventum
765 2986 886 3063 luerat
902 2987 999 3062 inter
1015 2986 1205 3093 predictos
1222 2986 1383 3063 militem
1400 3005 1437 3064 et
1456 3003 1685 3094 emptorem,
1701 2987 1875 3092 predicto
1889 3015 1939 3064 se·

517 3115 681 3194 nescallo
702 3134 832 3194 nostro
851 3117 1032 3222 premissa
1051 3116 1171 3194 facere
1191 3134 1404 3207 recusante,
1421 3119 1531 3197 nobis
1548 3117 1799 3226 supplicatum
1815 3117 1939 3195 luisset

516 3247 623 3355 quod
641 3276 756 3357 super
767 3247 958 3355 premissis
973 3247 1181 3326 laceremus
1198 3249 1339 3357 inquiri
1355 3251 1570 3338 veritatem,
1588 3265 1626 3326 et
1640 3251 1722 3358 ejus
1737 3249 1939 3326 laceremus

516 3398 730 3488 requestam
743 3380 791 3458 de
806 3381 1075 3488 recuperandis
1091 3381 1291 3488 predictis:
1308 3382 1499 3472 Tandem,
1517 3410 1630 3488 super
1644 3382 1837 3489 premissis
1852 3382 1938 3458 lacta

514 3511 686 3618 inquesta
712 3511 761 3588 de
781 3512 958 3590 mandato
977 3529 1123 3604 nostro,
1145 3511 1284 3592 vocatis
1304 3530 1546 3620 procuratore
1567 3530 1696 3591 nostro
1717 3530 1756 3590 et
1774 3514 1937 3621 predicto

514 3644 655 3732 milite,
678 3644 817 3721 auditis
836 3645 1055 3752 propositis,
1078 3672 1122 3720 ex
1142 3662 1246 3751 parte
1266 3645 1527 3752 predictorum
1551 3645 1803 3752 procuratoris
1825 3643 1937 3724 nostri

516 3792 554 3852 et
573 3775 725 3864 militis,
742 3775 818 3851 visa
833 3793 872 3852 et
887 3776 1089 3884 diligenter
1103 3777 1311 3854 examinata
1330 3778 1504 3883 inquesta
1519 3761 1704 3883 predicta,
1719 3777 1807 3854 visis
1825 3778 1935 3855 eciam

515 3905 651 3982 litteris
677 3923 715 3982 et
737 3906 998 3984 instrumentis
1017 3906 1107 3985 hinc
1126 3909 1216 3986 inde
1242 3907 1452 4014 productis,
1479 3936 1547 4015 per
1566 3909 1669 3986 curie
1689 3925 1817 3986 nostre
1839 3907 1937 4017 judi·

516 4035 634 4124 cium,
660 4035 784 4114 dictus
806 4056 1027 4143 procurator
1050 4056 1178 4117 noster
1203 4069 1223 4116 a
1247 4039 1426 4146 predictis
1451 4068 1519 4148 per
1547 4039 1709 4117 militem
1727 4039 1935 4147 predictum

513 4166 716 4273 'propositis
731 4184 769 4243 et
787 4168 915 4274 petitis
931 4167 1005 4245 fuit
1022 4170 1302 4248 sentencialiter
1316 4170 1525 4249 absolutus.

570 4298 670 4374 Jovis
688 4315 775 4405 post
793 4300 1223 4380 Sanctam-Trinitatem.

571 4430 621 4509 M.
639 4430 865 4537 Pasquerius
882 4434 1095 4541 reportavit.

570 4691 681 4771 LXIV
685 4753 693 4768 .
723 4693 881 4802 Propter
893 4696 1176 4775 excusacionem
1192 4697 1338 4786 domini
1354 4698 1401 4776 de
1414 4700 1607 4810 Maignaco
1623 4717 1662 4778 et
1673 4697 1843 4777 liliorum
1857 4724 1935 4776 suo-

515 4850 616 4910 rum,
643 4823 814 4931 inquesta
833 4825 928 4903 lacta
951 4829 1048 4905 inter
1067 4830 1169 4936 ipsos
1194 4848 1231 4907 et
1255 4831 1431 4910 abbatem
1451 4849 1489 4909 et
1509 4833 1716 4941 capitulum
1735 4835 1934 4911 Dauraten-

514 4978 588 5044 ses,
610 4952 681 5030 suit
704 4984 772 5062 per
794 4957 936 5035 curiam
956 4960 1139 5050 anullata,
1161 4978 1198 5040 et
1223 4963 1355 5041 iterato
1380 4962 1550 5042 facienda
1570 4983 1642 5052 est,
1668 4980 1781 5072 prout
1803 4964 1843 5040 in
1864 4960 1932 5038 fine

513 5084 630 5162 rotuli
650 5085 764 5196 hujus
782 5087 1006 5196 parlamenti
1020 5092 1177 5199 ,plenius
1197 5095 1421 5174 continetur.
