4450 6209
728 755 990 862 snocnrss
1015 772 1080 842 nr
1106 750 1311 844 Psonis.
1681 770 1728 843 as

304 912 556 993 inventarium
570 885 624 989 'de
645 911 809 1003 eisdem;
829 914 1010 1021 qtiodque
1027 940 1188 1019 persona
1207 911 1299 989 dicti
1318 910 1473 989 Arnaldi
1493 910 1671 1017 capiatur,
1693 928 1730 987 et
1769 919 1897 975 sanim
1911 920 1956 985 tv,

301 1046 342 1122 in
365 1043 531 1151 prisione
550 1058 676 1120 nostra
694 1060 868 1121 teneatur
878 1043 1010 1121 donec
1036 1070 1150 1151 super
1170 1043 1244 1120 hiis
1263 1043 1314 1119 ad.
1336 1042 1537 1121 amendam
1554 1040 1731 1148 pecunia-
1830 1012 1893 1055 lm

302 1176 398 1252 riam
419 1172 642 1250 duxerimus
662 1173 929 1252 ordinandum.
951 1174 1051 1252 Jovis
1068 1192 1155 1280 post
1174 1172 1285 1252 Oculi
1304 1174 1391 1249 mei.

359 1309 469 1382 Facta
488 1321 546 1382 est
564 1304 689 1381 littera
712 1305 921 1411 snper-hoc
941 1305 992 1381 ad
1010 1303 1256 1383 senescallum
1282 1301 1535 1409 Agauenssm,
1563 1319 1600 1379 et
1627 1302 1731 1407 quod

303 1437 485 1517 rescribat
502 1435 698 1513 veritatem
718 1436 768 1512 de
784 1435 979 1513 bonorum
997 1435 1123 1513 valore
1145 1450 1186 1511 et
1202 1436 1241 1511 in
1258 1434 1400 1539 quibus
1419 1431 1634 1511 consistant.

353 1700 469 1780 XLV.
501 1698 682 1804 Compar
698 1714 834 1805 gentes
847 1700 1009 1785 nostras,
1023 1694 1221 1801 deputatas
1244 1694 1293 1771 ad
1310 1694 1583 1801 inquirendum
1605 1711 1734 1771 contra

305 1858 373 1907 eos
390 1829 458 1935 qui
476 1828 599 1918 lanas,
621 1845 707 1934 post
733 1844 773 1907 et
797 1844 928 1905 coam
947 1825 1142 1905 defensam
1162 1842 1349 1917 omnam,
1366 1841 1612 1931 portaverunt
1635 1842 1735 1901 extra

303 1988 484 2067 regnum,
513 1960 626 2065 Hugo
647 1956 815 2036 -Ginsudi
843 1957 976 2035 suisset
1006 1957 1046 2033 in
1075 1956 1237 2035 emenda
1265 1972 1521 2033 trecentarum
1550 1953 1733 2038 librarum

305 2088 922 2194 Turonensiumcondcmpnatus,
934 2104 977 2164 et
990 2088 1069 2194 ipse
1085 2086 1373 2195 abhujusmodi
1387 2084 1734 2190 umdempnasione

306 2218 356 2297 ad
384 2236 552 2298 nostram
574 2218 721 2298 sariam
750 2218 1002 2326 appellasset:
1019 2219 1210 2307 Tandem,
1235 2218 1322 2297 visis
1350 2215 1589 2323 processibus
1621 2243 1735 2321 super

306 2353 381 2429 bec
394 2350 535 2429 habitis
546 2366 586 2427 et
599 2350 991 2474 inqueetasnporzhoc
1003 2349 1114 2439 hsta,
1127 2350 1252 2427 dictus
1263 2351 1473 2457 Hugo,per
1486 2348 1590 2425 curie
1606 2364 1733 2425 nostro

302 2480 513 2589 judicium,
535 2481 608 2559 fuit
630 2482 902 2589 sprestacione
923 2476 1023 2557 dicte
1042 2481 1206 2558 emenda
1226 2476 1505 2557 sentencialiter
1523 2474 1745 2553 absolutus·

365 2613 471 2691 Lune
488 2630 577 2719 post
595 2629 766 2691 maura
785 2610 1025 2718 Gregorium.

364 2876 490 2954 XLVI.
521 2875 619 2953 Cum
642 2876 773 2967 datum
800 2874 915 2951 luerit
940 2871 1052 2951 nobis
1071 2869 1234 2980 intelligi
1253 2869 1481 2949 Durandum
1508 2868 1736 2947 Maillardia

309 3007 484 3085 iohanne
504 3008 551 3084 de
575 3006 819 3114 Managliers,
841 3006 1036 3113 quondam
1056 3002 1265 3081 senescallo
1285 3018 1416 3081 nostm
1436 3000 1669 3111 Agennensi‚
1693 3028 1736 3076 ex

308 3166 419 3215 causa
448 3136 683 3227 donacionis,
713 3136 921 3215 obtinuisse
952 3134 1158 3241 quamdam
1186 3133 1362 3224 domum,
1395 3133 1504 3211 sitam
1525 3132 1565 3208 in
1589 3130 1737 3207 bastida

308 3267 633 3373 Regalis-Montis,
649 3296 800 3345 necnon
821 3283 861 3343 et
880 3284 998 3343 terras
1017 3264 1305 3371 quasdamcunt
1324 3288 1454 3344 enum
1475 3262 1733 3369 pertinenciis,

309 3398 401 3506 sitas
418 3399 458 3477 in
476 3396 708 3507 Αςθιιηεείο,
728 3413 804 3504 que
832 3396 981 3476 lassant
1008 3394 1193 3475 lobannis
1212 3395 1261 3471 de
1285 3394 1519 3483 fiand-vere,
1542 3392 1735 3498 quondam

308 3528 536 3609 thesaurarii
546 3528 645 3635 rsg'e
659 3528 793 3635 Anglis
809 3528 853 3606 in
864 3526 1095 3634 Apennesio,
1110 3524 1227 3604 nobis
1235 3525 1400 3604 incursas
1417 3540 1455 3601 et
1474 3518 1737 3604 confirmacio-

309 3690 401 3755 nem
412 3659 745 3744 dictedonacionis
756 3658 907 3740 anobis
919 3656 1145 3746 obtinuisse,
1162 3684 1307 3763 noque
1324 3655 1366 3739 iu
1381 3653 1592 3736 donacione
1605 3669 1644 3731 st
1653 3679 1738 3730 coss

311 3792 530 3875 firmacione
554 3791 777 3900 hujusmodi
793 3792 974 3897 deceptas
982 3788 1195 3895 plurimum
1210 3815 1252 3866 ac
1267 3786 1475 3869 enormiter
1489 3784 1589 3872 lesos
1607 3782 1734 3873 luisse,

311 3939 426 4029 super
443 3922 801 4031 premissis'inquiri-
817 3920 1085 4003 mandavimus·
1099 3919 1299 4027 diligenter
1319 3949 1327 3998 s
1347 3917 1437 3999 Visa
1462 3917 1634 4021 inquesta
1653 3942 1738 4021 pre·

314 4052 414 4135 dicta
432 4069 472 4132 et
490 4054 695 4163 diligenter
712 4054 898 4159 inspecta.
914 4050 1080 4135 donans
1101 4050 1270 4156 predicta
1297 4066 1335 4131 ct
1361 4046 1547 4154 quicquid
1574 4074 1617 4122 ex
1638 4074 1682 4122 ea
1701 4060 1739 4123 et

313 4182 365 4263 ob
385 4213 468 4265 eam
487 4210 556 4265 seu
575 4186 659 4293 ejus
678 4186 872 4265 occasione
898 4201 1072 4268 secutam
1091 4200 1254 4288 suppar
1270 4181 1385 4261 curie
1393 4197 1523 4263 nostre
1530 4176 1736 4285 judicium,

315 4316 437 4402 extitit
455 4330 640 4405 revocata,
657 4300 861 4396 irritatasc
879 4313 1201 4403 eciamanullsta,
1220 4314 1416 4417 dictusque
1432 4308 1636 4391 Durandus
1656 4334 1741 4385 con-

315 4446 546 4555 dempnatus
561 4448 611 4525 ad
629 4437 1641 4554 resauciensn.fnuctuum,quosdsbons-predicar
1661 4460 1741 4543 per-

316 4578 417 4685 cepit
428 4608 457 4659 a
473 4596 647 4686 tempore
661 4606 745 4686 quo.
762 4580 847 4685 ipse
855 4576 963 4658 scivit
980 4592 1047 4659 aut
1064 4574 1307 4680 sciretpotait
1324 4570 1603 4651 revooasionem
1625 4596 1741 4676 quarn
1881 4652 1892 4665 .

316 4708 421 4790 idern
436 4712 646 4804 lohannes,
666 4727 759 4789 tune
784 4710 915 4793 adbuc.
934 4704 1162 4797 senescallus
1182 4720 1311 4785 nostes
1329 4700 1488 4787 indicta
1507 4698 1738 4790 senescatis,

317 4838 406 4921 lecit
424 4841 472 4921 de
492 4840 702 4921 donacione
723 4838 976 4945 predictaoea
993 4834 1135 4944 quibus
1156 4851 1283 4917 umes
1311 4830 1641 4918 suntdednoende
1662 4857 1742 4905 me-

318 4970 540 5052 lioraciones
557 5001 650 5080 quas
668 4970 759 5049 lesit
777 4970 818 5047 in
836 4941 949 5049 bcinis
967 4965 1146 5073 predictis
1163 4982 1355 5047 etoeasus
1369 4993 1412 5043 ac
1430 4962 1650 5045 redesancie
1670 4959 1742 5039 alie

318 5129 426 5209 quas.
445 5131 517 5209 pm
534 5102 649 5182 bonis
667 5101 864 5210 prodistis,
885 5128 1008 5206 uque
1033 5126 1136 5214 nunc
1159 5095 1271 5177 solvit
1288 5097 1391 5177 idem
1410 5093 1625 5175 Durandus.

1564 5267 1592 5327 5.
