4450 6209
488 705 561 778 708
1001 697 1008 712 ’
1066 701 1156 774 LES
1186 700 1326 774 OLIM.

263 851 448 914 rnnmtu
485 821 1900 948 PetrusassumpsitdictumGoyssinurnpervertes,propeguttura,etdixit,

323 945 387 988 Μ’
487 975 611 1052 ·Estis
631 1003 695 1054 vos
715 973 891 1051 dominus
907 972 1012 1049 istius
1030 972 1189 1050 domus?
1203 1009 1216 1040 ι
1232 989 1271 1048 et
1287 971 1351 1048 ille
1366 971 1578 1078 respondit,
1592 1009 1604 1040 ι
1619 972 1689 1059 lta,
1704 970 1872 1061 domine3
1888 1011 1900 1037 ·

487 1107 583 1182 etin
608 1105 815 1183 continenti
838 1104 961 1180 dictus
980 1104 1111 1180 Petrus
1134 1103 1182 1180 de
1202 1103 1367 1209 quodam
1385 1131 1524 1211 magno
1541 1101 1678 1182 baculo
1697 1129 1766 1179 seu
1789 1101 1901 1179 macia

487 1236 631 1314 dictum
641 1233 844 1314 Goesinum
861 1234 912 1311 ita
924 1233 1097 1312 atrociter
1111 1234 1151 1310 in
1164 1233 1283 1338 capite
1295 1232 1477 1338 percussit
1491 1232 1650 1338 pluries,
1665 1231 1771 1337 quod
1785 1232 1903 1337 ipsum

487 1367 689 1446 Gossinum
707 1365 812 1473 quasi
826 1381 1019 1443 mortuum
1031 1365 1128 1441 inter
1140 1365 1258 1472 pedes
1266 1391 1453 1472 equorum
1464 1391 1619 1442 suorum
1633 1363 1803 1469 reliquit3
1817 1391 1903 1468 quas

489 1498 643 1604 injurias
658 1514 697 1574 et
710 1496 994 1574 vulneraciones
1009 1495 1193 1572 noluisset
1204 1494 1381 1573 habuisse
1399 1494 1522 1572 dictus
1536 1494 1740 1582 Goseinus,
1759 1510 1803 1570 ut
1814 1491 1906 1569 dice

486 1628 565 1720 bat,
580 1656 649 1734 pro
669 1626 841 1704 ducentis
852 1626 1014 1702 marchis
1026 1624 1187 1732 argenti;
1204 1653 1319 1731 quare
1331 1625 1484 1731 petebat
1497 1625 1640 1703 dictum
1653 1624 1808 1700 Petrum
1823 1651 1906 1699 oon-

488 1757 683 1864 dempnari
700 1755 769 1834 sibi
783 1755 821 1833 in
840 1755 949 1833 dictis
965 1733 1136 1832 dueentis
1154 1753 1334 1847 marchis,
1346 1783 1421 1832 una
1433 1784 1520 1832 cum
1530 1771 1684 1832 centum
1701 1752 1826 1842 libris,
1840 1781 1904 1858 pm

490 1888 663 1994 dampnis
682 1905 719 1964 et
742 1887 911 1994 expensis
932 1886 1027 1976 suis,
1044 1885 1234 1962 taxacione
1244 1885 1386 1992 judicis
1404 1885 1646 1991 precedente3
1663 1883 1728 1990 qui
1748 1885 1906 1988 preposi-

489 2036 567 2108 tus,
586 2017 725 2095 auditis
739 2015 952 2094 racionibus
966 2017 1163 2122 utriusque
1177 2016 1308 2123 partis,
1328 2015 1470 2092 dictum
1484 2017 1636 2093 Petrum
1650 2014 1699 2091 ad
1713 2013 1905 2090 emendan-

485 2123 582 2225 dum
602 2148 718 2225 dictas
733 2148 887 2255 injurias
902 2147 971 2254 ipsi
985 2146 1145 2226 Gossino
1161 2145 1464 2252 condempnavit,
1480 2161 1624 2224 retenta
1638 2144 1711 2223 sibi
1726 2162 1904 2252 potestate

490 2279 637 2356 taxandi
655 2279 772 2356 dictas
794 2278 983 2370 emendas,
1002 2295 1077 2354 tam
1094 2303 1164 2382 pro
1185 2294 1288 2382 parte
1308 2277 1386 2355 lesa
1398 2305 1512 2384 quam
1526 2305 1596 2383 pro
1615 2276 1746 2366 nobis;
1759 2293 1797 2354 et
1810 2293 1905 2383 post·

489 2410 662 2498 modum,
677 2438 745 2515 per
760 2409 906 2516 aliquos
920 2408 1016 2498 dies,
1035 2408 1159 2484 dictus
1177 2406 1358 2485 Gossinus
1376 2407 1546 2514 predicto
1560 2407 1750 2514 preposito
1771 2407 1908 2513 suppli-

490 2539 583 2616 cavit
602 2557 645 2617 ut
662 2539 710 2616 ad
728 2539 960 2616 taracionem
982 2537 1143 2615 emende
1159 2538 1327 2642 predicte
1346 2539 1581 2644 procederet,
1603 2537 1727 2643 previa
1743 2538 1904 2624 racione,

491 2668 613 2746 dictus
624 2697 712 2748 vero
730 2670 941 2776 prepositus
955 2668 1161 2776 predictam
1179 2670 1378 2746 emendam
1393 2670 1443 2746 ad
1454 2669 1586 2748 decem
1600 2667 1714 2746 libras
1734 2669 1909 2745 Parisien-

491 2828 549 2876 ses
563 2799 759 2878 solvendas
772 2801 844 2908 ipsi
860 2798 1038 2888 Gossino,
1057 2828 1126 2906 pro
1141 2797 1290 2906 injuriis
1308 2816 1346 2877 et
1367 2798 1693 2877 vulneracionibus
1715 2799 1904 2907 predictis,

491 2931 638 3020 taxavit3
651 2959 671 3006 a
685 2959 759 3036 qua
771 2930 977 3018 taracione,
992 2947 1204 3038 tanquama
1220 2930 1384 3018 modica,
1396 2931 1498 3009 idem
1514 2930 1696 3009 Gossinus
1708 2930 1756 3006 ad
1769 2930 1906 3007 curiam

492 3075 657 3136 nostram
673 3059 871 3165 appellavit
889 3089 898 3136 ε
916 3058 1064 3137 Auditis
1076 3059 1191 3167 igitur
1203 3060 1312 3138 dictis
1328 3061 1498 3166 partibus
1512 3061 1551 3137 in
1566 3087 1675 3139 causa
1687 3058 1907 3166 appellacio·

492 3189 550 3266 nis
571 3190 740 3296 predicte
768 3207 807 3268 et
833 3189 912 3268 viso
935 3217 1111 3296 processu
1133 3191 1320 3297 predicto,
1343 3219 1411 3298 per
1423 3191 1612 3300 judicium
1632 3191 1734 3268 curie
1760 3208 1904 3277 nostre,

491 3319 635 3398 dictum
656 3319 726 3398 luit
742 3321 880 3398 dictam
899 3321 1130 3397 taxacionem
1150 3321 1308 3426 predicti
1327 3321 1508 3428 prepositi
1528 3321 1715 3399 modicam
1729 3320 1857 3408 luisse,
1873 3339 1907 3397 et

491 3467 644 3556 propter
660 3452 733 3528 hoc
746 3451 889 3528 dictum
906 3451 1108 3530 Gossinum
1123 3452 1221 3528 bene
1235 3450 1458 3556 appellasse,
1476 3468 1513 3528 et
1524 3452 1657 3528 taxavit
1668 3451 1772 3528 curin
1787 3467 1907 3528 nostra

493 3579 630 3657 dictam
650 3581 867 3673 emendam,
890 3599 1076 3690 quantum
1100 3580 1148 3657 ad
1170 3580 1334 3658 eundem
1355 3581 1574 3670 Gossinum,
1595 3610 1665 3687 pro
1684 3581 1796 3658 dictis
1815 3581 1907 3688 inju-

491 3709 556 3786 riis
569 3711 661 3800 suis,
684 3710 731 3787 ad
744 3711 874 3818 viginti
890 3711 1003 3789 libras
1017 3711 1258 3804 Parisienses,
1278 3730 1329 3802 et,
1347 3729 1531 3819 quantum
1546 3711 1594 3789 ad
1612 3711 1812 3789 emendam
1827 3738 1907 3787 nos·

494 3859 606 3928 tram,
625 3841 726 3917 curia
741 3858 883 3934 nostra,
905 3842 952 3918 de
969 3840 1159 3930 voluntate
1172 3859 1317 3932 nostra,
1332 3843 1487 3948 privavit
1504 3842 1669 3920 eundem
1680 3843 1850 3934 Petrum,
1870 3842 1906 3916 in

493 3981 729 4072 perpetuum,
742 3969 789 4045 ab
803 3970 906 4044 omni
922 3968 1077 4046 servicio
1094 3986 1131 4045 et
1146 3969 1269 4047 officio
1286 3989 1428 4062 nostro,
1444 3989 1482 4048 et
1499 3971 1666 4079 precepit
1683 3972 1805 4078 quod,
1824 4000 1906 4047 cum

495 4100 582 4189 hoc,
605 4098 707 4174 idem
726 4101 859 4176 Petrus
877 4115 1019 4188 teneat,
1040 4129 1082 4176 ex
1101 4130 1203 4177 nunc
1223 4130 1343 4208 nsque
1363 4103 1412 4178 ad
1430 4131 1548 4179 unum
1566 4131 1704 4180 annum
1724 4103 1907 4209 integrum
1988 4116 1991 4123 ’

493 4245 531 4304 et
551 4228 797 4335 completum,
813 4227 1016 4334 prisionem
1035 4229 1074 4304 in
1087 4229 1286 4308 Castelleto
1299 4250 1427 4309 nostro
1440 4231 1653 4320 Parisiensi,
1666 4232 1723 4310 vel
1738 4231 1828 4308 alibi
1845 4232 1906 4308 ubi

494 4359 602 4437 nobis
619 4377 684 4436 aut
703 4360 803 4436 curie
825 4377 951 4438 nostre
972 4361 1169 4467 placuerit,
1186 4361 1326 4468 absquo
1345 4363 1622 4440 deliberacione
1642 4362 1700 4440 vel
1714 4363 1908 4440 recreder-

494 4490 548 4566 eia
568 4490 692 4596 aliqua
712 4520 824 4597 super
837 4491 910 4568 hoc
932 4491 1112 4568 facienda.

549 4621 653 4696 Lune
674 4637 758 4727 post
778 4619 1035 4728 Magdalenam
1056 4621 1128 4697 luit
1141 4624 1449 4729 pronunciatum
1466 4625 1533 4701 sed
1551 4623 1820 4701 concordatum
1832 4621 1909 4698 sue-

401 4775 409 4792 ¹
493 4766 549 4824 rat
561 4749 661 4855 apud
672 4751 901 4828 Pontisaram
922 4779 1047 4829 coram
1061 4753 1217 4830 domino
1233 4756 1347 4861 Rege,
1367 4755 1524 4832 durante
1536 4754 1785 4859 parlamento,
1804 4752 1906 4829 sicut.

550 4880 588 4954 P.
611 4879 658 4955 de
674 4880 767 4987 Dyci
787 4882 998 4986 reportavit.
