4450 6209
775 669 1042 777 rvoutrss
1069 684 1133 758 nr
1160 667 1366 760 raucas.
1708 690 1780 761 aar

362 825 414 902 sic
427 823 683 916 vulneratum,
695 829 800 934 quasi
815 845 1008 906 mortuum
1023 827 1228 934 reliquerat
1240 828 1279 904 in
1294 826 1418 932 platea
1432 827 1522 904 dicti
1539 829 1665 915 castri,
1679 830 1782 907 unde
1821 841 1951 895 Parrum
1963 837 2008 902 lv,

360 956 513 1060 petebat
544 957 666 1036 dictus
689 959 798 1036 miles
823 959 893 1036 sibi
921 987 1035 1066 super
1059 959 1133 1036 hoc
1160 960 1208 1037 de
1235 975 1474 1065 competente
1496 959 1668 1036 remedio
1694 989 1784 1066 pro·
1883 931 1946 973 Μ’

360 1088 501 1166 viderit
521 1088 692 1166 Tandem
713 1090 901 1198 inquesta,
926 1089 1066 1168 vocatis
1090 1089 1278 1196 partibus,
1303 1089 1399 1167 lacta
1424 1116 1538 1196 super
1560 1090 1649 1182 boc,
1675 1089 1785 1168 nobis

362 1236 544 1324 asportata
560 1236 613 1308 et,
632 1219 679 1296 de
695 1220 845 1328 speciali
862 1221 1040 1298 mandato
1061 1233 1206 1309 nostro,
1222 1247 1539 1327 quamquamnon
1553 1236 1651 1300 esset
1664 1219 1786 1327 parla-

362 1367 546 1441 mentum,
567 1350 703 1426 tradita
724 1352 771 1427 ad
790 1351 997 1429 videndum
1014 1368 1052 1428 et
1061 1350 1331 1460 judicandum,
1348 1380 1390 1428 ac
1410 1379 1453 1428 ea
1471 1379 1540 1458 per
1553 1351 1786 1430 consiliarios

360 1497 510 1558 nostros
527 1480 603 1558 visa
624 1498 662 1560 et
681 1481 881 1591 diligenter
899 1483 1126 1575 examinata,
1147 1481 1316 1588 iactaque
1333 1511 1458 1560 coram
1472 1483 1584 1560 nobis
1598 1482 1785 1590 relacione

362 1610 410 1688 de
421 1610 516 1718 ipsa,
533 1639 602 1718 per
614 1612 717 1690 curie
727 1629 855 1692 nostre
865 1613 1070 1720 judicium,
1087 1613 1210 1690 dictus
1225 1613 1386 1721 armiger
1400 1613 1700 1719 condempnatus
1713 1612 1786 1689 luit

360 1741 409 1818 ad
422 1743 660 1821 reddendum
677 1743 802 1820 eidem
821 1743 933 1821 militi
949 1745 1175 1851 quingentas
1186 1742 1301 1822 libras
1315 1746 1557 1822 Turonenses
1568 1771 1639 1850 pro
1652 1771 1720 1822 sna
1733 1744 1787 1820 in·

354 1874 465 1980 juria,
485 1891 522 1950 et
541 1874 613 1951 fuit
628 1874 772 1951 dictum
793 1875 949 1980 insuper
967 1874 1073 1982 quod
1089 1873 1190 1951 idem
1211 1872 1326 1951 miles
1342 1873 1718 1980 quittusremanebit
1737 1875 1784 1951 de

360 2003 531 2080 ducentis
550 2005 709 2083 librisin
725 1993 866 2111 quibus
879 2005 959 2112 ipse
976 2005 1100 2082 eidem
1113 2005 1299 2111 armigero
1310 2006 1524 2094 tenebatur,
1542 2033 1612 2111 per
1625 2033 1806 2084 conven-⁴

360 2135 486 2211 cinnes
509 2135 610 2240 pacis
632 2134 778 2213 dudum
801 2136 899 2212 inter
919 2164 983 2214 eos
1002 2135 1225 2226 reformate,
1246 2163 1395 2213 necnon
1417 2136 1523 2241 quod
1545 2135 1620 2212 alta
1633 2136 1786 2243 justicia

360 2266 468 2341 castri
490 2264 537 2342 de
557 2264 698 2354 Arena,
720 2295 795 2372 que
816 2283 895 2343 erat
914 2267 1004 2344 dicti
1017 2266 1210 2373 armigeri,
1232 2267 1326 2343 etin
1346 2295 1421 2372 qua
1437 2264 1619 2342 delictum
1636 2269 1787 2344 commi-

360 2412 458 2471 serat
476 2396 726 2485 antedictum,
746 2396 856 2476 nobis
876 2414 914 2474 et
932 2397 1068 2476 nostris
1089 2396 1368 2475 successoribus
1383 2395 1582 2474 confiscata
1600 2413 1785 2503 perpetuo

360 2527 586 2614 remanebit,
605 2544 643 2604 et
662 2557 747 2605 cum
769 2527 842 2606 hoc
861 2528 972 2606 nobis
987 2527 1106 2605 solvet
1124 2527 1229 2604 idem
1248 2527 1411 2634 armiger
1428 2527 1652 2636 quingentas
1672 2527 1786 2606 libras

361 2659 603 2737 Turonenses
622 2682 690 2765 pro
711 2660 871 2737 emenda
887 2659 1016 2738 delicti
1037 2659 1252 2766 supradicti.

416 2789 551 2870 Actum
565 2791 745 2879 Parisius,
771 2791 832 2870 die
853 2792 997 2869 decima
1021 2809 1121 2870 sexta
1140 2790 1380 2897 septembris,
1402 2818 1501 2870 anno
1520 2792 1785 2869 trecentesimo

359 2921 573 3001 undecimo.

413 3055 484 3131 Per
503 3054 664 3144 curiam,
679 3054 728 3132 de
746 3055 927 3132 mandato
944 3057 1089 3134 domini
1111 3057 1233 3163 Regis.
1358 3085 1361 3091 ·

416 3185 565 3290 Crepon
580 3186 784 3291 reportavit
798 3204 836 3263 et
859 3185 983 3263 adhuc
997 3187 1112 3264 habet
1130 3188 1355 3294 inquestam.

415 3446 473 3522 Ill.
505 3446 588 3523 Lite
601 3464 717 3538 mota,
736 3473 861 3525 coram
874 3448 1051 3554 magistro
1067 3446 1264 3526 Clemente
1279 3446 1327 3523 dc
1342 3447 1513 3539 Fraxino,
1529 3445 1784 3525 commissario

362 3605 428 3682 per
448 3578 590 3654 curiam
610 3595 778 3656 nostram
799 3579 902 3668 dato,
924 3579 1024 3656 inter
1042 3595 1202 3672 tutores,
1224 3595 1402 3683 cognatos
1422 3593 1461 3653 et
1482 3576 1621 3653 amicos
1640 3576 1786 3656 Guille·

359 3709 450 3785 meti
465 3708 513 3785 de
524 3710 721 3801 Lauduno,
738 3707 1416 3802 dominiAncelleti,nominetutorio
1430 3706 1610 3814 ejusdem,
1624 3725 1785 3812 exparte

359 3867 452 3928 una,
473 3855 511 3916 et
529 3857 755 3918 mercatores
770 3856 808 3920 et
828 3841 949 3919 socios
966 3842 1013 3919 de
1033 3840 1210 3919 societate
1226 3839 1511 3917 tholoineorum
1531 3839 1579 3916 de
1595 3837 1720 3930 Senis,
1742 3868 1786 3916 ex

361 3968 490 4060 altera,
509 3985 682 4076 supereo
703 3970 809 4077 quod
825 3972 982 4076 predicti
1002 3989 1165 4065 tutores,
1181 3971 1341 4077 proximi
1359 3989 1398 4048 et
1415 3969 1524 4047 amici
1542 3967 1630 4046 dicti
1648 3969 1784 4076 pupilli

359 4101 562 4208 quamdam
575 4102 856 4190 vendicionem,
870 4131 962 4208 que,
976 4104 1023 4180 de
1037 4103 1250 4180 redditibus
1263 4102 1353 4179 dicti
1365 4101 1439 4209 loci
1454 4098 1656 4189 Ancelleti,
1671 4101 1786 4208 perti-

360 4232 539 4310 nentibus
552 4233 601 4309 ad
618 4232 760 4310 dictum
777 4232 988 4339 pupillum,
1007 4262 1075 4341 per
1089 4233 1242 4311 eosdem
1257 4249 1421 4320 tutores,
1442 4259 1563 4337 usque
1578 4230 1627 4307 ad
1640 4231 1785 4308 tresde-

361 4365 432 4441 cim
455 4392 572 4442 annos
592 4366 805 4453 continuos,
834 4364 1011 4470 predictis
1030 4361 1300 4471 mercatoribus
1323 4361 1517 4439 dicebatur
1534 4359 1628 4436 facta
1650 4358 1780 4451 finisse,

359 4493 552 4599 petebant,
566 4512 758 4601 tamquam
772 4495 900 4572 minus
914 4496 1086 4601 provide,
1100 4511 1139 4572 et
1150 4493 1412 4600 solempnitate
1419 4492 1517 4600 juris
1527 4491 1781 4598 pretermissa,

238 4611 242 4618 ¹
361 4625 545 4718 habitam,
579 4627 818 4733 pronunciari
848 4627 961 4705 firisse
985 4625 1150 4716 nullam;
1185 4627 1258 4704 hoc
1285 4625 1432 4733 adjecto
1457 4623 1579 4730 quod,
1603 4621 1635 4700 si
1663 4623 1785 4701 dictus

361 4773 572 4835 contractus
597 4757 830 4836 vendicionis
851 4759 978 4866 aliquo
999 4757 1117 4836 modo
1138 4757 1320 4846 tenuerit,
1351 4783 1438 4833 cum
1466 4754 1589 4831 dictans
1617 4753 1785 4862 pupillus

362 4887 566 4965 enormiter
578 4889 677 4966 lesus
694 4889 860 4967 fueritin
873 4889 1096 4967 vendicione
1116 4889 1299 4995 predicta,
1319 4888 1390 4995 ipsi
1405 4885 1600 4995 petebant,
1618 4886 1659 4962 in
1674 4883 1783 4961 illum

363 5034 555 5108 eventum,
573 5019 714 5098 dictum
734 5020 923 5128 pupillum
937 5021 976 5098 in
990 5021 1180 5127 integrum
1195 5019 1341 5098 restitui
1357 5015 1535 5097 adversus
1551 5031 1782 5094 contractum

1627 5187 1676 5250 79·
