<?xml version="1.0" encoding="UTF-8"?>
<!DOCTYPE html PUBLIC "-//W3C//DTD XHTML 1.0 Transitional//EN"
    "http://www.w3.org/TR/xhtml1/DTD/xhtml1-transitional.dtd">
<html xmlns="http://www.w3.org/1999/xhtml" xml:lang="en" lang="en">
 <head>
  <title>
</title>
<meta http-equiv="Content-Type" content="text/html;charset=utf-8" />
  <meta name='ocr-system' content='tesseract 3.04.00' />
  <meta name='ocr-capabilities' content='ocr_page ocr_carea ocr_par ocr_line ocrx_word'/>
</head>
<body>
  <div class='ocr_page' id='page_1' title='image "./lesolimouregist00parigoog_0368.png"; bbox 0 0 4450 6209; ppageno 0'>
   <div class='ocr_carea' id='block_1_1' title="bbox 753 683 1759 826">
    <p class='ocr_par' dir='ltr' id='par_1_1' title="bbox 753 683 1759 826">
     <span class='ocr_line' id='line_1_1' title="bbox 753 683 1759 826; baseline 0.004 -16"><span class='ocrx_word' id='word_1_1' title='bbox 753 718 1023 826; x_wconf 78' lang='lat' dir='ltr'><strong>nuoudrss</strong></span> <span class='ocrx_word' id='word_1_2' title='bbox 1048 683 1112 812; x_wconf 75' lang='lat' dir='ltr'><strong>nr</strong></span> <span class='ocrx_word' id='word_1_3' title='bbox 1138 721 1342 814; x_wconf 73' lang='lat' dir='ltr'><strong>Procne.</strong></span> <span class='ocrx_word' id='word_1_4' title='bbox 1687 742 1759 816; x_wconf 78' lang='lat' dir='ltr'><strong>aec</strong></span> 
     </span>
    </p>
   </div>
   <div class='ocr_carea' id='block_1_2' title="bbox 337 876 1986 992">
    <p class='ocr_par' dir='ltr' id='par_1_2' title="bbox 337 876 1986 992">
     <span class='ocr_line' id='line_1_2' title="bbox 337 876 1986 992; baseline 0.004 -36"><span class='ocrx_word' id='word_1_5' title='bbox 337 876 500 965; x_wconf 74' lang='lat' dir='ltr'><strong>Albani,</strong></span> <span class='ocrx_word' id='word_1_6' title='bbox 515 878 659 983; x_wconf 87' lang='lat' dir='ltr'><strong>Syrnon</strong></span> <span class='ocrx_word' id='word_1_7' title='bbox 674 878 850 984; x_wconf 79' lang='lat' dir='ltr'><strong>spinelli,</strong></span> <span class='ocrx_word' id='word_1_8' title='bbox 861 897 1056 987; x_wconf 88' lang='lat' dir='ltr'><strong>tamquam</strong></span> <span class='ocrx_word' id='word_1_9' title='bbox 1070 880 1173 961; x_wconf 84' lang='lat' dir='ltr'><strong>filius</strong></span> <span class='ocrx_word' id='word_1_10' title='bbox 1187 900 1224 960; x_wconf 91' lang='lat' dir='ltr'><strong>et</strong></span> <span class='ocrx_word' id='word_1_11' title='bbox 1237 885 1348 962; x_wconf 88' lang='lat' dir='ltr'><strong>heres</strong></span> <span class='ocrx_word' id='word_1_12' title='bbox 1364 884 1539 992; x_wconf 73' lang='lat' dir='ltr'>spinelli,</span> <span class='ocrx_word' id='word_1_13' title='bbox 1556 885 1760 992; x_wconf 88' lang='lat' dir='ltr'><strong>patrissui,</strong></span> <span class='ocrx_word' id='word_1_14' title='bbox 1800 897 1929 951; x_wconf 70' lang='lat' dir='ltr'><strong>rernm</strong></span> <span class='ocrx_word' id='word_1_15' title='bbox 1942 897 1986 962; x_wconf 75' lang='lat' dir='ltr'><strong>lv.</strong></span> 
     </span>
    </p>
   </div>
   <div class='ocr_carea' id='block_1_3' title="bbox 337 1009 1762 1521">
    <p class='ocr_par' dir='ltr' id='par_1_3' title="bbox 337 1009 1762 1521">
     <span class='ocr_line' id='line_1_3' title="bbox 337 1009 1762 1125; baseline 0.004 -37"><span class='ocrx_word' id='word_1_16' title='bbox 337 1026 376 1088; x_wconf 89' lang='lat' dir='ltr'><strong>et</strong></span> <span class='ocrx_word' id='word_1_17' title='bbox 389 1009 554 1116; x_wconf 88' lang='lat' dir='ltr'><strong>Hugueti</strong></span> <span class='ocrx_word' id='word_1_18' title='bbox 571 1010 783 1116; x_wconf 85' lang='lat' dir='ltr'><strong>Symoneti,</strong></span> <span class='ocrx_word' id='word_1_19' title='bbox 795 1011 919 1118; x_wconf 86' lang='lat' dir='ltr'><strong>patrui</strong></span> <span class='ocrx_word' id='word_1_20' title='bbox 935 1013 1013 1103; x_wconf 90' lang='lat' dir='ltr'><strong>sui,</strong></span> <span class='ocrx_word' id='word_1_21' title='bbox 1031 1030 1069 1091; x_wconf 90' lang='lat' dir='ltr'><strong>et</strong></span> <span class='ocrx_word' id='word_1_22' title='bbox 1079 1015 1219 1093; x_wconf 89' lang='lat' dir='ltr'><strong>Bambe</strong></span> <span class='ocrx_word' id='word_1_23' title='bbox 1231 1017 1278 1094; x_wconf 92' lang='lat' dir='ltr'><strong>de</strong></span> <span class='ocrx_word' id='word_1_24' title='bbox 1290 1017 1431 1125; x_wconf 80' lang='lat' dir='ltr'><strong>burgo,</strong></span> <span class='ocrx_word' id='word_1_25' title='bbox 1448 1034 1641 1124; x_wconf 76' lang='lat' dir='ltr'><strong>tamquam</strong></span> <span class='ocrx_word' id='word_1_26' title='bbox 1659 1017 1762 1096; x_wconf 82' lang='lat' dir='ltr'><strong>[ilius</strong></span> 
     </span>
     <span class='ocr_line' id='line_1_4' title="bbox 337 1141 1759 1250; baseline 0.005 -32"><span class='ocrx_word' id='word_1_27' title='bbox 337 1158 375 1219; x_wconf 87' lang='lat' dir='ltr'><strong>et</strong></span> <span class='ocrx_word' id='word_1_28' title='bbox 393 1141 504 1219; x_wconf 89' lang='lat' dir='ltr'><strong>heres</strong></span> <span class='ocrx_word' id='word_1_29' title='bbox 515 1141 686 1250; x_wconf 86' lang='lat' dir='ltr'><strong>Hugonis</strong></span> <span class='ocrx_word' id='word_1_30' title='bbox 701 1142 750 1220; x_wconf 86' lang='lat' dir='ltr'><strong>de</strong></span> <span class='ocrx_word' id='word_1_31' title='bbox 765 1145 908 1250; x_wconf 89' lang='lat' dir='ltr'><strong>Burgo,</strong></span> <span class='ocrx_word' id='word_1_32' title='bbox 926 1144 992 1250; x_wconf 88' lang='lat' dir='ltr'><strong>qui</strong></span> <span class='ocrx_word' id='word_1_33' title='bbox 1007 1146 1136 1223; x_wconf 86' lang='lat' dir='ltr'><strong>Castre</strong></span> <span class='ocrx_word' id='word_1_34' title='bbox 1150 1146 1345 1235; x_wconf 82' lang='lat' dir='ltr'><strong>Gausredi‚</strong></span> <span class='ocrx_word' id='word_1_35' title='bbox 1361 1147 1581 1226; x_wconf 86' lang='lat' dir='ltr'><strong>Actavianus</strong></span> <span class='ocrx_word' id='word_1_36' title='bbox 1596 1149 1759 1235; x_wconf 72' lang='lat' dir='ltr'><strong>Atheni,</strong></span> 
     </span>
     <span class='ocr_line' id='line_1_5' title="bbox 337 1272 1762 1386; baseline 0.003 -34"><span class='ocrx_word' id='word_1_37' title='bbox 337 1272 467 1378; x_wconf 89' lang='lat' dir='ltr'><strong>Spinel</strong></span> <span class='ocrx_word' id='word_1_38' title='bbox 492 1288 531 1350; x_wconf 90' lang='lat' dir='ltr'><strong>et</strong></span> <span class='ocrx_word' id='word_1_39' title='bbox 555 1275 753 1380; x_wconf 89' lang='lat' dir='ltr'><strong>Huguetus</strong></span> <span class='ocrx_word' id='word_1_40' title='bbox 778 1274 991 1381; x_wconf 84' lang='lat' dir='ltr'><strong>Symoneti,</strong></span> <span class='ocrx_word' id='word_1_41' title='bbox 1014 1293 1052 1352; x_wconf 89' lang='lat' dir='ltr'><strong>et</strong></span> <span class='ocrx_word' id='word_1_42' title='bbox 1076 1278 1185 1384; x_wconf 90' lang='lat' dir='ltr'><strong>Hugo</strong></span> <span class='ocrx_word' id='word_1_43' title='bbox 1206 1277 1254 1354; x_wconf 88' lang='lat' dir='ltr'><strong>de</strong></span> <span class='ocrx_word' id='word_1_44' title='bbox 1276 1280 1417 1386; x_wconf 87' lang='lat' dir='ltr'><strong>Burgo,</strong></span> <span class='ocrx_word' id='word_1_45' title='bbox 1440 1278 1615 1368; x_wconf 87' lang='lat' dir='ltr'><strong>suerunt,</strong></span> <span class='ocrx_word' id='word_1_46' title='bbox 1637 1296 1682 1357; x_wconf 93' lang='lat' dir='ltr'><strong>ut</strong></span> <span class='ocrx_word' id='word_1_47' title='bbox 1706 1309 1762 1356; x_wconf 86' lang='lat' dir='ltr'><strong>as-</strong></span> 
     </span>
     <span class='ocr_line' id='line_1_6' title="bbox 338 1405 1762 1521; baseline 0.006 -37"><span class='ocrx_word' id='word_1_48' title='bbox 338 1420 469 1484; x_wconf 87' lang='lat' dir='ltr'><strong>serunt</strong></span> <span class='ocrx_word' id='word_1_49' title='bbox 493 1405 584 1482; x_wconf 87' lang='lat' dir='ltr'><strong>dicti</strong></span> <span class='ocrx_word' id='word_1_50' title='bbox 612 1422 777 1495; x_wconf 84' lang='lat' dir='ltr'><strong>actores,</strong></span> <span class='ocrx_word' id='word_1_51' title='bbox 797 1406 891 1484; x_wconf 88' lang='lat' dir='ltr'><strong>olim</strong></span> <span class='ocrx_word' id='word_1_52' title='bbox 918 1408 1009 1486; x_wconf 90' lang='lat' dir='ltr'><strong>socii</strong></span> <span class='ocrx_word' id='word_1_53' title='bbox 1040 1410 1231 1487; x_wconf 90' lang='lat' dir='ltr'><strong>societatis</strong></span> <span class='ocrx_word' id='word_1_54' title='bbox 1255 1410 1302 1487; x_wconf 91' lang='lat' dir='ltr'><strong>de</strong></span> <span class='ocrx_word' id='word_1_55' title='bbox 1327 1412 1470 1521; x_wconf 88' lang='lat' dir='ltr'><strong>Burgo‚</strong></span> <span class='ocrx_word' id='word_1_56' title='bbox 1491 1430 1620 1490; x_wconf 86' lang='lat' dir='ltr'><strong>contra</strong></span> <span class='ocrx_word' id='word_1_57' title='bbox 1639 1413 1762 1492; x_wconf 90' lang='lat' dir='ltr'><strong>Nothe</strong></span> 
     </span>
    </p>
   </div>
   <div class='ocr_carea' id='block_1_4' title="bbox 1861 991 1976 1033">
    <p class='ocr_par' dir='ltr' id='par_1_4' title="bbox 1861 991 1976 1033">
     <span class='ocr_line' id='line_1_7' title="bbox 1861 991 1976 1033; baseline -0.017 -1"><span class='ocrx_word' id='word_1_58' title='bbox 1861 991 1925 1033; x_wconf 80' lang='lat'><strong>1³07.</strong></span> <span class='ocrx_word' id='word_1_59' title='bbox 1964 1013 1976 1030; x_wconf 53' lang='lat' dir='ltr'><strong>e</strong></span> 
     </span>
    </p>
   </div>
   <div class='ocr_carea' id='block_1_5' title="bbox 337 1535 1863 5184">
    <p class='ocr_par' dir='ltr' id='par_1_5' title="bbox 337 1535 1765 2303">
     <span class='ocr_line' id='line_1_8' title="bbox 338 1535 1764 1649; baseline 0.005 -36"><span class='ocrx_word' id='word_1_60' title='bbox 338 1537 530 1614; x_wconf 88' lang='lat' dir='ltr'><strong>Terrocbe</strong></span> <span class='ocrx_word' id='word_1_61' title='bbox 549 1553 587 1613; x_wconf 91' lang='lat' dir='ltr'><strong>et</strong></span> <span class='ocrx_word' id='word_1_62' title='bbox 608 1535 703 1614; x_wconf 90' lang='lat' dir='ltr'><strong>alios</strong></span> <span class='ocrx_word' id='word_1_63' title='bbox 722 1537 844 1615; x_wconf 90' lang='lat' dir='ltr'><strong>socios</strong></span> <span class='ocrx_word' id='word_1_64' title='bbox 864 1537 1051 1615; x_wconf 87' lang='lat' dir='ltr'><strong>societatis</strong></span> <span class='ocrx_word' id='word_1_65' title='bbox 1069 1538 1116 1617; x_wconf 92' lang='lat' dir='ltr'><strong>de</strong></span> <span class='ocrx_word' id='word_1_66' title='bbox 1136 1540 1284 1632; x_wconf 87' lang='lat' dir='ltr'><strong>Bardis‚</strong></span> <span class='ocrx_word' id='word_1_67' title='bbox 1305 1541 1455 1620; x_wconf 82' lang='lat' dir='ltr'><strong>racione</strong></span> <span class='ocrx_word' id='word_1_68' title='bbox 1475 1544 1666 1649; x_wconf 87' lang='lat' dir='ltr'><strong>porcionis</strong></span> <span class='ocrx_word' id='word_1_69' title='bbox 1686 1544 1764 1622; x_wconf 91' lang='lat' dir='ltr'><strong>dic-</strong></span> 
     </span>
     <span class='ocr_line' id='line_1_9' title="bbox 337 1647 1762 1782; baseline 0.006 -38"><span class='ocrx_word' id='word_1_70' title='bbox 337 1647 397 1746; x_wconf 84' lang='lat' dir='ltr'><strong>toa</strong></span> <span class='ocrx_word' id='word_1_71' title='bbox 424 1685 569 1744; x_wconf 88' lang='lat' dir='ltr'><strong>actores</strong></span> <span class='ocrx_word' id='word_1_72' title='bbox 599 1685 636 1744; x_wconf 88' lang='lat' dir='ltr'><strong>et</strong></span> <span class='ocrx_word' id='word_1_73' title='bbox 663 1667 876 1774; x_wconf 89' lang='lat' dir='ltr'><strong>quemlibet</strong></span> <span class='ocrx_word' id='word_1_74' title='bbox 896 1697 1030 1746; x_wconf 89' lang='lat' dir='ltr'><strong>eorum</strong></span> <span class='ocrx_word' id='word_1_75' title='bbox 1051 1672 1320 1778; x_wconf 87' lang='lat' dir='ltr'><strong>contingentis,</strong></span> <span class='ocrx_word' id='word_1_76' title='bbox 1353 1701 1422 1779; x_wconf 90' lang='lat' dir='ltr'><strong>pro</strong></span> <span class='ocrx_word' id='word_1_77' title='bbox 1450 1675 1627 1780; x_wconf 84' lang='lat' dir='ltr'>porcione</span> <span class='ocrx_word' id='word_1_78' title='bbox 1648 1705 1762 1782; x_wconf 91' lang='lat' dir='ltr'><strong>quam</strong></span> 
     </span>
     <span class='ocr_line' id='line_1_10' title="bbox 339 1797 1764 1910; baseline 0.004 -33"><span class='ocrx_word' id='word_1_79' title='bbox 339 1799 468 1877; x_wconf 87' lang='lat' dir='ltr'><strong>Castre</strong></span> <span class='ocrx_word' id='word_1_80' title='bbox 483 1797 685 1888; x_wconf 79' lang='lat' dir='ltr'><strong>Gaufredi,</strong></span> <span class='ocrx_word' id='word_1_81' title='bbox 702 1797 918 1878; x_wconf 85' lang='lat' dir='ltr'><strong>Attevianus</strong></span> <span class='ocrx_word' id='word_1_82' title='bbox 932 1799 1074 1879; x_wconf 83' lang='lat' dir='ltr'><strong>Alberti</strong></span> <span class='ocrx_word' id='word_1_83' title='bbox 1093 1803 1208 1880; x_wconf 86' lang='lat' dir='ltr'><strong>etalii</strong></span> <span class='ocrx_word' id='word_1_84' title='bbox 1225 1804 1477 1910; x_wconf 81' lang='lat' dir='ltr'><strong>prenominati</strong></span> <span class='ocrx_word' id='word_1_85' title='bbox 1497 1805 1712 1884; x_wconf 85' lang='lat' dir='ltr'><strong>habuerunt</strong></span> <span class='ocrx_word' id='word_1_86' title='bbox 1724 1807 1764 1883; x_wconf 91' lang='lat' dir='ltr'><strong>in</strong></span> 
     </span>
     <span class='ocr_line' id='line_1_11' title="bbox 339 1929 1765 2040; baseline 0.004 -32"><span class='ocrx_word' id='word_1_87' title='bbox 339 1929 516 2008; x_wconf 88' lang='lat' dir='ltr'><strong>societate</strong></span> <span class='ocrx_word' id='word_1_88' title='bbox 536 1930 722 2036; x_wconf 90' lang='lat' dir='ltr'><strong>predicta,</strong></span> <span class='ocrx_word' id='word_1_89' title='bbox 739 1929 843 2037; x_wconf 93' lang='lat' dir='ltr'><strong>quod</strong></span> <span class='ocrx_word' id='word_1_90' title='bbox 863 1933 1062 2038; x_wconf 88' lang='lat' dir='ltr'><strong>Huguetus</strong></span> <span class='ocrx_word' id='word_1_91' title='bbox 1081 1933 1293 2038; x_wconf 84' lang='lat' dir='ltr'><strong>Symoneti‚</strong></span> <span class='ocrx_word' id='word_1_92' title='bbox 1308 1934 1501 2040; x_wconf 89' lang='lat' dir='ltr'><strong>quondam</strong></span> <span class='ocrx_word' id='word_1_93' title='bbox 1517 1935 1641 2012; x_wconf 83' lang='lat' dir='ltr'><strong>fautor</strong></span> <span class='ocrx_word' id='word_1_94' title='bbox 1657 1953 1695 2012; x_wconf 91' lang='lat' dir='ltr'><strong>et</strong></span> <span class='ocrx_word' id='word_1_95' title='bbox 1710 1965 1765 2014; x_wconf 91' lang='lat' dir='ltr'><strong>so·</strong></span> 
     </span>
     <span class='ocr_line' id='line_1_12' title="bbox 339 2060 1764 2172; baseline 0.006 -36"><span class='ocrx_word' id='word_1_96' title='bbox 339 2060 420 2138; x_wconf 91' lang='lat' dir='ltr'><strong>cius</strong></span> <span class='ocrx_word' id='word_1_97' title='bbox 448 2061 634 2138; x_wconf 87' lang='lat' dir='ltr'><strong>societatis</strong></span> <span class='ocrx_word' id='word_1_98' title='bbox 657 2061 704 2138; x_wconf 86' lang='lat' dir='ltr'><strong>dc</strong></span> <span class='ocrx_word' id='word_1_99' title='bbox 723 2064 870 2169; x_wconf 90' lang='lat' dir='ltr'><strong>Burgo,</strong></span> <span class='ocrx_word' id='word_1_100' title='bbox 891 2062 1234 2171; x_wconf 89' lang='lat' dir='ltr'><strong>trigintaquinque</strong></span> <span class='ocrx_word' id='word_1_101' title='bbox 1256 2064 1363 2142; x_wconf 84' lang='lat' dir='ltr'><strong>annis</strong></span> <span class='ocrx_word' id='word_1_102' title='bbox 1379 2065 1513 2172; x_wconf 82' lang='lat' dir='ltr'><strong>elapsis</strong></span> <span class='ocrx_word' id='word_1_103' title='bbox 1533 2083 1571 2145; x_wconf 88' lang='lat' dir='ltr'><strong>ct</strong></span> <span class='ocrx_word' id='word_1_104' title='bbox 1589 2066 1694 2172; x_wconf 93' lang='lat' dir='ltr'><strong>plus,</strong></span> <span class='ocrx_word' id='word_1_105' title='bbox 1720 2096 1764 2144; x_wconf 85' lang='lat' dir='ltr'><strong>ex</strong></span> 
     </span>
     <span class='ocr_line' id='line_1_13' title="bbox 340 2193 1763 2303; baseline 0.005 -33"><span class='ocrx_word' id='word_1_106' title='bbox 340 2221 448 2270; x_wconf 87' lang='lat' dir='ltr'><strong>causa</strong></span> <span class='ocrx_word' id='word_1_107' title='bbox 465 2220 535 2270; x_wconf 88' lang='lat' dir='ltr'><strong>seu</strong></span> <span class='ocrx_word' id='word_1_108' title='bbox 554 2193 705 2272; x_wconf 78' lang='lat' dir='ltr'><strong>racione</strong></span> <span class='ocrx_word' id='word_1_109' title='bbox 727 2193 905 2299; x_wconf 85' lang='lat' dir='ltr'><strong>depositi,</strong></span> <span class='ocrx_word' id='word_1_110' title='bbox 926 2194 1084 2272; x_wconf 78' lang='lat' dir='ltr'><strong>tradidit</strong></span> <span class='ocrx_word' id='word_1_111' title='bbox 1103 2212 1141 2272; x_wconf 90' lang='lat' dir='ltr'><strong>et</strong></span> <span class='ocrx_word' id='word_1_112' title='bbox 1161 2195 1337 2302; x_wconf 82' lang='lat' dir='ltr'><strong>deposuit</strong></span> <span class='ocrx_word' id='word_1_113' title='bbox 1356 2225 1471 2303; x_wconf 81' lang='lat' dir='ltr'><strong>pones</strong></span> <span class='ocrx_word' id='word_1_114' title='bbox 1491 2199 1695 2276; x_wconf 84' lang='lat' dir='ltr'><strong>Renerium</strong></span> <span class='ocrx_word' id='word_1_115' title='bbox 1716 2199 1763 2277; x_wconf 90' lang='lat' dir='ltr'><strong>de</strong></span> 
     </span>
    </p>

    <p class='ocr_par' dir='ltr' id='par_1_6' title="bbox 338 2322 1863 5184">
     <span class='ocr_line' id='line_1_14' title="bbox 338 2322 1763 2436; baseline 0.004 -36"><span class='ocrx_word' id='word_1_116' title='bbox 338 2325 368 2400; x_wconf 87' lang='lat' dir='ltr'>F</span> <span class='ocrx_word' id='word_1_117' title='bbox 371 2324 539 2415; x_wconf 86' lang='lat' dir='ltr'><strong>omerio,</strong></span> <span class='ocrx_word' id='word_1_118' title='bbox 557 2322 745 2402; x_wconf 83' lang='lat' dir='ltr'><strong>fautorem</strong></span> <span class='ocrx_word' id='word_1_119' title='bbox 766 2342 804 2401; x_wconf 91' lang='lat' dir='ltr'><strong>et</strong></span> <span class='ocrx_word' id='word_1_120' title='bbox 822 2325 967 2402; x_wconf 88' lang='lat' dir='ltr'><strong>socium</strong></span> <span class='ocrx_word' id='word_1_121' title='bbox 984 2325 1172 2404; x_wconf 88' lang='lat' dir='ltr'><strong>societatis</strong></span> <span class='ocrx_word' id='word_1_122' title='bbox 1189 2325 1418 2416; x_wconf 90' lang='lat' dir='ltr'><strong>Bardorum,</strong></span> <span class='ocrx_word' id='word_1_123' title='bbox 1441 2330 1596 2406; x_wconf 90' lang='lat' dir='ltr'><strong>nomine</strong></span> <span class='ocrx_word' id='word_1_124' title='bbox 1614 2331 1763 2436; x_wconf 86' lang='lat' dir='ltr'><strong>predic-</strong></span> 
     </span>
     <span class='ocr_line' id='line_1_15' title="bbox 339 2453 1762 2566; baseline 0.005 -34"><span class='ocrx_word' id='word_1_125' title='bbox 339 2470 467 2532; x_wconf 91' lang='lat' dir='ltr'><strong>torum</strong></span> <span class='ocrx_word' id='word_1_126' title='bbox 495 2453 685 2532; x_wconf 88' lang='lat' dir='ltr'><strong>sociorum</strong></span> <span class='ocrx_word' id='word_1_127' title='bbox 706 2472 744 2533; x_wconf 90' lang='lat' dir='ltr'><strong>et</strong></span> <span class='ocrx_word' id='word_1_128' title='bbox 763 2455 951 2534; x_wconf 88' lang='lat' dir='ltr'><strong>societatis</strong></span> <span class='ocrx_word' id='word_1_129' title='bbox 970 2456 1018 2534; x_wconf 89' lang='lat' dir='ltr'><strong>de</strong></span> <span class='ocrx_word' id='word_1_130' title='bbox 1039 2459 1164 2563; x_wconf 88' lang='lat' dir='ltr'><strong>Burgo</strong></span> <span class='ocrx_word' id='word_1_131' title='bbox 1182 2458 1398 2564; x_wconf 84' lang='lat' dir='ltr'><strong>recipienti,</strong></span> <span class='ocrx_word' id='word_1_132' title='bbox 1421 2460 1574 2536; x_wconf 90' lang='lat' dir='ltr'><strong>nomine</strong></span> <span class='ocrx_word' id='word_1_133' title='bbox 1595 2461 1762 2566; x_wconf 86' lang='lat' dir='ltr'><strong>predicte</strong></span> 
     </span>
     <span class='ocr_line' id='line_1_16' title="bbox 339 2585 1761 2699; baseline 0.004 -37"><span class='ocrx_word' id='word_1_134' title='bbox 339 2585 526 2664; x_wconf 87' lang='lat' dir='ltr'><strong>societatis</strong></span> <span class='ocrx_word' id='word_1_135' title='bbox 544 2586 773 2676; x_wconf 61' lang='lat' dir='ltr'><strong>Bardorum,</strong></span> <span class='ocrx_word' id='word_1_136' title='bbox 792 2586 899 2666; x_wconf 89' lang='lat' dir='ltr'><strong>mille</strong></span> <span class='ocrx_word' id='word_1_137' title='bbox 922 2588 1102 2666; x_wconf 89' lang='lat' dir='ltr'><strong>ducentas</strong></span> <span class='ocrx_word' id='word_1_138' title='bbox 1126 2589 1295 2668; x_wconf 83' lang='lat' dir='ltr'><strong>marchas</strong></span> <span class='ocrx_word' id='word_1_139' title='bbox 1314 2589 1574 2697; x_wconf 85' lang='lat' dir='ltr'><strong>stellingorum</strong></span> <span class='ocrx_word' id='word_1_140' title='bbox 1599 2593 1761 2699; x_wconf 84' lang='lat' dir='ltr'><strong>argenti,</strong></span> 
     </span>
     <span class='ocr_line' id='line_1_17' title="bbox 341 2717 1764 2830; baseline 0.001 -34"><span class='ocrx_word' id='word_1_141' title='bbox 341 2733 379 2796; x_wconf 86' lang='lat' dir='ltr'><strong>ct</strong></span> <span class='ocrx_word' id='word_1_142' title='bbox 394 2717 501 2824; x_wconf 90' lang='lat' dir='ltr'><strong>quod</strong></span> <span class='ocrx_word' id='word_1_143' title='bbox 514 2718 637 2795; x_wconf 90' lang='lat' dir='ltr'><strong>dictus</strong></span> <span class='ocrx_word' id='word_1_144' title='bbox 650 2720 850 2810; x_wconf 73' lang='lat' dir='ltr'><strong>flonetius,</strong></span> <span class='ocrx_word' id='word_1_145' title='bbox 866 2749 935 2827; x_wconf 91' lang='lat' dir='ltr'><strong>pro</strong></span> <span class='ocrx_word' id='word_1_146' title='bbox 952 2719 1051 2797; x_wconf 86' lang='lat' dir='ltr'><strong>dicta</strong></span> <span class='ocrx_word' id='word_1_147' title='bbox 1067 2749 1214 2798; x_wconf 91' lang='lat' dir='ltr'><strong>summa</strong></span> <span class='ocrx_word' id='word_1_148' title='bbox 1229 2721 1404 2827; x_wconf 88' lang='lat' dir='ltr'><strong>pecunie,</strong></span> <span class='ocrx_word' id='word_1_149' title='bbox 1424 2723 1551 2799; x_wconf 85' lang='lat' dir='ltr'><strong>omnia</strong></span> <span class='ocrx_word' id='word_1_150' title='bbox 1565 2739 1603 2800; x_wconf 91' lang='lat' dir='ltr'><strong>et</strong></span> <span class='ocrx_word' id='word_1_151' title='bbox 1618 2722 1764 2830; x_wconf 89' lang='lat' dir='ltr'><strong>singula</strong></span> 
     </span>
     <span class='ocr_line' id='line_1_18' title="bbox 339 2847 1763 2959; baseline 0.005 -35"><span class='ocrx_word' id='word_1_152' title='bbox 339 2847 439 2926; x_wconf 90' lang='lat' dir='ltr'><strong>bona</strong></span> <span class='ocrx_word' id='word_1_153' title='bbox 451 2848 550 2926; x_wconf 88' lang='lat' dir='ltr'><strong>dicte</strong></span> <span class='ocrx_word' id='word_1_154' title='bbox 563 2849 750 2928; x_wconf 90' lang='lat' dir='ltr'><strong>societatis</strong></span> <span class='ocrx_word' id='word_1_155' title='bbox 758 2851 985 2939; x_wconf 87' lang='lat' dir='ltr'><strong>Bardorum,</strong></span> <span class='ocrx_word' id='word_1_156' title='bbox 999 2879 1068 2957; x_wconf 88' lang='lat' dir='ltr'><strong>pro</strong></span> <span class='ocrx_word' id='word_1_157' title='bbox 1081 2851 1195 2929; x_wconf 87' lang='lat' dir='ltr'><strong>dictis·</strong></span> <span class='ocrx_word' id='word_1_158' title='bbox 1204 2851 1315 2930; x_wconf 90' lang='lat' dir='ltr'><strong>sociis</strong></span> <span class='ocrx_word' id='word_1_159' title='bbox 1325 2867 1363 2929; x_wconf 89' lang='lat' dir='ltr'><strong>et</strong></span> <span class='ocrx_word' id='word_1_160' title='bbox 1376 2852 1552 2930; x_wconf 87' lang='lat' dir='ltr'><strong>societate</strong></span> <span class='ocrx_word' id='word_1_161' title='bbox 1565 2853 1612 2930; x_wconf 88' lang='lat' dir='ltr'><strong>de</strong></span> <span class='ocrx_word' id='word_1_162' title='bbox 1625 2855 1763 2959; x_wconf 90' lang='lat' dir='ltr'><strong>Burgo,</strong></span> 
     </span>
     <span class='ocr_line' id='line_1_19' title="bbox 340 2979 1765 3090; baseline 0.004 -34"><span class='ocrx_word' id='word_1_163' title='bbox 340 2979 494 3059; x_wconf 90' lang='lat' dir='ltr'><strong>nomine</strong></span> <span class='ocrx_word' id='word_1_164' title='bbox 513 3009 581 3058; x_wconf 88' lang='lat' dir='ltr'><strong>seu</strong></span> <span class='ocrx_word' id='word_1_165' title='bbox 601 2981 752 3059; x_wconf 85' lang='lat' dir='ltr'><strong>racione</strong></span> <span class='ocrx_word' id='word_1_166' title='bbox 770 2981 937 3090; x_wconf 86' lang='lat' dir='ltr'><strong>pignoris</strong></span> <span class='ocrx_word' id='word_1_167' title='bbox 958 2999 996 3059; x_wconf 89' lang='lat' dir='ltr'><strong>et</strong></span> <span class='ocrx_word' id='word_1_168' title='bbox 1013 2982 1198 3090; x_wconf 86' lang='lat' dir='ltr'><strong>ypothece</strong></span> <span class='ocrx_word' id='word_1_169' title='bbox 1219 2980 1396 3089; x_wconf 86' lang='lat' dir='ltr'><strong>obligavit</strong></span> <span class='ocrx_word' id='word_1_170' title='bbox 1415 3012 1423 3058; x_wconf 75' lang='grc' dir='ltr'><strong>ε</strong></span> <span class='ocrx_word' id='word_1_171' title='bbox 1446 2983 1549 3060; x_wconf 87' lang='lat' dir='ltr'><strong>unde</strong></span> <span class='ocrx_word' id='word_1_172' title='bbox 1568 2984 1765 3090; x_wconf 88' lang='lat' dir='ltr'><strong>pecierunt</strong></span> 
     </span>
     <span class='ocr_line' id='line_1_20' title="bbox 341 3110 1763 3220; baseline 0.002 -31"><span class='ocrx_word' id='word_1_173' title='bbox 341 3110 501 3216; x_wconf 86' lang='lat' dir='ltr'><strong>predicti</strong></span> <span class='ocrx_word' id='word_1_174' title='bbox 521 3110 705 3192; x_wconf 87' lang='lat' dir='ltr'><strong>Guicbius</strong></span> <span class='ocrx_word' id='word_1_175' title='bbox 727 3112 775 3189; x_wconf 93' lang='lat' dir='ltr'><strong>de</strong></span> <span class='ocrx_word' id='word_1_176' title='bbox 798 3112 966 3202; x_wconf 88' lang='lat' dir='ltr'><strong>Senella,</strong></span> <span class='ocrx_word' id='word_1_177' title='bbox 992 3112 1175 3191; x_wconf 90' lang='lat' dir='ltr'><strong>Guicbius</strong></span> <span class='ocrx_word' id='word_1_178' title='bbox 1198 3112 1397 3202; x_wconf 63' lang='lat' dir='ltr'><strong>Anniani,</strong></span> <span class='ocrx_word' id='word_1_179' title='bbox 1419 3114 1562 3220; x_wconf 85' lang='lat' dir='ltr'><strong>Symon</strong></span> <span class='ocrx_word' id='word_1_180' title='bbox 1583 3114 1763 3220; x_wconf 86' lang='lat' dir='ltr'><strong>Spinelli,</strong></span> 
     </span>
     <span class='ocr_line' id='line_1_21' title="bbox 343 3242 1764 3352; baseline 0.004 -35"><span class='ocrx_word' id='word_1_181' title='bbox 343 3259 381 3317; x_wconf 87' lang='lat' dir='ltr'><strong>et</strong></span> <span class='ocrx_word' id='word_1_182' title='bbox 399 3242 537 3319; x_wconf 88' lang='lat' dir='ltr'><strong>Bambe</strong></span> <span class='ocrx_word' id='word_1_183' title='bbox 558 3243 606 3320; x_wconf 92' lang='lat' dir='ltr'><strong>de</strong></span> <span class='ocrx_word' id='word_1_184' title='bbox 620 3244 764 3349; x_wconf 90' lang='lat' dir='ltr'><strong>Burgo,</strong></span> <span class='ocrx_word' id='word_1_185' title='bbox 778 3243 934 3321; x_wconf 88' lang='lat' dir='ltr'><strong>nomine</strong></span> <span class='ocrx_word' id='word_1_186' title='bbox 951 3259 989 3319; x_wconf 86' lang='lat' dir='ltr'><strong>et</strong></span> <span class='ocrx_word' id='word_1_187' title='bbox 1000 3242 1116 3320; x_wconf 90' lang='lat' dir='ltr'><strong>modo</strong></span> <span class='ocrx_word' id='word_1_188' title='bbox 1135 3271 1212 3349; x_wconf 91' lang='lat' dir='ltr'><strong>quo</strong></span> <span class='ocrx_word' id='word_1_189' title='bbox 1225 3271 1355 3348; x_wconf 88' lang='lat' dir='ltr'><strong>supra,</strong></span> <span class='ocrx_word' id='word_1_190' title='bbox 1369 3243 1565 3334; x_wconf 86' lang='lat' dir='ltr'><strong>declarari,</strong></span> <span class='ocrx_word' id='word_1_191' title='bbox 1583 3245 1764 3352; x_wconf 85' lang='lat' dir='ltr'><strong>perjudi-</strong></span> 
     </span>
     <span class='ocr_line' id='line_1_22' title="bbox 342 3373 1863 3482; baseline 0.003 -34"><span class='ocrx_word' id='word_1_192' title='bbox 342 3373 444 3450; x_wconf 85' lang='lat' dir='ltr'><strong>cium</strong></span> <span class='ocrx_word' id='word_1_193' title='bbox 466 3374 569 3452; x_wconf 86' lang='lat' dir='ltr'><strong>curie</strong></span> <span class='ocrx_word' id='word_1_194' title='bbox 590 3391 735 3464; x_wconf 86' lang='lat' dir='ltr'><strong>nostre,</strong></span> <span class='ocrx_word' id='word_1_195' title='bbox 760 3375 887 3451; x_wconf 88' lang='lat' dir='ltr'><strong>omnia</strong></span> <span class='ocrx_word' id='word_1_196' title='bbox 905 3374 1005 3451; x_wconf 90' lang='lat' dir='ltr'><strong>bona</strong></span> <span class='ocrx_word' id='word_1_197' title='bbox 1026 3392 1064 3450; x_wconf 89' lang='lat' dir='ltr'><strong>et</strong></span> <span class='ocrx_word' id='word_1_198' title='bbox 1081 3402 1215 3452; x_wconf 89' lang='lat' dir='ltr'><strong>omnes</strong></span> <span class='ocrx_word' id='word_1_199' title='bbox 1233 3403 1293 3452; x_wconf 92' lang='lat' dir='ltr'><strong>res</strong></span> <span class='ocrx_word' id='word_1_200' title='bbox 1310 3375 1499 3452; x_wconf 90' lang='lat' dir='ltr'><strong>dictorum</strong></span> <span class='ocrx_word' id='word_1_201' title='bbox 1518 3375 1706 3453; x_wconf 87' lang='lat' dir='ltr'><strong>sociorum</strong></span> <span class='ocrx_word' id='word_1_202' title='bbox 1728 3394 1766 3452; x_wconf 91' lang='lat' dir='ltr'><strong>et</strong></span> <span class='ocrx_word' id='word_1_203' title='bbox 1858 3474 1863 3482; x_wconf 25' lang='grc' dir='ltr'>Ι</span> 
     </span>
     <span class='ocr_line' id='line_1_23' title="bbox 343 3504 1762 3612; baseline 0.002 -32"><span class='ocrx_word' id='word_1_204' title='bbox 343 3506 529 3583; x_wconf 89' lang='lat' dir='ltr'><strong>societatis</strong></span> <span class='ocrx_word' id='word_1_205' title='bbox 542 3506 754 3584; x_wconf 89' lang='lat' dir='ltr'><strong>Bardorum</strong></span> <span class='ocrx_word' id='word_1_206' title='bbox 774 3535 853 3583; x_wconf 88' lang='lat' dir='ltr'><strong>esse</strong></span> <span class='ocrx_word' id='word_1_207' title='bbox 864 3505 1030 3611; x_wconf 87' lang='lat' dir='ltr'><strong>obligata</strong></span> <span class='ocrx_word' id='word_1_208' title='bbox 1043 3504 1154 3583; x_wconf 90' lang='lat' dir='ltr'><strong>dictis</strong></span> <span class='ocrx_word' id='word_1_209' title='bbox 1170 3505 1366 3612; x_wconf 85' lang='lat' dir='ltr'><strong>agentibus</strong></span> <span class='ocrx_word' id='word_1_210' title='bbox 1381 3534 1450 3611; x_wconf 93' lang='lat' dir='ltr'><strong>pro</strong></span> <span class='ocrx_word' id='word_1_211' title='bbox 1462 3505 1564 3583; x_wconf 91' lang='lat' dir='ltr'><strong>dicto</strong></span> <span class='ocrx_word' id='word_1_212' title='bbox 1579 3506 1762 3612; x_wconf 90' lang='lat' dir='ltr'><strong>deposito,</strong></span> 
     </span>
     <span class='ocr_line' id='line_1_24' title="bbox 343 3635 1765 3747; baseline 0.002 -36"><span class='ocrx_word' id='word_1_213' title='bbox 343 3637 589 3747; x_wconf 81' lang='lat' dir='ltr'><strong>nomineque</strong></span> <span class='ocrx_word' id='word_1_214' title='bbox 607 3667 732 3745; x_wconf 88' lang='lat' dir='ltr'><strong>supra,</strong></span> <span class='ocrx_word' id='word_1_215' title='bbox 747 3654 785 3716; x_wconf 89' lang='lat' dir='ltr'><strong>et</strong></span> <span class='ocrx_word' id='word_1_216' title='bbox 796 3637 970 3714; x_wconf 87' lang='lat' dir='ltr'><strong>saisinam</strong></span> <span class='ocrx_word' id='word_1_217' title='bbox 991 3665 1058 3714; x_wconf 84' lang='lat' dir='ltr'><strong>seu</strong></span> <span class='ocrx_word' id='word_1_218' title='bbox 1076 3635 1354 3742; x_wconf 87' lang='lat' dir='ltr'><strong>possessionem</strong></span> <span class='ocrx_word' id='word_1_219' title='bbox 1371 3637 1561 3714; x_wconf 90' lang='lat' dir='ltr'><strong>bonorum</strong></span> <span class='ocrx_word' id='word_1_220' title='bbox 1577 3636 1765 3714; x_wconf 88' lang='lat' dir='ltr'><strong>dictorum</strong></span> 
     </span>
     <span class='ocr_line' id='line_1_25' title="bbox 343 3765 1765 3874; baseline 0 -30"><span class='ocrx_word' id='word_1_221' title='bbox 343 3767 532 3844; x_wconf 87' lang='lat' dir='ltr'><strong>sociorum</strong></span> <span class='ocrx_word' id='word_1_222' title='bbox 551 3785 589 3845; x_wconf 91' lang='lat' dir='ltr'><strong>et</strong></span> <span class='ocrx_word' id='word_1_223' title='bbox 603 3769 791 3846; x_wconf 88' lang='lat' dir='ltr'><strong>societatis</strong></span> <span class='ocrx_word' id='word_1_224' title='bbox 803 3767 1031 3858; x_wconf 87' lang='lat' dir='ltr'><strong>Bardorum,</strong></span> <span class='ocrx_word' id='word_1_225' title='bbox 1049 3768 1138 3874; x_wconf 88' lang='lat' dir='ltr'><strong>ipsis</strong></span> <span class='ocrx_word' id='word_1_226' title='bbox 1158 3768 1373 3874; x_wconf 87' lang='lat' dir='ltr'><strong>agentibus,</strong></span> <span class='ocrx_word' id='word_1_227' title='bbox 1390 3795 1458 3874; x_wconf 90' lang='lat' dir='ltr'><strong>pro</strong></span> <span class='ocrx_word' id='word_1_228' title='bbox 1478 3767 1656 3873; x_wconf 87' lang='lat' dir='ltr'><strong>porcione</strong></span> <span class='ocrx_word' id='word_1_229' title='bbox 1676 3765 1765 3844; x_wconf 92' lang='lat' dir='ltr'><strong>dicti</strong></span> 
     </span>
     <span class='ocr_line' id='line_1_26' title="bbox 344 3896 1768 4006; baseline 0.003 -34"><span class='ocrx_word' id='word_1_230' title='bbox 344 3896 464 3973; x_wconf 90' lang='lat' dir='ltr'><strong>debiti</strong></span> <span class='ocrx_word' id='word_1_231' title='bbox 484 3897 584 4002; x_wconf 90' lang='lat' dir='ltr'><strong>ipsos</strong></span> <span class='ocrx_word' id='word_1_232' title='bbox 605 3899 864 4006; x_wconf 87' lang='lat' dir='ltr'><strong>contingente,</strong></span> <span class='ocrx_word' id='word_1_233' title='bbox 884 3900 1088 3976; x_wconf 88' lang='lat' dir='ltr'><strong>tenendam</strong></span> <span class='ocrx_word' id='word_1_234' title='bbox 1113 3915 1152 3975; x_wconf 87' lang='lat' dir='ltr'><strong>et</strong></span> <span class='ocrx_word' id='word_1_235' title='bbox 1170 3898 1383 3976; x_wconf 86' lang='lat' dir='ltr'><strong>habendam</strong></span> <span class='ocrx_word' id='word_1_236' title='bbox 1405 3897 1609 4004; x_wconf 83' lang='lat' dir='ltr'><strong>adjudicari</strong></span> <span class='ocrx_word' id='word_1_237' title='bbox 1629 3926 1768 4004; x_wconf 86' lang='lat' dir='ltr'><strong>quous-</strong></span> 
     </span>
     <span class='ocr_line' id='line_1_27' title="bbox 344 4029 1768 4134; baseline 0.002 -30"><span class='ocrx_word' id='word_1_238' title='bbox 344 4057 419 4134; x_wconf 77' lang='lat' dir='ltr'><strong>que</strong></span> <span class='ocrx_word' id='word_1_239' title='bbox 440 4029 488 4106; x_wconf 89' lang='lat' dir='ltr'><strong>de</strong></span> <span class='ocrx_word' id='word_1_240' title='bbox 515 4029 616 4106; x_wconf 88' lang='lat' dir='ltr'><strong>dicto</strong></span> <span class='ocrx_word' id='word_1_241' title='bbox 644 4029 774 4107; x_wconf 90' lang='lat' dir='ltr'><strong>debito</strong></span> <span class='ocrx_word' id='word_1_242' title='bbox 797 4030 942 4107; x_wconf 88' lang='lat' dir='ltr'><strong>eisdem</strong></span> <span class='ocrx_word' id='word_1_243' title='bbox 961 4030 1151 4108; x_wconf 87' lang='lat' dir='ltr'><strong>actoribus</strong></span> <span class='ocrx_word' id='word_1_244' title='bbox 1170 4029 1284 4108; x_wconf 85' lang='lat' dir='ltr'><strong>fuerit</strong></span> <span class='ocrx_word' id='word_1_245' title='bbox 1307 4029 1554 4119; x_wconf 83' lang='lat' dir='ltr'><strong>satisfactum,</strong></span> <span class='ocrx_word' id='word_1_246' title='bbox 1578 4045 1615 4107; x_wconf 90' lang='lat' dir='ltr'><strong>et</strong></span> <span class='ocrx_word' id='word_1_247' title='bbox 1635 4057 1699 4107; x_wconf 87' lang='lat' dir='ltr'><strong>eos</strong></span> <span class='ocrx_word' id='word_1_248' title='bbox 1719 4031 1768 4107; x_wconf 92' lang='lat' dir='ltr'><strong>ad</strong></span> 
     </span>
     <span class='ocr_line' id='line_1_28' title="bbox 344 4159 1766 4268; baseline 0.001 -33"><span class='ocrx_word' id='word_1_249' title='bbox 344 4159 525 4264; x_wconf 87' lang='lat' dir='ltr'><strong>premissa</strong></span> <span class='ocrx_word' id='word_1_250' title='bbox 544 4159 743 4266; x_wconf 76' lang='lat' dir='ltr'><strong>compelli3</strong></span> <span class='ocrx_word' id='word_1_251' title='bbox 772 4160 880 4238; x_wconf 89' lang='lat' dir='ltr'><strong>dictis</strong></span> <span class='ocrx_word' id='word_1_252' title='bbox 903 4189 990 4238; x_wconf 90' lang='lat' dir='ltr'><strong>vero</strong></span> <span class='ocrx_word' id='word_1_253' title='bbox 1010 4162 1132 4239; x_wconf 92' lang='lat' dir='ltr'><strong>Nothe</strong></span> <span class='ocrx_word' id='word_1_254' title='bbox 1153 4162 1362 4240; x_wconf 89' lang='lat' dir='ltr'><strong>Terrosche</strong></span> <span class='ocrx_word' id='word_1_255' title='bbox 1384 4178 1422 4238; x_wconf 87' lang='lat' dir='ltr'><strong>et</strong></span> <span class='ocrx_word' id='word_1_256' title='bbox 1440 4160 1667 4268; x_wconf 91' lang='lat' dir='ltr'><strong>quibusdam</strong></span> <span class='ocrx_word' id='word_1_257' title='bbox 1686 4160 1766 4236; x_wconf 89' lang='lat' dir='ltr'><strong>aliis</strong></span> 
     </span>
     <span class='ocr_line' id='line_1_29' title="bbox 346 4288 1822 4398; baseline 0.001 -34"><span class='ocrx_word' id='word_1_258' title='bbox 346 4288 392 4365; x_wconf 89' lang='lat' dir='ltr'><strong>de</strong></span> <span class='ocrx_word' id='word_1_259' title='bbox 411 4290 589 4368; x_wconf 87' lang='lat' dir='ltr'><strong>societate</strong></span> <span class='ocrx_word' id='word_1_260' title='bbox 609 4289 819 4368; x_wconf 87' lang='lat' dir='ltr'><strong>Bardorum</strong></span> <span class='ocrx_word' id='word_1_261' title='bbox 836 4289 1017 4396; x_wconf 88' lang='lat' dir='ltr'><strong>premissa</strong></span> <span class='ocrx_word' id='word_1_262' title='bbox 1033 4291 1274 4398; x_wconf 86' lang='lat' dir='ltr'><strong>negantibus,</strong></span> <span class='ocrx_word' id='word_1_263' title='bbox 1291 4307 1330 4368; x_wconf 82' lang='lat' dir='ltr'><strong>et</strong></span> <span class='ocrx_word' id='word_1_264' title='bbox 1345 4290 1572 4380; x_wconf 87' lang='lat' dir='ltr'><strong>dicentibus,</strong></span> <span class='ocrx_word' id='word_1_265' title='bbox 1592 4289 1768 4397; x_wconf 87' lang='lat' dir='ltr'><strong>pluribus</strong></span> <span class='ocrx_word' id='word_1_266' title='bbox 1819 4341 1822 4346; x_wconf 89' lang='lat'>·</span> 
     </span>
     <span class='ocr_line' id='line_1_30' title="bbox 346 4419 1768 4527; baseline -0.001 -30"><span class='ocrx_word' id='word_1_267' title='bbox 346 4421 559 4498; x_wconf 89' lang='lat' dir='ltr'><strong>racionibus</strong></span> <span class='ocrx_word' id='word_1_268' title='bbox 583 4421 781 4508; x_wconf 71' lang='lat' dir='ltr'><strong>escensis,</strong></span> <span class='ocrx_word' id='word_1_269' title='bbox 804 4449 845 4498; x_wconf 89' lang='lat' dir='ltr'><strong>se</strong></span> <span class='ocrx_word' id='word_1_270' title='bbox 869 4437 908 4498; x_wconf 86' lang='lat' dir='ltr'><strong>ct</strong></span> <span class='ocrx_word' id='word_1_271' title='bbox 929 4422 1147 4499; x_wconf 86' lang='lat' dir='ltr'><strong>societatem</strong></span> <span class='ocrx_word' id='word_1_272' title='bbox 1176 4450 1281 4499; x_wconf 89' lang='lat' dir='ltr'><strong>suam</strong></span> <span class='ocrx_word' id='word_1_273' title='bbox 1306 4421 1512 4527; x_wconf 83' lang='lat' dir='ltr'><strong>predictam</strong></span> <span class='ocrx_word' id='word_1_274' title='bbox 1536 4421 1583 4496; x_wconf 89' lang='lat' dir='ltr'><strong>ad</strong></span> <span class='ocrx_word' id='word_1_275' title='bbox 1601 4419 1768 4527; x_wconf 89' lang='lat' dir='ltr'><strong>predicta</strong></span> 
     </span>
     <span class='ocr_line' id='line_1_31' title="bbox 347 4551 1768 4658; baseline -0.001 -29"><span class='ocrx_word' id='word_1_276' title='bbox 347 4579 424 4629; x_wconf 89' lang='lat' dir='ltr'><strong>non</strong></span> <span class='ocrx_word' id='word_1_277' title='bbox 438 4551 576 4643; x_wconf 89' lang='lat' dir='ltr'><strong>teneri,</strong></span> <span class='ocrx_word' id='word_1_278' title='bbox 595 4568 634 4628; x_wconf 88' lang='lat' dir='ltr'><strong>et</strong></span> <span class='ocrx_word' id='word_1_279' title='bbox 647 4551 857 4657; x_wconf 89' lang='lat' dir='ltr'><strong>specialiter</strong></span> <span class='ocrx_word' id='word_1_280' title='bbox 871 4552 960 4657; x_wconf 89' lang='lat' dir='ltr'><strong>quia</strong></span> <span class='ocrx_word' id='word_1_281' title='bbox 975 4553 1073 4630; x_wconf 89' lang='lat' dir='ltr'><strong>dicta</strong></span> <span class='ocrx_word' id='word_1_282' title='bbox 1092 4553 1251 4630; x_wconf 86' lang='lat' dir='ltr'><strong>societas</strong></span> <span class='ocrx_word' id='word_1_283' title='bbox 1265 4553 1491 4639; x_wconf 90' lang='lat' dir='ltr'><strong>Bardorum,</strong></span> <span class='ocrx_word' id='word_1_284' title='bbox 1513 4566 1599 4658; x_wconf 89' lang='lat' dir='ltr'><strong>post</strong></span> <span class='ocrx_word' id='word_1_285' title='bbox 1617 4566 1768 4655; x_wconf 88' lang='lat' dir='ltr'><strong>tempus</strong></span> 
     </span>
     <span class='ocr_line' id='line_1_32' title="bbox 346 4679 1857 4790; baseline -0.001 -32"><span class='ocrx_word' id='word_1_286' title='bbox 346 4709 424 4789; x_wconf 92' lang='lat' dir='ltr'><strong>quo</strong></span> <span class='ocrx_word' id='word_1_287' title='bbox 449 4681 593 4758; x_wconf 89' lang='lat' dir='ltr'><strong>dictum</strong></span> <span class='ocrx_word' id='word_1_288' title='bbox 613 4681 828 4790; x_wconf 89' lang='lat' dir='ltr'><strong>depositum</strong></span> <span class='ocrx_word' id='word_1_289' title='bbox 848 4682 988 4761; x_wconf 88' lang='lat' dir='ltr'><strong>factum</strong></span> <span class='ocrx_word' id='word_1_290' title='bbox 1008 4683 1122 4762; x_wconf 83' lang='lat' dir='ltr'><strong>fuisse</strong></span> <span class='ocrx_word' id='word_1_291' title='bbox 1146 4683 1351 4772; x_wconf 88' lang='lat' dir='ltr'><strong>dicebatur,</strong></span> <span class='ocrx_word' id='word_1_292' title='bbox 1374 4681 1554 4760; x_wconf 86' lang='lat' dir='ltr'><strong>dissoluta</strong></span> <span class='ocrx_word' id='word_1_293' title='bbox 1574 4679 1713 4768; x_wconf 78' lang='lat' dir='ltr'><strong>fuerat,</strong></span> <span class='ocrx_word' id='word_1_294' title='bbox 1733 4698 1770 4757; x_wconf 90' lang='lat' dir='ltr'><strong>et</strong></span> <span class='ocrx_word' id='word_1_295' title='bbox 1853 4713 1857 4722; x_wconf 89' lang='lat'>·</span> 
     </span>
     <span class='ocr_line' id='line_1_33' title="bbox 348 4812 1769 4920; baseline 0 -33"><span class='ocrx_word' id='word_1_296' title='bbox 348 4838 444 4888; x_wconf 87' lang='lat' dir='ltr'><strong>nova</strong></span> <span class='ocrx_word' id='word_1_297' title='bbox 466 4812 638 4904; x_wconf 87' lang='lat' dir='ltr'><strong>societas,</strong></span> <span class='ocrx_word' id='word_1_298' title='bbox 659 4842 734 4920; x_wconf 91' lang='lat' dir='ltr'><strong>que</strong></span> <span class='ocrx_word' id='word_1_299' title='bbox 749 4841 853 4890; x_wconf 91' lang='lat' dir='ltr'><strong>nunc</strong></span> <span class='ocrx_word' id='word_1_300' title='bbox 871 4832 945 4908; x_wconf 87' lang='lat' dir='ltr'><strong>cst,</strong></span> <span class='ocrx_word' id='word_1_301' title='bbox 966 4816 1014 4892; x_wconf 90' lang='lat' dir='ltr'><strong>de</strong></span> <span class='ocrx_word' id='word_1_302' title='bbox 1033 4818 1139 4893; x_wconf 84' lang='lat' dir='ltr'><strong>novis</strong></span> <span class='ocrx_word' id='word_1_303' title='bbox 1154 4815 1270 4893; x_wconf 88' lang='lat' dir='ltr'><strong>bonis</strong></span> <span class='ocrx_word' id='word_1_304' title='bbox 1289 4831 1327 4892; x_wconf 90' lang='lat' dir='ltr'><strong>et</strong></span> <span class='ocrx_word' id='word_1_305' title='bbox 1348 4814 1448 4891; x_wconf 88' lang='lat' dir='ltr'><strong>inter</strong></span> <span class='ocrx_word' id='word_1_306' title='bbox 1466 4842 1578 4892; x_wconf 90' lang='lat' dir='ltr'><strong>novas</strong></span> <span class='ocrx_word' id='word_1_307' title='bbox 1591 4839 1769 4920; x_wconf 82' lang='lat' dir='ltr'><strong>personas</strong></span> 
     </span>
     <span class='ocr_line' id='line_1_34' title="bbox 349 4943 1767 5053; baseline 0.002 -36"><span class='ocrx_word' id='word_1_308' title='bbox 349 4957 558 5019; x_wconf 71' lang='lat' dir='ltr'><strong>contractae</strong></span> <span class='ocrx_word' id='word_1_309' title='bbox 572 4943 722 5022; x_wconf 80' lang='lat' dir='ltr'><strong>Auditis</strong></span> <span class='ocrx_word' id='word_1_310' title='bbox 736 4944 949 5022; x_wconf 89' lang='lat' dir='ltr'><strong>racionibus</strong></span> <span class='ocrx_word' id='word_1_311' title='bbox 970 4947 1316 5053; x_wconf 87' lang='lat' dir='ltr'><strong>utriusquepartis,</strong></span> <span class='ocrx_word' id='word_1_312' title='bbox 1338 4962 1414 5023; x_wconf 90' lang='lat' dir='ltr'><strong>tam</strong></span> <span class='ocrx_word' id='word_1_313' title='bbox 1435 4945 1474 5022; x_wconf 92' lang='lat' dir='ltr'><strong>in</strong></span> <span class='ocrx_word' id='word_1_314' title='bbox 1491 4944 1578 5053; x_wconf 88' lang='lat' dir='ltr'><strong>jure</strong></span> <span class='ocrx_word' id='word_1_315' title='bbox 1598 4973 1712 5051; x_wconf 91' lang='lat' dir='ltr'><strong>quam</strong></span> <span class='ocrx_word' id='word_1_316' title='bbox 1728 4943 1767 5020; x_wconf 92' lang='lat' dir='ltr'><strong>in</strong></span> 
     </span>
     <span class='ocr_line' id='line_1_35' title="bbox 348 5071 1765 5184; baseline 0.002 -36"><span class='ocrx_word' id='word_1_317' title='bbox 348 5071 445 5151; x_wconf 84' lang='lat' dir='ltr'><strong>facto</strong></span> <span class='ocrx_word' id='word_1_318' title='bbox 458 5073 757 5162; x_wconf 85' lang='lat' dir='ltr'><strong>consistentibus,</strong></span> <span class='ocrx_word' id='word_1_319' title='bbox 774 5092 813 5152; x_wconf 90' lang='lat' dir='ltr'><strong>et</strong></span> <span class='ocrx_word' id='word_1_320' title='bbox 826 5075 981 5184; x_wconf 91' lang='lat' dir='ltr'><strong>negocio</strong></span> <span class='ocrx_word' id='word_1_321' title='bbox 993 5105 1062 5184; x_wconf 92' lang='lat' dir='ltr'><strong>pro</strong></span> <span class='ocrx_word' id='word_1_322' title='bbox 1073 5095 1232 5183; x_wconf 89' lang='lat' dir='ltr'><strong>utraque</strong></span> <span class='ocrx_word' id='word_1_323' title='bbox 1247 5093 1350 5183; x_wconf 89' lang='lat' dir='ltr'><strong>parte</strong></span> <span class='ocrx_word' id='word_1_324' title='bbox 1364 5077 1530 5184; x_wconf 83' lang='lat' dir='ltr'><strong>plenarie</strong></span> <span class='ocrx_word' id='word_1_325' title='bbox 1543 5076 1765 5166; x_wconf 81' lang='lat' dir='ltr'><strong>examinato,</strong></span> 
     </span>
    </p>
   </div>
   <div class='ocr_carea' id='block_1_6' title="bbox 0 0 2244 6209">
    <p class='ocr_par' dir='ltr' id='par_1_7' title="bbox 0 0 2244 6209">
     <span class='ocr_line' id='line_1_36' title="bbox 0 0 2244 6209; baseline 0 0"><span class='ocrx_word' id='word_1_326' title='bbox 0 0 2244 6209; x_wconf 95' lang='lat' dir='ltr'><strong> </strong></span> 
     </span>
    </p>
   </div>
  </div>
 </body>
</html>
