4450 6209
466 726 514 794 so
1046 722 1136 797 sss
1167 695 1326 795 orsu

244 874 427 938 rescripsit,
464 892 525 941 res
543 864 743 969 predictas,
770 866 850 941 sine
875 893 985 941 causa
1008 864 1243 956 racionabili,
1268 863 1456 943 saisiverat
1478 882 1517 943 et
1540 882 1716 972 posuerat
1739 864 1788 941 ad
1809 894 1888 943 ma-

303 968 365 1009 1³01.

466 1024 559 1071 num
585 1024 708 1086 suam3
736 1014 957 1104 peteretque
987 996 1103 1074 dictas
1129 1024 1189 1074 res
1218 996 1289 1074 sibi
1321 996 1521 1075 deliberari
1549 1015 1588 1074 et
1613 996 1741 1085 reddi;
1765 996 1888 1075 dictus

467 1155 552 1204 vero
573 1156 699 1203 comes
720 1156 739 1204 e
758 1129 959 1222 contrario,
983 1128 1158 1234 pluribus
1177 1128 1410 1219 racionibus,
1429 1144 1576 1235 peteret
1600 1126 1797 1205 dictasses
1815 1128 1887 1206 sibi

465 1256 562 1333 tradi
578 1275 616 1334 et
634 1258 849 1353 deliberari,
868 1259 1071 1366 quamdam
1087 1258 1270 1335 exhibens
1288 1259 1452 1336 litteram
1467 1260 1515 1336 ad
1530 1256 1769 1365 probandum
1783 1258 1887 1365 quod

464 1386 581 1464 Fulco
613 1388 659 1463 de
693 1388 1045 1479 Monte-Andronis,
1067 1388 1193 1477 miles,
1218 1390 1375 1466 maritus
1404 1389 1503 1467 dicte
1533 1388 1705 1475 domine,
1732 1404 1886 1465 centum

465 1516 578 1593 libras
593 1518 708 1596 annui
724 1520 897 1598 redditus
912 1520 1038 1597 eidem
1054 1520 1181 1597 comiti
1197 1520 1414 1611 donaverat,
1429 1536 1469 1596 et
1480 1547 1542 1597 eas
1556 1518 1628 1596 sibi
1643 1518 1889 1624 assignaverat

464 1676 577 1755 super
596 1648 698 1727 dicto
720 1651 888 1727 manerio
904 1649 951 1727 de
968 1652 1126 1758 Fayaet
1142 1650 1382 1757 pertinenciis
1400 1651 1572 1757 ejusdem
1587 1679 1597 1724 ε
1612 1648 1803 1738 Tandem,
1821 1672 1888 1725 atr-

464 1778 553 1854 ditis
574 1779 662 1857 binc
687 1778 775 1856 inde
800 1780 1014 1857 racionibus
1036 1782 1207 1888 parcium
1232 1779 1500 1887 predictarum,
1520 1778 1671 1885 visaque
1696 1778 1885 1883 inquesta,

465 1938 578 2017 super
604 1910 693 2000 hoc,
724 1910 968 1988 demandato
998 1911 1101 1989 curie
1130 1928 1274 2002 nostre,
1302 1910 1414 2000 facta,
1433 1909 1522 1987 visis
1541 1908 1658 1986 eciam
1686 1907 1820 1985 litteris
1848 1926 1888 1984 et

465 2041 575 2117 cartis
590 2070 637 2118 ex
651 2058 809 2147 utraque
824 2058 928 2147 parte
942 2042 1153 2148 productis,
1170 2068 1239 2149 per
1254 2042 1356 2119 curie
1377 2057 1504 2119 nostre
1519 2038 1726 2147 judicium,
1743 2038 1888 2116 dictum

464 2172 537 2250 tuis
551 2172 808 2279 predictorum
825 2171 1016 2250 bonorum
1031 2174 1205 2251 omniurn
1220 2172 1410 2265 saisinam,
1426 2198 1576 2249 necnon
1594 2169 1738 2250 fructus
1752 2169 1887 2247 exinde

464 2320 660 2411 perceptos
678 2332 700 2379 a
715 2320 887 2409 tempore
911 2332 987 2411 quo
1009 2304 1131 2382 dimus
1159 2302 1388 2382 senescallus
1406 2302 1541 2379 eadem
1561 2300 1661 2378 bona
1685 2299 1813 2406 posuit
1837 2300 1888 2376 ad

465 2464 621 2512 manum
643 2452 827 2523 nostram,
850 2463 929 2513 esse
953 2435 1169 2514 reddendos
1184 2451 1223 2513 et
1243 2432 1508 2512 deliberandos
1528 2432 1683 2511 dominc
1698 2431 1885 2540 predicte,

463 2566 561 2643 salva
581 2564 682 2643 dicto
702 2565 830 2643 comiti
849 2566 1047 2674 questione
1068 2566 1308 2674 proprietatis
1326 2566 1366 2643 in
1386 2563 1577 2673 predictis.
1618 2577 1622 2582 '

520 2695 684 2775 Sabbato
707 2709 794 2803 post
811 2697 1041 2775 Brandones.
1063 2752 1065 2759 ,

519 2828 569 2905 u.
589 2828 629 2904 r.
653 2828 701 2903 ae
721 2826 842 2906 Mons
859 2803 1069 2935 reportavit.

520 3088 662 3167 XXXV.
694 3088 791 3166 Cum
806 3088 904 3165 inter
918 3086 1112 3196 religiosos
1126 3090 1225 3166 viros
1243 3087 1472 3166 abbatemet
1491 3104 1717 3165 conventum
1735 3086 1888 3163 Sancte-

463 3219 664 3311 Genouefe,
678 3219 908 3309 Parisiensis‚
925 3248 969 3297 ex
980 3246 1055 3298 una
1070 3238 1191 3327 parte,
1211 3238 1249 3298 et
1260 3220 1436 3299 abbatem
1452 3238 1490 3297 et
1504 3237 1730 3298 conventum
1741 3218 1888 3297 Sancti·

462 3350 622 3429 Victoris
634 3350 866 3441 Parisiensis,
882 3381 927 3429 ex
941 3350 1072 3445 altera,
1088 3354 1287 3431 contencio
1301 3366 1401 3429 esset
1413 3366 1517 3427 mota
1531 3377 1646 3456 super
1657 3348 1889 3457 proprietate

457 3482 610 3590 justicie
629 3481 746 3560 clausi
771 3482 868 3560 dicte
895 3484 1046 3561 abbacie
1067 3483 1369 3564 Sancti-Victoris
1388 3512 1430 3559 ac
1447 3480 1767 3588 pertinenciarum
1786 3478 1888 3586 ejus

463 3611 549 3689 dem
570 3612 704 3701 clausi,
727 3632 840 3719 prout
863 3642 902 3690 se
925 3630 1165 3720 comportant
1186 3642 1307 3720 usque
1330 3612 1380 3689 ad
1402 3613 1570 3691 clausum
1596 3610 1774 3717 Tyronis3
1794 3610 1889 3687 item

462 3744 565 3820 curie
582 3743 753 3850 ejusdem
770 3743 921 3821 abbacie
945 3744 1265 3835 Sancti-Victoris,
1281 3771 1350 3851 pro
1364 3760 1490 3850 parte,
1506 3741 1684 3850 predictis
1702 3739 1887 3848 religiosis

460 3872 569 3950 beate
586 3872 793 3965 Genovefe,
810 3874 987 3981 pluribus
1002 3875 1124 3953 causis
1137 3892 1177 3951 et
1190 3875 1422 3965 melonibus,
1439 3873 1739 3981 proponentibus
1758 3900 1801 3948 ac
1819 3898 1887 3977 pe·

461 4002 629 4081 tentibus
648 4033 717 4110 per
736 4003 970 4083 diffinitivam
1001 4005 1229 4083 sentenciam
1252 4005 1326 4081 dici
1355 4022 1392 4081 et
1418 4004 1596 4082 declarari
1618 4004 1886 4110 proprietatem

457 4133 606 4240 justicie
631 4134 802 4212 locorum
820 4134 1076 4242 predictorum
1103 4136 1153 4212 ad.
1174 4135 1292 4241 ipsos,
1315 4153 1354 4212 et
1371 4162 1450 4213 non
1474 4135 1523 4212 ad
1547 4136 1667 4212 dictos
1689 4131 1887 4239 religiosos

463 4265 783 4357 Sancti-Victoris,
805 4265 1012 4374 pertinere,
1035 4284 1072 4343 et
1091 4265 1409 4373 impedimentum
1433 4263 1887 4371 pereosdemrcligiosos

462 4396 781 4487 Sancti-Victoris,
797 4397 997 4504 injusticia
1011 4396 1271 4503 predictorum
1286 4397 1458 4474 locorum
1476 4394 1688 4501 appositum
1705 4391 1884 4481 amoveri,

463 4525 571 4605 dictis
602 4526 787 4635 religiosis
801 4527 1117 4607 'Sancti-Victoris
1142 4527 1317 4634 pluribus
1341 4525 1463 4605 causis
1490 4536 1529 4603 e't
1556 4525 1772 4604 racionibus
1797 4552 1889 4600 con·

460 4658 618 4735 trarium
637 4658 902 4748 asserentibus,
926 4677 963 4737 et
981 4688 1002 4735 a
1022 4658 1200 4764 predictis
1219 4658 1435 4765 petentibus
1452 4686 1499 4735 se
1508 4656 1653 4735 absolvi
1667 4687 1679 4731 t
1695 4655 1882 4744 Tandem,

460 4787 546 4864 visis
573 4788 754 4894 inquestis
780 4817 894 4894 super
915 4789 1095 4895 predictis
1114 4789 1237 4878 factis,
1261 4817 1409 4867 necnon
1433 4787 1638 4896 privilegiis
1657 4804 1696 4865 et
1720 4786 1802 4863 aliis
1825 4785 1886 4862 lit·

461 4918 552 4995 teris
575 4934 614 4994 et
633 4918 894 4997 instrumentis
920 4949 964 4997 ex
982 4936 1142 5027 utraque
1163 4938 1267 5027 parte
1293 4920 1503 5027 productis,
1523 4919 1669 4998 visiset
1687 4916 1887 5024 diligenter

462 5048 694 5140 examinatis,
707 5052 784 5157 'per
803 5050 905 5127 curie
924 5069 1051 5129 nostre
1068 5051 1277 5158 judicium,
1298 5050 1591 5159 pronunciatum
1609 5048 1684 5127 fuit
1701 5064 1742 5127 et
1763 5045 1885 5127 dech-
