4450 6209
512 744 560 815 36
1091 745 1180 817 LES
1215 743 1357 819 oum,

285 892 416 946 Pinnos
428 889 473 953 lb
568 884 734 964 Sabbsto
753 902 841 963 aute
862 885 1028 963 mediam
1042 886 1389 996 Quadragesimam.

344 984 410 1027 ’Μ’
568 1016 784 1096 senescallo
803 1018 1030 1125 Agennensi.

566 1285 705 1363 XLVII.
718 1284 833 1376 Cum,
844 1310 912 1389 per
919 1285 1234 1362 informacionem
1245 1284 1421 1391 gencium
1435 1298 1650 1361 nostrarum
1660 1311 1703 1361 ao
1711 1282 1941 1361 relacionem

510 1442 624 1520 super
641 1415 717 1492 boc
738 1412 788 1490 ab
814 1414 869 1491 eis
896 1414 999 1491 curie
1023 1432 1151 1492 nostre
1176 1412 1327 1503 luctam,
1349 1414 1543 1491 inventum
1568 1412 1685 1491 fuerit
1710 1412 1941 1492 sufficienter

508 1544 612 1652 quod
624 1544 998 1649 ArnaudusTopine,
1014 1544 1174 1623 durante
1189 1572 1324 1651 guerra
1335 1560 1461 1622 nostra
1473 1543 1691 1633 wasconie,
1706 1542 1755 1620 ad
1764 1544 1939 1623 inimicos

479 1680 487 1691 “
509 1692 658 1753 nostros
677 1704 717 1752 se
741 1674 948 1768 transtulit,
970 1704 1013 1751 ac
1031 1674 1294 1780 postmodum,
1319 1674 1429 1753 tacita
1448 1702 1563 1779 super
1591 1674 1664 1753 boc
1678 1674 1854 1773 ¹veritate,
1876 1674 1938 1753 lit-

506 1826 606 1885 teras
625 1807 665 1884 in
685 1824 812 1885 nostra
832 1806 936 1883 curia
955 1805 1168 1912 impetravit
1186 1804 1292 1913 quod
1309 1804 1411 1883 bona
1424 1833 1510 1897 sua,
1527 1802 1577 1881 ad
1591 1832 1748 1881 manum
1768 1820 1935 1885 nostram

508 1954 663 2044 propter
690 1937 828 2013 dictam
855 1936 937 2043 ejus
960 1934 1212 2013 rebellionem
1238 1935 1376 2042 posits,
1399 1934 1702 2013 deliberarentur
1722 1936 1848 2013 eidem
1867 1964 1935 2015 seu

510 2069 560 2147 ad
576 2067 858 2145 recredenciam
875 2066 1126 2155 traderentur,
1144 2095 1219 2173 que
1233 2065 1335 2143 bona
1353 2094 1432 2143 non
1452 2082 1508 2145 est
1526 2066 1689 2145 dubium
1709 2094 1790 2147 esse
1810 2084 1935 2147 nostra

511 2218 549 2279 et
571 2199 683 2278 nobis
706 2198 924 2288 commissa,
945 2198 1168 2276 mandamus
1187 2196 1293 2275 vobis
1316 2198 1515 2304 quatinus,
1538 2197 1719 2303 predictis
1734 2196 1869 2277 litteris
1888 2198 1934 2277 ab

510 2332 646 2409 eodem
665 2330 862 2418 Arnaudo,
883 2329 1036 2407 veritate
1054 2329 1184 2419 tacita,
1202 2344 1246 2404 nt
1259 2328 1485 2435 premissum
1501 2345 1575 2421 est,
1596 2355 1710 2434 snper
1725 2328 1799 2407 boo
1814 2329 1935 2436 impo-

509 2462 614 2541 tratis
638 2490 719 2539 non
745 2460 1001 2551 obstantibus,
1029 2460 1108 2568 ipsa
1136 2459 1237 2538 bona
1265 2458 1314 2536 ad
1342 2486 1497 2537 manum
1528 2476 1695 2539 nostram
1723 2459 1871 2566 ponatis
1899 2477 1937 2539 et

508 2593 683 2685 teneatis,
703 2609 742 2671 et
760 2619 822 2681 ea,
844 2622 929 2669 cum
951 2592 1025 2669 sint
1046 2608 1173 2671 nostra
1193 2608 1231 2669 et
1249 2590 1361 2669 nobis
1380 2592 1595 2684 commissa,
1613 2592 1739 2669 taliter
1758 2590 1935 2697 explente

509 2726 558 2802 tis
577 2754 646 2831 pro
666 2723 776 2801 nobis
795 2723 901 2829 quod
925 2722 1015 2798 inde
1030 2722 1141 2799 nobis
1161 2723 1311 2827 possitis
1331 2720 1530 2800 efficaciter
1550 2721 1711 2803 reddere
1729 2722 1931 2803 racionem.

568 2854 733 2934 Sabbato
754 2869 840 2929 ante
857 2852 1023 2930 mediam
1043 2852 1389 2959 Quadragesimam.

569 2983 784 3062 Senescallo
803 2982 1028 3091 Agenncusi.

567 3252 722 3331 XLVIII.
752 3251 851 3329 Cum
882 3250 1048 3340 dudum,
1079 3252 1177 3329 sicut
1214 3250 1485 3343 intelleximus,
1521 3251 1771 3361 significatum
1805 3250 1936 3331 suisset

512 3383 731 3461 custodibus
755 3383 1012 3461 nundinarum
1042 3401 1256 3462 nostrarum
1282 3384 1486 3493 Campanis
1507 3386 1614 3493 quod
1636 3386 1826 3463 lohannes
1849 3384 1933 3463 Cla-

510 3512 616 3607 velli,
630 3512 733 3593 filius
743 3515 922 3592 Iohannis
937 3515 1090 3595 Clavelli
1105 3516 1385 3621 de'Albenacio,
1401 3516 1498 3594 duos
1508 3544 1653 3623 pannos
1663 3514 1798 3594 furtive
1815 3542 1934 3622 aspon

511 3661 652 3720 laverat
661 3645 710 3721 de
720 3644 948 3751 quibusdam
963 3645 1144 3723 nundinis
1158 3646 1205 3723 de
1219 3647 1400 3738 Pruvino,
1414 3648 1595 3753 quodque
1611 3647 1715 3724 idem
1724 3647 1929 3734 lohannes,

511 3776 550 3849 in
573 3776 676 3851 curia
700 3775 828 3853 dilecti
850 3792 888 3851 et
912 3773 1038 3852 [idelis
1059 3778 1177 3855 nostri
1198 3779 1344 3856 domini
1360 3778 1650 3869 Montis-Lauri,
1675 3778 1814 3857 iactum
1832 3776 1932 3857 istud

512 3923 777 4010 recognoverat
795 3922 996 4011 spontanea
1013 3908 1220 4001 voluntate,
1241 3926 1280 3987 et
1297 3938 1412 4015 super
1430 3910 1692 4019 recognicione
1714 3908 1931 4017 hujusmodi

509 4034 633 4111 suerat
654 4034 868 4112 confectum
885 4038 1080 4144 publicum
1102 4040 1417 4132 instrumentum
1438 4059 1593 4148 propter
1611 4042 1734 4149 quod,
1757 4041 1805 4118 sd
1819 4042 1933 4118 dioto-

510 4194 596 4241 rum
611 4167 810 4243 custodum
826 4167 1061 4259 instanciam,
1077 4171 1307 4249 senescallus
1320 4171 1546 4251 Belli-Cadri
1558 4172 1618 4250 vel
1634 4171 1715 4279 ejus
1730 4172 1857 4250 locum
1874 4191 1932 4251 te-

510 4323 605 4374 nens
615 4296 828 4402 predictum
839 4299 1070 4393 Iohannem,
1087 4332 1203 4409 super
1215 4304 1289 4380 hoc
1305 4303 1352 4379 ad
1363 4303 1427 4411 jus
1443 4320 1632 4393 vocatum,
1646 4303 1831 4396 bannivit,
1851 4305 1931 4411 ejus

509 4424 609 4504 bona
631 4426 681 4503 ad
704 4456 859 4507 manum
882 4447 1049 4508 nostram
1075 4433 1217 4540 posuit,
1240 4432 1337 4511 Iacto
1361 4433 1569 4512 inventario
1588 4435 1637 4511 de
1665 4434 1825 4522 eisdem,
1847 4432 1931 4541 plu-

366 4630 378 4645 ,
509 4585 645 4663 resque
666 4588 861 4664 processus
879 4560 968 4638 fecit
985 4591 1100 4669 super
1119 4564 1192 4641 hoc
1208 4581 1336 4643 contra
1349 4563 1491 4670 ipsum3
1510 4566 1649 4643 deinde
1662 4565 1836 4643 custodes
1849 4592 1931 4671 pre·

512 4686 603 4764 dicti
623 4691 803 4767 eumdem
821 4693 1051 4785 Iohannem,
1073 4721 1200 4771 coram
1231 4696 1284 4773 cis
1312 4711 1466 4803 propter
1493 4698 1566 4775 hoc
1590 4712 1871 4804 comparentem
1894 4712 1931 4773 et

511 4845 616 4893 suam
633 4848 746 4925 super
759 4820 856 4899 iacto
873 4822 1096 4931 hujusmodi
1117 4825 1374 4903 innocenciam
1393 4826 1637 4935 allegantem,
1655 4828 1829 4905 carcerali
1850 4854 1931 4905 cus·

510 4948 614 5025 todie
628 4951 911 5058 manciparunt:
925 4954 1117 5045 Tandem,
1135 4957 1183 5034 ad
1199 4957 1488 5065 requisicionem
1506 4960 1596 5037 dicti
1609 4960 1807 5049 Iohannis,
1825 4986 1927 5037 suam

510 5078 767 5159 innocencium
784 5110 897 5190 super
914 5084 988 5162 hoc
1008 5084 1268 5191 multipliciter
1281 5090 1557 5196 pretendentis,
1574 5092 1655 5197 ipso
1676 5091 1724 5169 de
1743 5091 1842 5169 dicto
1858 5117 1929 5167 car·
