4450 6209
505 723 578 796 558
1087 719 1177 792 tes
1207 717 1346 793 otttt.

277 875 407 930 emnem
419 875 463 939 tv,
501 863 730 942 tellanormn
746 893 755 941 ε
771 864 961 970 lnquesta,
980 861 1031 938 de
1046 861 1220 940 mandato
1235 876 1381 951 nostro,
1402 887 1517 968 super
1528 863 1604 940 hoe
1617 859 1712 938 facta
1726 864 1804 940 visa
1819 881 1858 941 et
1876 865 1931 942 di-

339 967 401 1010 mi
503 995 662 1104 ligenter
686 994 912 1082 examinata,
935 994 1022 1099 quia
1047 993 1249 1100 probatum
1276 1010 1333 1071 eet
1351 993 1583 1072 sufficienter
1602 993 1724 1102 quod,
1746 995 1841 1073 dum
1860 997 1930 1103 ipsi

503 1126 691 1206 castellani
711 1127 898 1232 cepissent
911 1125 1102 1232 quondm
1121 1142 1292 1203 vocatum
1310 1125 1346 1202 le
1365 1127 1485 1215 Reus,
1501 1125 1702 1204 bannitum
1720 1154 1790 1232 per
1801 1145 1933 1236 gentes

504 1275 648 1337 nostras
665 1276 702 1336 et
715 1280 830 1366 quem
845 1257 914 1364 ipsi
927 1256 1232 1364 insequebantur,
1246 1283 1317 1363 pro
1329 1255 1430 1334 furto
1444 1257 1643 1364 cujusdam
1651 1258 1835 1366 jumenti,
1848 1287 1934 1367 gen·

502 1410 560 1469 tes
577 1389 903 1470 Sancti-Golmerii
923 1416 1010 1465 cum
1027 1389 1193 1496 quodam
1209 1415 1326 1466 cornu
1340 1389 1587 1468 tubicinando
1602 1419 1692 1467 cum
1705 1391 1821 1468 armis
1835 1391 1933 1467 inva-

504 1539 632 1601 serunt
649 1523 769 1600 dictos
785 1519 1006 1598 castellanos
1021 1521 1239 1612 clamantes,
1259 1558 1271 1589 ι
1286 1520 1496 1614 Salebrase,
1513 1521 1588 1600 nisi
1599 1522 1713 1599 istum
1729 1521 1929 1615 dimiseris,
1996 1567 2002 1581 ·

504 1654 717 1760 percuciam
727 1669 765 1729 te
777 1651 825 1728 de
838 1651 908 1728 isto
923 1677 1011 1728 ense
1022 1652 1203 1758 usquead
1215 1651 1364 1740 dentem
1381 1651 1549 1759 uquibus
1561 1679 1639 1729 non
1651 1654 1818 1730 contenti
1828 1714 1837 1742 ,
1848 1653 1934 1732 licet

506 1787 630 1863 dictus
650 1784 872 1862 castellanus
892 1782 1082 1860 inhiberet
1098 1781 1258 1871 eisdem,
1279 1811 1323 1862 er
1338 1800 1444 1890 parte
1459 1801 1602 1872 nostra,
1619 1812 1668 1860 ne
1687 1811 1753 1862 eos
1771 1784 1933 1892 impedi·

505 1934 591 1994 rent
620 1917 658 1993 in
687 1915 863 2023 capcione
888 1915 1072 2020 predicta,
1099 1914 1244 1992 dictum
1267 1913 1548 1992 malefactorem
1573 1933 1859 1994 reseousserunt
1882 1918 1934 1993 ei-

508 2051 613 2137 dem,
636 2067 673 2126 et
694 2068 815 2126 unum
837 2047 886 2124 de
905 2047 983 2124 suis
1003 2046 1224 2153 sequacibus
1245 2047 1422 2124 atrociter
1439 2048 1702 2136 vulnerarunt,
1729 2074 1797 2125 eos
1815 2048 1935 2126 taliter

507 2183 771 2289 impugnantes
786 2177 906 2286 quod,
924 2178 1061 2255 timore
1077 2177 1227 2266 mortis,
1245 2177 1291 2255 ad
1310 2177 1505 2256 eeclesiam
1518 2176 1786 2286 confugerunt,
1802 2183 1934 2258 amotis

508 2312 578 2388 sibi
600 2329 638 2389 et
658 2311 907 2389 servientibus
928 2310 994 2416 qui
1015 2338 1102 2386 cum
1124 2309 1178 2386 eis
1196 2326 1303 2387 erant
1322 2309 1453 2416 clipeis
1471 2327 1511 2387 et
1528 2309 1661 2418 gladiis
1677 2335 1775 2418 quos
1793 2310 1936 2389 delere

507 2444 616 2533 bant,
640 2471 688 2520 ac
716 2443 812 2520 duos
838 2443 885 2520 de
908 2443 1016 2549 equis
1040 2442 1118 2520 suis
1147 2441 1368 2519 occiderunt
1393 2460 1432 2519 et
1452 2441 1612 2520 tercium
1633 2441 1932 2520 vulneraverunt.

507 2575 599 2652 ltem
621 2605 722 2666 cum,
746 2575 807 2652 die
829 2573 1017 2680 sequenti,
1040 2601 1110 2680 pro
1130 2572 1323 2677 premissis
1340 2574 1440 2680 apud
1461 2573 1653 2665 Chateluz,
1673 2573 1712 2650 in
1727 2592 1828 2651 terra
1847 2575 1934 2651 dicti

509 2708 673 2796 comitis,
688 2706 829 2786 vellent
843 2706 989 2814 gagiare
1005 2722 1043 2780 et
1055 2704 1279 2812 gagiassent,
1294 2733 1363 2810 pro
1383 2733 1491 2782 causa
1506 2705 1690 2811 predicta,
1706 2704 1875 2783 Andreas
1889 2707 1934 2783 de

510 2838 705 2927 Solemeu,
726 2837 939 2945 prepositus
959 2835 1047 2913 dicti
1070 2834 1218 2912 comitis
1237 2835 1286 2912 de
1301 2836 1498 2924 Chateluz,
1517 2835 1796 2942 cumpluribus
1809 2863 1934 2914 seeum

511 2971 661 3046 armatis
682 2996 801 3077 usque
822 2970 869 3045 ad
890 2967 1039 3073 viginti,
1062 2967 1227 3044 occurrit
1247 2968 1322 3059 eis,
1339 2984 1377 3045 et
1396 2968 1552 3075 pignora
1572 2996 1646 3074 que
1669 2987 1847 3074 ceperant
1862 2997 1936 3046 res-

511 3101 651 3178 coussit
672 3101 832 3188 eisdem,
853 3115 1007 3205 propter
1025 3097 1145 3205 quod,
1163 3127 1232 3204 per
1249 3099 1351 3177 curie
1367 3117 1495 3178 nostre
1505 3091 1713 3206 judicium,
1731 3099 1936 3207 condemp-

511 3235 587 3312 nati
607 3234 762 3310 luerunt
783 3231 958 3309 homines
985 3230 1083 3308 dicte
1102 3229 1190 3306 ville
1212 3229 1556 3310 Sancti-Golmerii
1576 3230 1616 3307 in
1637 3229 1812 3308 ducentis
1832 3231 1935 3309 libris

511 3365 798 3443 Turonensibus
816 3363 942 3452 nobis,
965 3390 1034 3468 pro
1056 3361 1234 3449 emenda,
1252 3349 1456 3451 solvendis,
1475 3379 1514 3438 et
1529 3361 1578 3438 ad
1597 3362 1840 3439 reddendum
1859 3363 1934 3439 dic-

510 3497 559 3575 tis
576 3497 783 3576 castellanis
803 3496 930 3574 omnia
945 3495 1106 3601 dampna
1122 3522 1191 3599 per
1204 3494 1278 3572 hoc
1294 3494 1365 3571 sibi
1382 3494 1502 3586 illata,
1522 3511 1560 3572 et
1575 3492 1698 3573 dictus
1711 3494 1883 3572 Andreas
1897 3495 1935 3570 in

512 3647 662 3707 centum
678 3629 784 3706 libris
799 3627 1086 3704 Turonensibus
1100 3624 1230 3714 nobis,
1244 3653 1315 3731 pro
1330 3627 1510 3714 emenda,
1532 3625 1732 3703 solvendis.

568 3743 745 3837 Mercurii
762 3775 847 3834 ante
864 3757 1015 3833 Pascha.

569 3891 676 3966 Creci
696 3888 910 3994 reportavit.

572 4153 661 4233 LlV.
694 4154 775 4230 Lite
798 4168 917 4242 mota,
936 4179 1060 4229 coram
1079 4153 1282 4231 castellano
1300 4167 1430 4230 nostro
1446 4153 1825 4262 Sancti-Gengulphi,
1841 4157 1936 4232 inter

513 4287 711 4394 Hugonem
726 4285 772 4361 de
785 4284 991 4376 blanniaco,
1005 4283 1184 4375 militem,
1200 4299 1237 4362 et
1248 4283 1515 4373 Guillelmtrm,
1529 4285 1612 4393 ejus
1623 4284 1764 4376 lilium,
1778 4313 1824 4362 ex
1835 4303 1936 4392 parte

515 4445 602 4508 una,
630 4435 668 4496 et
694 4417 915 4508 Henrictrm,
937 4415 1060 4493 filium
1080 4417 1180 4493 Petri
1205 4417 1254 4493 de
1278 4418 1466 4509 Nentone,
1487 4417 1637 4509 militis,
1665 4434 1703 4495 et
1726 4419 1936 4524 laquetam,

514 4553 594 4657 ejus
613 4576 783 4642 uxorem,
801 4547 984 4637 exaltem,
1003 4574 1118 4653 super
1132 4548 1328 4626 solucione
1345 4549 1595 4627 ducentarum
1613 4565 1651 4626 et
1669 4548 1937 4656 quinquaginta

515 4681 697 4758 librarum
718 4699 756 4758 et
768 4707 882 4786 super
896 4680 1021 4757 assisia
1032 4681 1164 4757 decem
1181 4681 1401 4758 libratarum
1409 4698 1510 4758 terre
1523 4681 1561 4756 in
1571 4677 1711 4787 quibus
1725 4680 1817 4758 dicti
1831 4682 1937 4788 Hugo

515 4829 553 4889 et
577 4808 822 4901 Guillelmus,
842 4812 923 4919 ejus
942 4810 1057 4900 filins,
1084 4812 1262 4890 dicebant
1287 4839 1326 4890 se
1345 4812 1468 4891 teneri
1488 4813 1599 4890 dietis
1613 4811 1851 4921 conjugibus,
1871 4839 1937 4917 pro

515 4945 603 5022 dote
624 4945 904 5052 sett'rnaritagio
923 4941 1090 5050 predicte
1109 4945 1285 5052 Jaquete,
1307 4943 1385 5020 filie
1405 4944 1495 5020 dicti
1516 4945 1702 5052 Ragonio,
1722 4942 1935 5049 sororisque

515 5074 709 5155 Guillelmi
730 5075 901 5182 predicti,
924 5075 1129 5182 dequibus
1148 5075 1321 5155 ducentis
1336 5077 1608 5183 quinquaginta
1627 5073 1734 5152 libris
1747 5090 1789 5152 et
1807 5074 1937 5152 decem
