4450 6209
764 737 1035 845 annutans
1059 755 1124 828 nr
1151 737 1359 829 rences.
1390 839 1403 854 ,
1703 753 1773 831 isa

349 900 402 980 ibi
415 898 512 976 facta
526 923 594 1002 per
607 894 829 1003 magistrum
843 912 884 974 et
894 894 1027 975 fratres
1040 895 1178 974 domus
1192 895 1342 1002 Templi
1358 894 1542 1002 predicte,
1560 896 1608 973 ad
1620 921 1774 975 manum
1812 909 1944 972 Pensm
1957 911 1999 976 tv,

349 1043 531 1116 nostram,
557 1045 737 1134 tanquam
763 1027 982 1133 superioris,
1008 1028 1130 1134 posita
1154 1027 1302 1116 luisset,
1332 1045 1374 1104 et
1397 1027 1444 1104 de
1473 1056 1517 1104 ea
1540 1028 1717 1132 magistro
1738 1047 1776 1107 et
1874 1005 1939 1048 'm'

347 1160 523 1240 lintribus
541 1159 641 1237 dicte
660 1159 895 1238 Domus—Dei
913 1187 983 1265 per
1002 1160 1162 1238 eandem
1177 1187 1331 1237 manum
1354 1175 1520 1236 nostram
1538 1158 1776 1238 recredencia

347 1293 442 1370 sacta
471 1290 628 1368 fuisset:
650 1289 840 1381 Tandem,
857 1289 997 1368 auditis
1017 1290 1188 1396 parcium
1205 1291 1459 1397 predictarum
1481 1291 1712 1382 rarioribus,
1735 1309 1777 1368 et

349 1424 424 1499 visa
442 1425 617 1528 inquesta
633 1449 748 1528 super
766 1421 856 1512 boc,
879 1420 927 1500 de
946 1423 1123 1500 mandato
1142 1437 1288 1514 nostro,
1310 1421 1422 1512 facta,
1443 1451 1511 1528 per
1530 1423 1632 1499 curie
1649 1440 1776 1502 nostre

346 1554 533 1661 judicium
555 1552 769 1659 adjudicata
789 1552 862 1630 fuit
882 1554 993 1631 dictis
1011 1553 1189 1658 magistro
1210 1569 1249 1630 et
1268 1553 1445 1632 fratribus
1459 1555 1706 1634 Domus-Dei
1729 1557 1776 1634 de

350 1684 506 1771 Belvaco
532 1685 668 1762 saisina
690 1684 841 1792 justicie
869 1684 1007 1762 domus
1036 1713 1170 1762 eorum
1200 1685 1369 1791 predicte
1397 1703 1435 1762 et
1459 1687 1777 1792 pertinenciamm

351 1817 537 1923 ejusdem,
559 1831 598 1892 et
616 1815 785 1920 predicta
798 1815 928 1921 prisia,
945 1843 1022 1922 que
1040 1816 1090 1894 ad
1103 1842 1258 1894 manum
1273 1833 1438 1894 nostram
1458 1817 1579 1922 posita
1598 1817 1721 1896 luerat
1740 1836 1779 1896 et

350 1975 463 2054 quam
481 1947 664 2024 hactenus
682 1974 750 2052 per
770 1946 1048 2026 recredenciam
1069 1944 1279 2025 habuerant
1296 1947 1472 2052 magister
1491 1965 1529 2024 et
1549 1948 1681 2026 fratres
1697 1950 1777 2027 Do·

349 2077 521 2160 mus-Dei
537 2077 721 2184 predicte,
739 2077 838 2156 dicta
852 2106 967 2156 mann
982 2096 1110 2156 nostra
1128 2076 1216 2154 inde
1235 2094 1375 2167 amota,
1394 2077 1600 2156 deliberata
1620 2078 1691 2157 luit
1710 2080 1779 2156 eis·

351 2210 440 2288 dem
462 2209 706 2316 adplenum,
728 2209 828 2288 salva
843 2227 973 2288 nmen
991 2211 1030 2287 in
1054 2208 1277 2316 hujusmodi
1302 2210 1500 2315 questione
1518 2212 1774 2318 proprietatis,

350 2342 527 2448 magistro
546 2358 584 2418 et
607 2340 785 2422 fratribus
804 2341 942 2419 domus
963 2341 1111 2447 Templi
1132 2340 1312 2446 predicte.

387 2473 603 2568 ‚Dominica
623 2490 710 2578 post
726 2472 990 2551 lnvencionem
1006 2473 1139 2550 Sancte
1155 2472 1313 2548 Cruciss

408 2605 531 2682 Monci
551 2606 763 2710 reportavit.

408 2870 498 2950 XIII.
529 2870 626 2946 Cum
644 2896 714 2946 nos
733 2869 948 2954 lintheum,
969 2868 1113 2946 dictarm
1138 2868 1186 2945 do
1209 2867 1405 2974 Gysorcio,
1433 2866 1502 2942 diu
1525 2866 1780 2943 tenuissemus

351 3017 391 3078 et
410 3018 628 3077 teneremus
654 3000 791 3079 carceri
820 2999 1092 3105 mancipatum,
1121 3027 1191 3106 pro
1219 3027 1265 3078 eo
1293 2999 1398 3105 quod
1428 2996 1538 3074 nobis
1563 2997 1779 3074 intimatum

351 3132 474 3210 fuerat
486 3132 595 3238 quod
608 3133 688 3238 ipse
698 3128 1004 3219 Bertaud0‚.filio
1023 3159 1108 3219 suo,
1127 3130 1251 3236 aliqua
1272 3128 1384 3207 verba
1400 3129 1557 3217 dixerat,
1578 3157 1622 3205 ex
1641 3128 1780 3235 quibus

352 3264 432 3369 ipse
456 3264 667 3341 bertandus
694 3263 928 3351 Johannem,
951 3261 1094 3336 dictum
1124 3261 1171 3337 de
1192 3259 1418 3350 Meleduno,
1440 3261 1713 3347 vulneraverat,
1737 3287 1780 3336 err

353 3423 430 3501 quo
453 3394 611 3472 vnlnere
633 3393 737 3470 idern
751 3392 942 3470 lohannes
965 3391 1061 3468 infra
1082 3419 1224 3496 paucos
1243 3390 1324 3467 dies
1346 3391 1572 3479 decesserat,
1592 3408 1630 3467 et
1655 3366 1780 3496 ipsuni
1862 3455 1868 3467 ,

353 3527 582 3604 Bertaudum
605 3553 674 3632 per
692 3525 805 3602 verba
824 3553 891 3601 sua
910 3524 1136 3602 animaverat
1156 3539 1194 3598 et
1214 3522 1411 3598 induxerat
1437 3522 1486 3598 ad
1513 3520 1694 3598 delictum
1715 3520 1781 3598 hu·

349 3660 518 3766 jusmodi
536 3657 856 3765 perpetrandum:
875 3656 1046 3734 Tandem
1071 3683 1184 3761 super
1206 3653 1279 3730 hiis
1298 3653 1398 3730 etad
1417 3655 1487 3729 hec
1506 3651 1782 3760 pertinentibus

354 3791 493 3898 inquiri
525 3792 726 3900 diligenter
751 3789 910 3866 lecimus
932 3787 1146 3874 veritatem,
1174 3785 1362 3872 Johanna,
1389 3801 1525 3872 matre,
1554 3781 1779 3870 Aubertino,

354 3923 774 4013 iratre,etJol1anneto
794 3921 843 3997 de
862 3919 1070 4007 Pontisara,
1093 3915 1379 4023 consanguineis
1399 3913 1491 3992 dicti
1513 3913 1694 3992 lobannis
1715 3913 1782 3990 de-

355 4055 492 4146 functi,
507 4054 646 4133 vocatis
665 4069 704 4130 et
720 4050 958 4158 presentibus
976 4077 1104 4127 coram
1122 4044 1410 4153 inquisitoribus
1432 4045 1620 4150 deputatis
1644 4043 1691 4120 ad
1709 4043 1784 4120 hoc

357 4186 525 4277 anobis,
548 4214 593 4262 ac
608 4183 824 4262 dicentibus
842 4198 882 4258 et
897 4178 1215 4286 respondentibus
1232 4175 1337 4284 quod
1356 4203 1471 4282 super
1490 4175 1588 4253 lacto
1611 4174 1782 4282 predicto

357 4318 476 4396 nichil
494 4318 784 4397 contradictum
798 4313 993 4393 Matheum
1015 4337 1227 4418 proponere
1254 4308 1313 4385 vel
1340 4308 1467 4385 dicere
1490 4305 1683 4393 volebant,
1713 4331 1782 4380 nec

357 4449 482 4556 ipsum
494 4474 607 4555 super
618 4448 692 4525 boc
706 4461 924 4552 suspectum
943 4439 1149 4528 habebant;
1168 4438 1307 4516 vocatis
1327 4437 1446 4516 eciam
1457 4435 1686 4542 quibusdam
1700 4432 1784 4509 aliis

357 4581 487 4658 amicis
511 4581 601 4660 dicti
630 4579 814 4670 defimcti,
836 4576 1002 4685 quinon
1023 4585 1338 4677 comparuerunt,
1365 4567 1458 4646 lacta
1482 4566 1596 4673 igitur
1617 4583 1657 4642 et
1680 4565 1783 4642 curie

358 4729 691 4819 nostre-reportata
706 4739 750 4788 ac
766 4707 967 4816 diligenter
974 4705 1051 4782 visa
1063 4703 1164 4780 dicta
1177 4702 1366 4808 inquesta,
1382 4698 1470 4806 quia
1481 4697 1589 4776 idam
1596 4695 1782 4783 Matbeus,

358 4869 428 4921 nec
444 4871 513 4950 per
526 4843 647 4951 ipsam
661 4842 964 4948 inquestamnec
978 4833 1083 4928 alias,
1101 4832 1267 4912 convinci
1287 4858 1401 4938 super
1414 4828 1487 4907 hiis
1500 4828 1641 4938 potuit,
1659 4827 1785 4933 ipsum

360 5003 473 5080 super
502 4975 643 5053 delicto
667 4967 889 5082 hujusmodi
919 4965 1190 5047 absolvendum
1215 4963 1413 5051 duximus,
1439 4989 1507 5068 per
1530 4960 1634 5038 curie
1657 4974 1786 5036 nostre

356 5105 562 5213 judicium,
589 5121 628 5184 et
649 5133 670 5181 a
698 5119 829 5183 nostro
850 5127 997 5178 carcere
1017 5096 1275 5186 liberandum,
1293 5093 1425 5172 dautes
1443 5092 1635 5201 preposito
1655 5105 1784 5166 nostro

1628 5264 1678 5310 21.
