4450 6209
533 702 606 773 372
1118 698 1209 771 LES
1239 696 1379 771 OLIM.
1452 753 1456 765 ,

308 848 494 912 emumtv,
587 841 737 929 Petrus,
759 838 859 916 filius
880 839 1059 946 Stephani
1080 838 1128 915 de
1148 838 1395 929 Armanhaco,
1415 856 1577 946 quatuor
1597 857 1636 917 et
1651 840 1780 947 viginti
1799 838 1918 918 libras.

365 942 429 985 1³0⁹.

588 970 722 1079 Helyas
738 969 786 1047 de
801 970 958 1060 Chares,
977 987 1130 1048 centum
1148 987 1187 1047 et
1206 970 1396 1079 octoginta
1418 970 1541 1049 libras.

588 1102 778 1179 iohannes
799 1101 845 1177 de
867 1101 1214 1209 Magistro-Jacobo,
1231 1129 1295 1179 ser
1313 1118 1351 1179 et
1369 1102 1521 1210 triginta
1537 1102 1660 1180 libras.

587 1233 728 1311 Fronto
745 1232 791 1309 de
808 1232 935 1323 Gelat,
951 1250 1136 1311 trecentas
1151 1233 1276 1312 libras.

586 1364 627 1441 B.
649 1364 752 1441 Bona
769 1363 940 1453 Boucha‚
963 1382 1117 1442 centum
1138 1381 1177 1441 et
1194 1363 1323 1470 viginti
1344 1364 1469 1441 libras.

586 1494 772 1573 Geraldus
782 1494 1013 1600 Despelrich,
1035 1512 1186 1572 centum
1203 1513 1241 1572 et
1257 1495 1388 1603 viginti
1403 1494 1526 1572 libras.

587 1624 714 1705 Guido
732 1625 779 1701 de
795 1624 971 1703 Geraudo
987 1627 1035 1704 de
1051 1625 1104 1702 las
1121 1626 1335 1715 Salinarias,
1353 1627 1553 1734 nonaginta
1569 1626 1691 1705 libras.

588 1755 737 1835 sabbati
753 1772 838 1861 post
855 1756 1268 1863 Sanctum-Georgium.

587 1888 637 1965 M.
658 1889 700 1963 R.
718 1885 765 1962 de
781 1886 965 1965 Thihotot
981 1888 1192 1995 reportavit.

586 2153 661 2229 XII.
693 2152 790 2231 Cum
821 2154 1088 2231 denunciatum
1128 2154 1258 2233 fuisset
1285 2157 1388 2234 curie
1422 2155 1613 2233 senescalli
1645 2154 1946 2261 Petragoricensis
2039 2220 2048 2231 .

532 2300 659 2360 contra
672 2284 897 2363 Gauiridum
915 2286 962 2362 de
974 2287 1108 2375 Ponte,
1121 2287 1227 2393 quod
1243 2288 1339 2393 ipse,
1356 2314 1423 2364 seu
1438 2303 1568 2394 gentes
1580 2314 1664 2375 sue,
1680 2314 1767 2362 cum
1782 2284 1947 2362 multitu·

531 2413 637 2503 dine,
655 2432 732 2491 tam
756 2416 929 2521 equitum
950 2444 1063 2522 quam
1084 2418 1278 2523 peditum,
1299 2434 1452 2494 centum
1473 2434 1510 2492 et
1528 2416 1697 2521 plurium
1720 2444 1880 2493 numero
1898 2444 1947 2491 ar-

529 2561 740 2636 matorum,
762 2573 868 2622 more
889 2546 1035 2635 hostili,
1051 2564 1088 2624 et
1100 2564 1232 2625 contra
1251 2550 1351 2653 pacis
1368 2566 1520 2639 statuta,
1537 2564 1690 2624 venerat
1703 2548 1743 2622 in
1762 2546 1947 2653 parrochia

530 2674 737 2783 d'Ayvigas,
764 2692 802 2753 et
825 2678 1030 2783 quemdam
1058 2679 1270 2769 hominem,
1298 2707 1523 2785 suspensum
1546 2679 1586 2755 in
1607 2677 1721 2757 furcis
1741 2677 1948 2785 justiciariis

530 2805 629 2883 dicte
655 2807 851 2911 parrochie
878 2834 945 2913 per
968 2825 1099 2915 gentes
1122 2810 1349 2886 vicecomitis
1375 2812 1571 2901 Turenne,
1599 2810 1771 2917 dispendi
1791 2808 1892 2896 fecit,
1916 2824 1948 2883 et

529 2940 750 3042 resuspendi
772 2938 811 3015 in
832 2938 944 3016 furcis
964 2940 1239 3043 patibularihus
1258 2942 1297 3017 in
1317 2942 1462 3019 honore
1485 2942 1592 3018 castri
1612 2940 1659 3018 de
1677 2940 1851 3018 Caslucio
1865 2938 1947 3015 dicti

530 3066 719 3160 Gausridi;
748 3086 785 3145 et
814 3098 900 3145 cum
929 3070 1052 3147 dictus
1079 3100 1284 3177 suspensus
1307 3072 1454 3161 suisset,
1486 3102 1554 3180 per
1577 3088 1706 3180 gentes
1728 3069 1947 3148 vicecomitis

529 3198 700 3304 predicti,
720 3202 767 3275 de
783 3198 893 3278 dictis
905 3199 1019 3278 iureis
1035 3204 1082 3277 de
1100 3203 1273 3281 Caslucio
1287 3220 1485 3292 extractus,
1500 3221 1538 3282 et
1550 3205 1684 3281 iterato
1700 3204 1739 3279 in
1753 3201 1866 3279 faucis
1879 3200 1964 3317 pri-¹

530 3330 602 3406 mis
620 3358 883 3437 resuspensus,
904 3333 1008 3409 idem
1028 3333 1233 3412 Gauiridus
1250 3365 1316 3413 seu
1331 3354 1461 3442 gentes
1480 3364 1566 3425 sne,
1590 3350 1816 3442 congregata
1829 3330 1947 3409 multi-

527 3461 662 3537 tudine
685 3480 838 3542 centum
863 3464 994 3571 viginti
1021 3484 1059 3541 et
1082 3467 1252 3571 plurium
1278 3486 1524 3559 armatorum,
1545 3486 1624 3544 tam
1647 3465 1820 3574 peditum
1841 3491 1946 3570 quam

531 3593 721 3699 equitum,
749 3595 798 3670 ad
823 3595 960 3671 dictam
984 3599 1221 3703 parrochiam
1248 3599 1441 3709 d’Ayvigas
1465 3600 1703 3691 accedentes,
1726 3596 1849 3673 furcas
1869 3622 1947 3702 pre·

532 3724 648 3799 dictas
660 3724 700 3799 in
713 3724 812 3801 dicta
823 3726 1021 3830 parrochia
1041 3745 1181 3805 erectas
1198 3730 1412 3819 diruerunt,
1430 3730 1693 3835 etpredictum
1713 3754 1944 3834 suspensum,

531 3852 697 3969 positum
713 3870 804 3929 tunc
826 3855 865 3931 in
885 3883 1000 3933 manu
1020 3859 1147 3964 Regis,
1169 3888 1298 3936 secum
1317 3878 1567 3965 asportantes.
1589 3860 1629 3935 in
1647 3858 1762 3937 furcis
1776 3856 1946 3963 predictis

532 3981 579 4058 de
599 3982 773 4095 Caslucio
793 3989 1014 4091 resuspendi
1031 3988 1217 4079 fecerunt,
1240 3990 1380 4068 multos
1395 3992 1489 4069 alios
1503 4020 1674 4069 excessus
1688 3989 1848 4099 graviter
1859 4016 1946 4065 com-

530 4112 746 4194 mittendo:
773 4115 896 4223 Super
919 4119 1096 4224 predictis
1118 4122 1329 4201 excessibus
1353 4123 1489 4224 auditis
1516 4121 1799 4201 defensionibus
1821 4116 1945 4227 prefati

530 4242 719 4337 Gausridi,
741 4246 912 4353 inquesta
924 4247 1018 4328 facta
1033 4269 1071 4329 et
1086 4282 1153 4358 per
1169 4255 1309 4331 curiam
1329 4272 1493 4332 nostram
1514 4256 1588 4333 visa
1605 4273 1643 4332 et
1655 4254 1857 4362 diligenter
1870 4278 1945 4329 exa-

529 4374 686 4468 minata,
707 4378 797 4484 quia
810 4379 968 4484 predicti
991 4411 1161 4461 excessus
1176 4414 1243 4491 per
1264 4386 1400 4463 dictam
1421 4386 1633 4493 inquestam
1646 4384 1785 4490 reperti
1801 4382 1945 4459 suerunt

391 4594 395 4605 .
529 4504 758 4583 sufficienter
776 4510 942 4615 probati3
964 4512 1056 4589 item
1077 4532 1115 4591 et
1126 4516 1232 4623 quod
1252 4516 1350 4593 dicte
1370 4516 1473 4593 furce
1491 4518 1530 4593 in
1547 4515 1744 4623 parrochia
1764 4513 1944 4621 d’Ayvigas

530 4653 635 4712 erant
652 4638 690 4713 in
701 4640 965 4745 jurisdictione
982 4644 1071 4722 dicti
1087 4647 1315 4725 vicecomitis
1330 4650 1524 4742 Turenne‚
1538 4676 1607 4755 per
1616 4647 1806 4754 judicium
1829 4659 1943 4722 nostre

531 4765 648 4853 curie,
670 4767 741 4844 suit
754 4770 895 4850 dictum
912 4777 1017 4881 quod
1031 4778 1137 4854 idem
1149 4778 1353 4857 Gausridus
1365 4778 1484 4857 solvet
1502 4780 1610 4859 nohis
1628 4778 1733 4855 mille
1747 4777 1861 4854 libras
1876 4776 1943 4851 Tu·

529 4920 727 4986 ronenses‚
757 4931 824 5005 pro
846 4907 1021 4999 emenda,
1045 4927 1083 4986 et
1102 4910 1208 5017 quod
1227 4912 1344 5015 dictas
1363 4911 1512 4989 surches
1531 4912 1572 4987 in
1593 4908 1789 5017 parrochia
1809 4903 1941 5014 d’dyvi-

529 5050 611 5128 gea,
632 5054 700 5131 per
719 5049 849 5133 gentes
864 5066 949 5115 suas
968 5040 1194 5137 destructas,
1217 5043 1264 5121 de
1279 5071 1376 5122 novo
1391 5042 1445 5120 ihi
1465 5042 1557 5150 erigi
1572 5040 1682 5119 saciet
1694 5037 1890 5145 strepenti,
1909 5047 1942 5109 et
