4450 6209
499 654 574 732 3711
1069 657 1160 729 LES
1185 654 1328 729 OLlM.

276 809 405 860 rernm
418 804 460 867 Ν,
500 828 553 885 sm
564 797 770 903 suscipiens
794 796 840 873 de
865 795 1059 903 predictis,
1085 795 1254 875 eundem
1272 796 1493 877 Girbertum
1515 798 1556 875 in
1576 817 1763 906 quantum
1780 819 1922 907 poterat

335 900 399 941 Μ’
500 960 613 1036 super
637 929 710 1005 hiis
737 927 953 1017 liberando,
974 958 1043 1037 per
1064 908 1257 1037 judicium
1276 930 1380 1007 curie
1400 947 1545 1021 nostre,
1572 930 1696 1011 dictus
1720 932 1921 1013 Gaulridus

500 1061 720 1140 omnimoda
739 1060 890 1167 justicia
914 1060 986 1137 alta
1012 1078 1218 1139 castromm
1241 1061 1501 1169 predictorum
1531 1063 1579 1141 de
1607 1062 1779 1142 Caslucio
1809 1082 1847 1143 et
1875 1066 1920 1142 de

498 1190 763 1272 Monte-Forti
787 1191 950 1297 privatus
969 1190 1058 1281 suit,
1081 1209 1119 1269 et
1137 1192 1307 1300 predicta
1328 1192 1479 1302 justicie
1505 1194 1692 1273 dictorum
1716 1212 1917 1274 castrorum

498 1324 624 1413 nobis,
643 1351 710 1431 per
729 1322 832 1413 idem
848 1321 1055 1429 judicium,
1071 1325 1192 1403 extitit
1210 1325 1410 1433 applicata,
1429 1344 1467 1404 et
1490 1326 1763 1427 nichilominus
1780 1328 1917 1406 dictum

496 1456 568 1533 fuit
587 1456 690 1562 quod
705 1472 810 1561 parte
826 1454 1050 1563 principales
1066 1456 1156 1537 dicti
1171 1458 1280 1537 castri
1297 1456 1345 1537 de
1360 1459 1537 1538 Monte-F
1540 1457 1613 1536 orti
1630 1458 1873 1538 destruentur
1884 1477 1920 1537 et

496 1587 779 1675 comburentur,
794 1616 864 1665 nec
879 1588 925 1665 de
943 1605 1068 1667 cetero
1080 1605 1190 1697 porte
1206 1589 1258 1666 ibi
1276 1606 1510 1697 reponentur
1519 1588 1663 1697 absque
1674 1607 1803 1669 nostra
1814 1588 1920 1667 licen·

497 1718 744 1826 ciaspecisli:
767 1719 908 1824 poterit
927 1736 1053 1799 tamen
1074 1718 1156 1796 fieri
1178 1720 1322 1799 ibidem
1344 1722 1518 1801 clausura
1539 1721 1587 1800 de
1607 1720 1736 1828 spinis.

553 1850 705 1929 Sabbati
719 1850 895 1958 predicta.

553 1984 603 2059 M.
625 1984 702 2060 Yvo
723 1982 771 2059 de
792 1982 1020 2059 laudunaco
1041 1984 1252 2089 reportavit.

551 2249 644 2327 XlV.
674 2246 785 2337 Item,
813 2275 899 2322 cum
927 2246 1197 2323 denunciatum
1222 2245 1355 2325 luisset
1372 2247 1477 2325 curie
1498 2248 1690 2335 senescalli
1717 2251 1920 2357 Petragori·

496 2380 615 2459 censis
635 2380 740 2486 quod
760 2378 968 2457 vicecomes
985 2379 1184 2467 Turenne,
1208 2406 1277 2457 seu
1301 2394 1432 2487 gentes
1455 2408 1540 2469 sue,
1565 2408 1654 2457 cum
1676 2380 1918 2459 multitudine

496 2529 727 2587 armatorum
747 2539 833 2585 cum
856 2509 969 2587 armis
987 2506 1190 2614 prohibitis
1210 2508 1428 2587 incedentes
1445 2537 1513 2616 per
1531 2527 1672 2587 terram
1687 2529 1869 2603 nostram,
1885 2530 1920 2591 et

497 2659 629 2721 euntes
653 2641 701 2718 ad
726 2641 849 2719 lurcas
876 2641 984 2719 castri
1008 2640 1055 2719 de
1083 2640 1257 2720 Caelucio
1283 2640 1457 2719 Gaulridi
1482 2641 1530 2718 de
1556 2643 1692 2735 Ponte,
1718 2644 1918 2749 quemdam

496 2774 693 2851 bominem
707 2801 931 2881 suspensum
953 2772 992 2850 in
1013 2774 1122 2851 dictis
1140 2772 1551 2880 lurcisdispenderunt
1564 2790 1603 2851 et
1616 2803 1746 2853 secum
1759 2794 1920 2882 asporta-

497 2923 654 2982 verunt:
676 2906 798 3010 Super
813 2903 1008 3011 predictis,
1031 2904 1169 2982 auditis
1190 2904 1474 3017 defensionibus
1494 2906 1584 2985 dicti
1606 2908 1850 2997 vicecomitis,
1866 2910 1918 2986 in-

497 3053 628 3141 questa
638 3036 731 3112 lacta
745 3053 782 3111 et
791 3064 861 3141 per
872 3037 1013 3113 curiam
1028 3052 1194 3115 nostram
1210 3037 1412 3147 diligenter
1422 3038 1645 3128 examinata,
1657 3066 1725 3147 per
1732 3040 1916 3147 judicium

495 3187 624 3248 nostre
644 3168 766 3256 curie,
790 3167 933 3247 dictum
950 3166 1022 3247 luit
1039 3168 1144 3275 quod
1165 3166 1288 3245 dictus
1303 3169 1527 3259 vicecomes,
1544 3168 1723 3277 profacto
1737 3170 1914 3277 predicto,

493 3301 615 3384 solvet
634 3300 743 3380 nobis
763 3317 917 3377 centum
934 3299 1049 3384 libras
1069 3302 1313 3379 Turonenses
1329 3328 1400 3408 pro
1418 3300 1589 3379 emenda.

550 3432 703 3513 sabbati
721 3432 900 3539 predicta.

550 3566 601 3644 M.
622 3567 698 3643 Yvo
719 3564 767 3641 de
787 3563 1014 3642 laudunaco
1034 3565 1247 3671 reportavit.

1297 3762 1322 3811 ο

551 3831 627 3907 XV.
659 3829 756 3906 Cum
777 3828 988 3905 Richardus
1007 3829 1056 3904 de
1075 3828 1263 3935 Roquele,
1279 3829 1405 3919 miles,
1424 3829 1651 3907 senescallus
1672 3831 1835 3917 Pontivi,
1857 3858 1918 3905 ns

495 3963 553 4039 bis
569 3959 800 4067 exposuisset
814 3958 934 4066 quod,
949 3986 1034 4036 cum
1053 3960 1150 4067 ipse,
1168 3961 1325 4039 nomine
1342 3962 1492 4041 comitis
1511 3962 1674 4052 Pontivi,
1694 3991 1738 4039 ex
1753 3963 1866 4070 justis
1884 3978 1918 4039 et

492 4091 770 4175 sufficientibus
789 4092 924 4182 causis,
943 4092 1109 4174 officium
1124 4111 1163 4170 et
1179 4109 1316 4171 statum
1330 4094 1487 4203 majoris
1502 4112 1542 4173 et
1550 4094 1762 4173 scabinatus
1774 4074 1860 4171 ville
1872 4094 1916 4171 de

494 4224 759 4305 AbbatisVilla
774 4225 825 4305 ad
840 4253 995 4301 manum
1011 4252 1117 4303 suam
1133 4226 1335 4332 posuisset,
1354 4244 1410 4313 et,
1425 4226 1614 4332 posthoc,
1633 4226 1683 4303 ad
1702 4226 1916 4308 instanciam

492 4358 757 4466 magistrorum
786 4356 1083 4437 ministeriorum
1106 4357 1322 4438 communie
1345 4358 1570 4447 dinteville,
1593 4358 1782 4465 posuisset
1804 4356 1916 4434 admi

495 4492 731 4568 nistratorem
752 4488 791 4565 in
807 4488 931 4569 officio
951 4488 1188 4595 supradicto,
1205 4489 1327 4595 major
1344 4506 1384 4567 et
1403 4489 1543 4567 scabini
1560 4488 1659 4571 dicte
1674 4488 1763 4567 ville
1779 4488 1914 4569 eisdem

493 4621 784 4700 administratori
806 4640 843 4701 et
862 4621 1068 4703 senescallo
1087 4649 1239 4727 parere,
1260 4648 1338 4699 non
1357 4622 1439 4700 sine
1458 4621 1669 4703 rebellione
1687 4638 1793 4713 nota,
1815 4619 1915 4698 inde·

493 4752 572 4829 bite
597 4768 908 4857 contempnentes
933 4778 1159 4861 suspensum
1188 4752 1261 4830 sibi
1286 4752 1471 4842 officium,
1501 4770 1707 4837 asserentes
1730 4781 1770 4832 se
1794 4768 1915 4831 contra

494 4884 617 4989 ipsum
637 4883 882 4961 senescallum
904 4901 943 4961 et
961 4914 983 4963 a
1002 4914 1069 4963 sua
1087 4885 1189 4963 curia
1209 4884 1259 4964 ed
1276 4902 1444 4963 nostram
1462 4885 1608 4978 curiam
1628 4884 1849 4992 appellasse,
1868 4883 1913 4959 de

492 5014 589 5093 facto
607 5041 775 5093 exercere
796 5033 1127 5125 presumpserunt,
1144 5017 1417 5129 propterquod
1431 5018 1536 5097 idem
1554 5015 1783 5097 senescallus
1801 5013 1914 5123 majo·
