4450 6209
615 712 621 720 .
747 625 1015 733 nuoutrns
1041 642 1103 714 nr
1131 622 1337 716 Psocts.
1677 645 1750 716 cor
1867 591 1870 594 ⁴

335 804 373 865 et
386 784 618 866 territorium
636 785 736 864 dicte
750 783 854 874 ville,
865 783 1078 862 accedendo
1097 783 1254 872 ibidem,
1272 811 1341 861 seu
1355 810 1424 889 per
1437 799 1586 871 terram,
1605 811 1673 860 seu
1687 813 1755 890 per
1790 790 1921 844 rmum
1933 783 1976 852 tv,

334 945 457 1009 mare,
469 916 588 994 libere
603 915 744 1022 absque
757 914 950 994 solucione
968 931 1176 1003 constume,
1191 912 1391 991 exactionis
1406 941 1475 992 seu
1492 913 1650 1021 alicujus
1664 912 1755 991 alte-
1852 879 1915 923 Μ’

333 1047 412 1126 rius
431 1045 634 1138 servitutis,
656 1063 695 1123 et
712 1045 816 1152 quod
835 1045 941 1154 gagia
960 1073 1026 1122 sua
1045 1073 1112 1122 seu
1131 1043 1348 1150 pecuniam,
1370 1060 1524 1150 propter
1542 1044 1615 1121 hoc
1632 1062 1753 1150 capta,

335 1192 458 1254 amota
477 1204 591 1254 manu
608 1194 752 1268 nostra,
773 1175 844 1253 sibi
861 1175 980 1254 libere
995 1175 1257 1266 restituentur,
1272 1191 1456 1251 reservata
1466 1191 1609 1265 tamen,
1624 1175 1663 1251 in
1673 1203 1757 1281 pre·

333 1306 467 1398 missis,
481 1305 613 1414 majori
626 1323 664 1386 et
676 1306 837 1386 scabinis
846 1305 932 1384 ville
950 1307 997 1386 de
1011 1304 1279 1413 Gravelingnes
1293 1305 1492 1411 questione
1507 1305 1755 1413 proprietatis.

392 1437 554 1518 Sabbata
566 1453 653 1544 post
666 1437 951 1518 Pentheoosten.
1556 1468 1561 1473 ·

390 1569 441 1647 Μ.
457 1569 504 1644 Η.
519 1569 566 1646 de
583 1567 858 1647 Sancto-Paulo
877 1567 1089 1673 reportavit.

388 1829 513 1918 XCIX.
536 1829 637 1908 Mota
651 1828 735 1917 lite,
753 1827 794 1902 in
808 1827 911 1906 curia
926 1841 1069 1918 nostra,
1084 1827 1183 1904 inter
1195 1826 1334 1905 ducem
1346 1828 1582 1935 Burgundio,
1600 1848 1760 1936 exparte
1879 1837 1885 1846 '

333 1987 425 2049 una,
447 1975 487 2038 et
498 1974 782 2066 procuratorem
799 1973 972 2036 nostrum
992 1955 1142 2046 ballivis
1162 1956 1462 2050 Matisconensis,
1477 1987 1547 2064 pro
1568 1959 1694 2049 nobis,
1717 1989 1761 2037 ex

333 2090 460 2182 altera,
475 2117 589 2197 super
603 2117 649 2166 eo
661 2086 764 2194 quod
783 2086 859 2163 dux
875 2088 954 2193 ipse
968 2114 1136 2168 asserens
1152 2114 1192 2165 se
1206 2115 1286 2167 esse
1301 2104 1341 2164 et
1354 2089 1436 2195 ejus
1449 2106 1605 2195 patrem,
1624 2088 1759 2168 ducem

334 2218 564 2326 Burgundio,
585 2235 756 2323 tempore
778 2243 854 2322 quo
873 2215 1034 2305 vivebat,
1056 2215 1171 2294 fuisse
1196 2216 1237 2292 in
1255 2217 1391 2298 saisina
1409 2221 1563 2296 ressorti
1582 2238 1684 2297 terre
1714 2222 1762 2296 de

335 2346 560 2439 Charollois,
576 2346 625 2423 de
641 2345 792 2433 Usellis,
809 2346 857 2422 de
869 2344 1054 2423 Brancion
1070 2362 1108 2423 et
1126 2362 1226 2422 terre
1248 2345 1392 2424 domini
1408 2345 1457 2424 de
1474 2332 1585 2440 Lusi,
1597 2377 1762 2456 conque·

334 2478 489 2557 rebatur
502 2479 550 2554 de
568 2474 707 2554 ballivo
721 2475 1001 2567 Matisconensi,
1017 2475 1104 2582 quia
1124 2503 1280 2553 manum
1300 2492 1465 2554 nostram
1486 2497 1709 2583 apposuerat
1722 2482 1760 2557 in

336 2609 437 2686 dicto
453 2624 616 2687 ressorto
634 2605 681 2682 de
697 2632 794 2684 novo
815 2622 853 2683 et
866 2605 1018 2712 injuste,
1040 2622 1081 2684 ut
1095 2603 1255 2696 dicebat,
1272 2605 1463 2684 turbando
1483 2608 1607 2714 ipsum
1623 2609 1761 2690 ducem

334 2739 375 2814 in
392 2767 458 2816 sua
473 2737 609 2815 saisina
626 2735 811 2844 predicta,
823 2762 940 2843 quare
953 2735 1104 2842 petebat
1119 2736 1257 2814 dictam
1274 2765 1431 2814 manum
1448 2755 1614 2818 nostram
1635 2758 1675 2818 et
1690 2742 1763 2818 im-

334 2868 597 2975 pedimentum
612 2865 824 2973 predictum
842 2865 1019 2958 amoveri,
1033 2866 1236 2973 ipsumque
1249 2867 1350 2944 tueri
1363 2865 1402 2945 in
1422 2870 1557 2948 saisina
1575 2872 1760 2977 predicta;

335 2997 436 3076 dicto
450 3012 693 3104 procuratore
707 3013 852 3087 nostro,
868 2995 1041 3102 pluribus
1054 2996 1284 3088 racionibus,
1301 2998 1532 3076 contrarium
1551 3009 1761 3090 asserente,

335 3153 447 3233 super
458 3126 655 3232 predictis,
672 3126 811 3204 auditis
825 3127 1015 3233 partibus,
1029 3127 1306 3218 mandavimus,
1327 3156 1396 3234 per
1411 3145 1533 3206 certos
1546 3131 1763 3216 commissa·

335 3258 428 3348 rios,
449 3257 643 3334 veritatem
664 3255 829 3361 inquiri:
850 3257 958 3332 Facta
973 3257 1089 3363 igitur
1106 3257 1279 3364 inquesta
1296 3286 1410 3365 super
1427 3259 1623 3365 predictis,
1644 3289 1763 3369 eaque

336 3387 536 3494 diligenter
555 3385 648 3475 visa,
680 3385 769 3492 quia
788 3401 981 3491 repertum
1001 3403 1059 3466 est
1077 3415 1146 3493 per
1165 3415 1248 3464 eam
1271 3388 1396 3492 ipsum
1422 3389 1558 3467 ducem
1580 3389 1764 3470 intencio-

334 3544 423 3596 nem
442 3545 550 3598 suam
561 3515 700 3594 melius
715 3544 830 3622 qnam
843 3516 990 3603 dictum
998 3533 1280 3622 procuratorem
1300 3535 1471 3596 nostrum
1490 3520 1686 3626 probasse,
1703 3551 1765 3625 su·
1848 3505 1853 3513 ’

335 3676 404 3753 per
422 3647 556 3726 saisina
573 3645 727 3725 ressorti
740 3662 839 3728 terre
857 3646 907 3724 de
927 3646 1158 3739 Charrolais,
1176 3649 1224 3731 de
1244 3649 1481 3734 Brancionet
1495 3668 1596 3735 terre
1617 3651 1763 3730 domini

336 3777 382 3856 de
401 3779 511 3868 Luzi,
533 3775 675 3854 scilicet
688 3775 795 3854 castri
814 3775 862 3854 de
884 3774 1076 3855 Borbonio
1090 3777 1243 3857 Lanseis
1263 3777 1368 3856 etde
1388 3780 1551 3858 Saumur
1564 3807 1612 3858 en
1632 3781 1764 3860 Brien-

335 3908 435 3997 nois,
465 3934 534 4014 per
553 3906 651 4020 dicte
667 3905 770 3981 curie
792 3922 917 3983 nostre
928 3906 1136 4014 judicium,
1159 3908 1305 3989 dictum
1327 3908 1399 3988 luit
1419 3910 1544 4015 ipsum
1566 3911 1706 3996 ducem
1724 3913 1764 3989 in

336 4038 470 4116 saisina
485 4035 638 4114 ressorti
657 4034 842 4114 dictarum
863 4052 1047 4114 terrarum
1072 4067 1266 4121 remanere
1289 4040 1427 4121 debere
1448 4041 1664 4146 dictamque
1687 4071 1765 4122 ma·

336 4197 429 4247 num
448 4183 615 4244 nostram
645 4164 784 4242 debere
814 4162 903 4241 inde
924 4166 1113 4258 amoveri,
1144 4167 1308 4274 fuitque,
1334 4198 1403 4274 per
1429 4170 1532 4247 idem
1555 4171 1763 4276 judicium,

336 4316 458 4379 amota
479 4293 578 4376 dicta
602 4323 735 4376 manus
759 4311 885 4374 nostra
910 4294 957 4372 de
979 4311 1143 4374 ressorto
1166 4312 1353 4374 terrarum
1371 4298 1647 4404 predictarum,
1667 4300 1764 4378 salva

335 4429 464 4518 nobis,
482 4456 597 4534 super
615 4425 706 4518 hiis,
724 4425 921 4532 questione
941 4425 1195 4533 proprietatis,
1209 4456 1358 4517 verum,
1372 4429 1461 4535 quia
1474 4445 1669 4535 repertum
1688 4448 1761 4521 est,

336 4588 403 4666 per
423 4560 541 4665 ipsam
561 4557 791 4664 inquestam,
813 4556 994 4634 dilectum
1013 4573 1050 4634 et
1068 4555 1222 4638 fidelem
1241 4558 1394 4636 Petrum
1414 4557 1462 4636 de
1482 4559 1677 4653 Blanasco,
1699 4561 1764 4638 mi·

336 4689 444 4766 litem
472 4705 670 4777 nostrum,
699 4715 824 4766 coram
853 4686 965 4770 dictis
984 4687 1249 4766 commissariis
1270 4690 1540 4796 comparuisse,
1561 4690 1789 4799 ipsumque

337 4819 535 4898 asseruisse
554 4835 716 4898 castrum
728 4817 776 4894 de
791 4817 930 4898 Usellis
946 4845 1026 4896 esse
1047 4820 1094 4894 de
1110 4835 1273 4899 ressorto
1288 4834 1417 4896 nostro
1439 4820 1661 4910 inmediate,
1681 4850 1762 4901 nos

337 4976 413 5058 que
429 4977 509 5027 esse
523 4949 563 5026 in
579 4948 714 5030 saisina
726 4947 816 5026 dieti
834 4947 1000 5042 ressorti,
1015 4947 1268 5058 articulosque
1281 4979 1394 5056 super
1408 4951 1507 5042 dicta
1523 4951 1669 5044 saisina,
1682 4969 1761 5029 tam
