4450 6209
698 714 964 823 annueres
990 734 1057 807 rr
1083 712 1285 809 raools.
1683 736 1729 809 57

306 876 446 957 ducere
464 891 614 983 poterat
632 874 681 953 ad
697 875 944 982 pascendum,
961 876 1033 956 nisi
1051 877 1141 957 inde
1162 876 1317 956 domino
1337 876 1585 985 proprietario
1605 895 1732 985 pastu·
1770 889 1901 945 Paucas
1912 885 1956 948 Ν,

306 1007 498 1115 regiorum
516 1006 771 1087 redibenciam
790 1005 929 1085 laceret
948 1024 986 1086 et
1005 1009 1054 1086 de
1073 1036 1226 1087 assensu
1245 1008 1348 1085 illius
1367 1038 1388 1085 a
1407 1036 1485 1115 quo
1504 1009 1673 1097 tenebat,
1695 1025 1733 1085 et
1833 980 1896 1025 Μ’

306 1140 337 1217 si
357 1138 449 1217 dicti
471 1138 646 1218 homines
660 1136 850 1217 faciebant
871 1138 1038 1245 aliquam
1056 1139 1330 1231 redibeuciam,
1353 1168 1436 1217 earn
1461 1138 1644 1217 faciebant
1663 1169 1733 1247 pro

306 1269 390 1347 aliis
409 1269 549 1358 causis;
564 1296 681 1375 quare
695 1268 847 1376 petebat
860 1269 963 1347 idem
979 1270 1091 1348 miles
1105 1270 1346 1377 pronunciari
1365 1270 1470 1378 quod
1485 1271 1533 1349 ad
1549 1298 1637 1349 eum
1652 1300 1735 1377 per·

306 1400 451 1477 tinebat
463 1400 529 1507 jus
547 1398 647 1477 dicte
668 1399 723 1477 rei
744 1401 999 1492 contenciose,
1021 1419 1060 1477 et
1077 1401 1184 1508 quod
1202 1401 1379 1479 homines
1399 1402 1558 1509 predicti
1573 1401 1638 1509 jus
1657 1430 1735 1479 non

310 1530 452 1609 babent
478 1530 641 1609 ducendi
668 1529 806 1609 bestias
830 1558 916 1609 suas
947 1532 987 1607 in
1012 1532 1223 1639 pasnuagia
1248 1532 1481 1638 supradicta,
1508 1560 1552 1613 ex
1578 1534 1734 1612 adverso

309 1677 454 1748 autern,
468 1688 538 1766 pro
553 1661 663 1739 dictis
675 1660 897 1739 hominibus
910 1662 1193 1771 proponebatur
1206 1690 1270 1740 eos
1284 1680 1323 1741 ct
1332 1680 1584 1742 antecessores
1601 1694 1735 1743 eorum

310 1821 389 1872 esse
410 1808 449 1871 et
467 1791 582 1870 fuisse
601 1792 642 1868 in
660 1792 759 1870 bona
786 1792 920 1870 saisina
945 1792 1098 1899 pacifica
1119 1792 1166 1869 de
1187 1794 1415 1899 pasturando
1434 1794 1573 1873 bestias
1593 1824 1677 1873 suas
1697 1798 1735 1873 iu

310 1924 530 2003 nemoribus
550 1924 641 2002 dicti
660 1922 808 2012 militis,
826 1941 1032 2031 atempore
1051 1942 1158 2003 tanto
1178 1924 1284 2032 quod
1302 1925 1559 2034 acquisierunt
1573 1928 1637 2034 jus
1655 1956 1737 2033 pro

310 2056 478 2161 prietatis
497 2056 536 2133 in
554 2054 775 2161 pasturagiis
794 2054 989 2162 predictis,
1010 2054 1186 2133 videlicet
1205 2085 1224 2133 a
1249 2055 1397 2151 decem,
1416 2054 1565 2165 viginti,
1586 2058 1738 2165 triginta

311 2204 349 2263 et
366 2186 615 2294 quadraginta
629 2184 752 2276 annis,
767 2201 809 2263 et
827 2183 944 2265 eciam
961 2202 1170 2291 atempore
1185 2215 1206 2265 a
1222 2215 1300 2294 quo
1319 2215 1433 2293 super
1452 2189 1639 2266 contrario
1660 2218 1740 2266 me-

311 2318 433 2395 moria
458 2346 535 2395 non
560 2317 700 2407 existit,
727 2317 902 2395 ducendo
921 2316 1097 2399 videlicet
1119 2318 1159 2397 in
1187 2318 1283 2395 dicta
1306 2320 1534 2427 pasturagia,
1560 2349 1664 2397 vacas
1690 2321 1738 2397 ad

312 2451 491 2558 quintum
502 2449 655 2541 folium,
673 2478 792 2556 equos
806 2467 891 2555 post
906 2450 1003 2527 duos
1017 2477 1136 2527 annos
1151 2448 1360 2556 completos
1374 2479 1394 2527 a
1409 2466 1581 2555 tempore
1597 2453 1738 2530 scissio·

312 2582 371 2657 nis
385 2580 672 2669 dicti-nemoris,
691 2598 729 2658 et
741 2581 996 2659 communiter
1009 2608 1142 2658 omnes
1154 2578 1310 2665 bestias,
1325 2579 1598 2686 absqueeciam
1607 2582 1737 2688 garda,

313 2731 484 2821 ternpore
506 2742 585 2819 quo
605 2728 706 2788 terra
729 2711 770 2787 in
795 2727 873 2789 tota
900 2712 1020 2817 patria
1040 2728 1079 2787 et
1096 2708 1291 2787 territorio
1307 2726 1485 2816 cooperta
1504 2725 1560 2787 est
1579 2711 1678 2801 nive,
1702 2731 1741 2791 et

314 2844 419 2923 omni
434 2872 533 2921 anno
551 2844 591 2919 in
610 2841 672 2919 die
688 2842 834 2919 veneris
853 2843 893 2918 in
907 2843 1081 2919 Passieno
1097 2841 1272 2931 Domini,
1291 2870 1333 2917 ac
1349 2840 1387 2917 iu
1404 2840 1465 2917 die
1484 2842 1738 2922 Resurrectio·

314 2978 373 3054 nis
389 2974 577 3081 ejusdem
596 2975 877 3081 proponebatur
897 2974 1017 3053 eciam
1032 3003 1102 3083 pro
1123 2974 1177 3053 eis
1192 2972 1297 3080 quod
1314 2973 1386 3051 hoc
1404 2972 1457 3051 eis
1474 2971 1611 3051 licebat
1626 2975 1740 3055 titulo

314 3108 534 3186 donacionis
550 3108 604 3183 eis
619 3104 713 3183 facte
734 3135 755 3182 a
771 3106 965 3214 quondam
979 3135 1067 3215 rege
1087 3106 1262 3195 Francis,
1281 3121 1319 3184 et
1339 3136 1359 3181 a
1377 3105 1543 3183 dominis
1563 3108 1628 3212 qui
1646 3110 1741 3185 anti-

314 3238 445 3346 quitus
458 3236 710 3316 fundaverunt
725 3237 841 3314 dictas
856 3236 963 3315 villas
977 3266 1091 3343 super
1104 3236 1273 3315 subsidia
1287 3264 1356 3314 seu
1372 3238 1558 3343 aysaneias
1572 3257 1742 3343 pastura-

315 3371 465 3477 giorum
477 3397 679 3447 nemorum
692 3368 965 3476 predictorum,
979 3384 1017 3445 et
1023 3368 1145 3474 quod,
1158 3395 1226 3473 pro
1240 3365 1349 3445 dictis
1359 3368 1595 3473 pasturagiis,
1608 3367 1664 3444 illi
1676 3371 1741 3475 qui

317 3499 507 3577 habebant
528 3500 665 3577 bestias
690 3498 898 3588 solvebant,
925 3497 1084 3607 siugulis
1114 3497 1240 3587 annis,
1271 3496 1540 3590 redibenciam,
1567 3498 1742 3577 videlicet

316 3631 518 3738 quodlibet
527 3631 739 3738 hospicium
752 3658 874 3709 unum
885 3629 1085 3710 denarium
1095 3628 1143 3705 de
1153 3626 1343 3739 louvagio,
1363 3646 1401 3705 et
1413 3629 1531 3707 eciam
1545 3628 1740 3723 dominus,

316 3763 387 3840 sub
404 3792 568 3869 quorum
585 3763 757 3870 dominio
772 3763 1027 3852 morabantur,
1046 3790 1168 3837 unum
1181 3788 1320 3867 panem
1334 3760 1393 3839 vel
1409 3790 1530 3839 unum
1544 3762 1742 3841 denarium

316 3893 367 3971 de
379 3892 596 4001 forestagi03
611 3922 681 4000 pro
696 3893 786 4000 ipsis
798 3910 926 3970 autem
940 3891 1162 3970 bominibus
1173 3890 1261 3969 ville
1275 3907 1314 3967 et
1324 3891 1521 3997 parrochie
1536 3890 1583 3969 de
1595 3891 1742 4000 Chally,

317 4025 417 4102 ultra
432 4026 629 4131 premissa,
649 4024 929 4133 proponebatur
947 4023 1143 4130 quoddam
1158 4022 1371 4130 judicatum
1387 4020 1503 4101 fuisse
1519 4020 1659 4101 lactum
1676 4052 1745 4129 pro
1766 4078 1769 4083 -

317 4156 410 4261 ipsis
424 4172 554 4234 contra
569 4157 713 4235 dictum
727 4153 889 4233 militem
900 4182 1015 4261 super
1024 4153 1161 4232 saisina
1175 4152 1363 4231 dictorum
1379 4154 1694 4260 pasturagiorum,
1709 4170 1747 4231 et

319 4286 439 4365 eciam
466 4263 701 4365 consuetudo
724 4285 905 4394 quedam,
926 4313 1043 4390 quare
1062 4285 1244 4390 petebant
1262 4302 1524 4391 procuratores
1544 4285 1746 4362 hominum

320 4418 505 4495 dictarum
525 4417 699 4495 villarum
718 4414 959 4524 pronunciari
978 4413 1084 4520 quod
1103 4414 1152 4491 ad
1172 4415 1272 4520 ipsos
1289 4415 1462 4493 homines
1483 4418 1671 4521 pertineat
1681 4416 1748 4522 jus

318 4550 537 4657 pasturandi
553 4550 694 4629 bestias
711 4547 852 4627 suasio
872 4545 985 4623 dictis
998 4544 1219 4623 nemoribus
1235 4544 1324 4623 dicti
1346 4544 1492 4637 militis,
1509 4547 1749 4652 temporibus

319 4700 358 4761 et
377 4682 512 4760 diebus
530 4682 726 4790 predictis:
749 4679 898 4773 Quibus
924 4694 963 4754 et
985 4675 1066 4753 aliis
1085 4676 1259 4782 pluribus
1283 4676 1372 4753 hinc
1400 4676 1491 4756 inde
1516 4680 1749 4786 propositis,

319 4814 492 4923 partibus
506 4813 736 4891 sufficienter
748 4809 908 4889 evocatis
922 4826 960 4887 et
973 4808 1128 4901 auditis,
1145 4808 1220 4923 ¹risa
1232 4810 1405 4916 inquesta
1417 4836 1531 4916 super
1547 4810 1619 4889 biis
1632 4810 1746 4904 facta,

321 4946 409 5023 visis
428 4946 546 5023 eciam
566 4940 873 5050 deposicionibus
890 4939 1045 5019 testium
1064 4940 1262 5049 utriusque
1285 4939 1401 5047 partis
1421 4956 1460 5019 et
1479 4942 1657 5020 omnibus
1676 4943 1748 5020 rite

322 5079 430 5166 actis,
444 5076 735 5183 pronunciatum
747 5072 820 5152 luit
832 5099 901 5181 per
913 5071 1016 5150 curie
1031 5090 1159 5154 nostre
1170 5072 1357 5180 judicium
1369 5073 1470 5180 ipsos
1485 5072 1661 5153 homiues
1676 5074 1750 5153 dic·

408 5254 458 5297 crs
478 5254 561 5296 ocrrr.
583 5253 629 5293 111.
1604 5232 1624 5295 8
