4450 6209
512 727 583 800 tar
1089 727 1180 800 tas
1211 724 1350 806 OLIM.

279 877 411 932 emuna
422 877 468 942 W·
506 868 580 947 hoc
595 866 757 948 absoluti
769 864 941 958 fuerunt,
958 869 1066 953 salvis
1081 868 1287 979 privilegiis
1302 885 1340 949 et
1356 865 1596 946 libertatibus
1612 863 1769 944 ecclesie
1783 881 1823 944 et
1839 894 1942 944 com-

340 968 406 1013 m
507 1003 639 1082 mtmie
657 1000 924 1110 predictarum.

564 1135 721 1212 Veneris
740 1151 826 1241 post
843 1133 1147 1225 Pentheeostem,
1170 1161 1271 1214 anno
1290 1131 1556 1213 trecentesimo
1573 1149 1720 1238 quarto.

565 1400 688 1480 XXVI.
720 1400 819 1479 Cum
842 1398 1029 1477 discretus
1047 1399 1103 1474 vir
1124 1397 1299 1506 magister
1319 1397 1529 1478 Grimerius
1554 1395 1603 1472 de
1621 1395 1836 1486 Plaoencia,
1858 1397 1937 1474 the·

508 1531 697 1611 samarius
716 1531 950 1638 bajocensis,
974 1529 1086 1609 uobis
1105 1547 1334 1636 conquestus
1358 1527 1492 1606 luisset
1516 1527 1621 1634 qued
1644 1526 1868 1634 Radulphus
1892 1529 1936 1605 de

508 1664 709 1756 Mellento,
729 1664 911 1742 dominus
930 1663 979 1738 de
1001 1662 1187 1752 cunella,
1210 1660 1336 1754 miles,
1358 1661 1476 1767 ipsius
1494 1659 1718 1739 thesaurarii
1738 1659 1874 1738 domos
1892 1660 1936 1738 de

507 1797 696 1874 Berneriis
709 1812 748 1872 et
761 1795 978 1886 Tombetis‚
994 1824 1082 1872 cum
1095 1809 1327 1872 armatorum
1341 1791 1604 1883 multitudine,
1619 1792 1746 1900 fregit,
1759 1791 1938 1870 violenter

509 1927 660 2006 intravit
674 1944 713 2005 et
726 1926 934 2033 occupavit,
951 1956 993 2004 ac
1007 1927 1154 2005 detinet
1170 1943 1381 2032 occupatas,
1401 1953 1546 2004 necnon
1563 1923 1769 2033 quemdam
1786 1949 1937 2030 equum,

511 2060 732 2168 quindecim
744 2087 906 2166 capones
920 2076 959 2136 et
973 2057 1247 2166 quinquaginta
1261 2056 1431 2164 quinque
1444 2056 1560 2136 libras
1573 2060 1831 2145 Turonenses‚
1853 2055 1940 2133 dicti

510 2191 734 2270 thesaurarii
756 2191 971 2283 existentes,
990 2190 1136 2268 ibidem
1161 2189 1260 2295 cepit
1286 2207 1323 2266 et
1346 2217 1474 2268 secum
1498 2189 1676 2298 portavit,
1704 2189 1938 2295 dampnaque

512 2323 676 2432 plurima
697 2323 769 2401 alia
787 2321 919 2400 intulit
941 2323 1090 2412 eidem3
1114 2350 1184 2400 nos
1204 2321 1431 2429 superbiis,
1452 2340 1584 2401 vocato
1607 2321 1708 2402 dicto
1729 2320 1868 2412 milite,
1890 2319 1940 2396 l·

512 2457 633 2534 cimus
650 2457 844 2534 veritatem
860 2455 1004 2562 inquiri
1023 2455 1132 2536 :Visa
1148 2455 1262 2563 igitur
1277 2470 1315 2531 et
1330 2452 1532 2561 diligenter
1549 2454 1755 2532 examinata
1772 2453 1940 2560 inquesta

511 2589 696 2694 predicta,
716 2605 754 2665 et
772 2588 1026 2695 procuratoris
1046 2587 1165 2694 ipsius
1184 2585 1408 2664 thesaurarii
1424 2587 1642 2694 juramento
1663 2603 1814 2692 recepto
1833 2611 1941 2691 super

513 2748 660 2799 summa
689 2719 850 2826 pecunie
873 2718 1088 2825 supradicte
1117 2737 1154 2796 et
1183 2719 1374 2795 dictorum
1404 2744 1565 2796 numero
1591 2747 1795 2826 caponum,
1824 2717 1941 2794 dictus

514 2851 643 2942 miles,
658 2880 726 2957 per
739 2851 843 2930 curie
856 2867 982 2928 nostre
990 2851 1200 2959 judicium,
1217 2849 1496 2930 sentencialiter
1512 2852 1633 2930 extitit
1645 2851 1941 2956 condempnatus

515 2984 563 3060 ad
586 2983 858 3061 dimittendum
879 3000 917 3060 et
936 2983 1179 3060 liberandum
1200 2982 1325 3060 eidem
1345 2983 1581 3062 thesaurario
1603 2984 1738 3063 domos
1757 3010 1844 3061 suas
1857 3009 1943 3087 pre·

516 3114 633 3192 dietas
655 3130 693 3191 et
713 3113 955 3192 reddendum
971 3115 1098 3192 eidem
1119 3132 1156 3192 et
1176 3114 1455 3192 restituendum
1475 3117 1514 3192 in
1533 3116 1617 3195 loco
1639 3115 1738 3192 dicte
1760 3113 1943 3220 capcionis

516 3245 661 3324 dictum
681 3275 842 3352 equum,
866 3246 1052 3324 invalere
1078 3245 1119 3323 in
1144 3275 1221 3353 quo
1247 3265 1325 3324 erat
1349 3264 1521 3354 tempore
1547 3247 1735 3354 capcionis
1755 3245 1941 3352 predicte,

515 3407 664 3457 necnon
688 3378 889 3485 pecuniam
914 3395 952 3456 et
979 3407 1142 3487 capones
1160 3380 1370 3486 predictos,
1394 3399 1431 3458 et
1455 3381 1697 3460 reddendum
1725 3378 1852 3456 eidem
1879 3377 1945 3456 du·

515 3527 641 3588 centes
654 3510 770 3588 libras
785 3513 1036 3600 ‘turonenses
1053 3541 1123 3619 pro
1138 3512 1272 3589 ceteris
1289 3513 1461 3619 dampnis
1479 3530 1518 3590 et
1536 3511 1683 3620 injuriis
1702 3511 1787 3599 sibi,
1808 3510 1848 3586 in
1866 3538 1945 3617 pre·

517 3643 657 3732 missis,
672 3671 742 3749 per
756 3643 919 3720 militem
932 3643 1163 3749 predictum,
1176 3643 1306 3736 illatis,
1325 3673 1392 3751 per
1406 3646 1570 3724 eundem
1584 3645 1741 3752 juratas,
1756 3641 1944 3720 taracione

517 3790 644 3852 nostre
666 3775 769 3851 'curie
789 3774 1033 3880 precedente,
1054 3776 1158 3854 etad
1177 3775 1401 3854 solvendum
1417 3776 1528 3854 nobis
1553 3776 1661 3852 mille
1685 3775 1801 3854 libras
1825 3776 1944 3851 Turo-

518 3933 653 3982 nenses
671 3933 740 4011 pro
762 3906 933 3987 emenda.
955 3905 1091 3984 Actum
1116 3908 1218 4014 apud
1236 3908 1440 4000 Vicennas‚
1463 3908 1593 3986 Martis
1610 3923 1696 4014 post
1714 3908 1943 4014 quindenam

517 4037 800 4126 Pentbecostes,
817 4065 916 4116 euno
931 4043 1197 4118 trecentesimo
1216 4057 1362 4146 quarto,

573 4170 645 4246 Ista
663 4170 959 4276 condempnacio
980 4170 1053 4248 luit
1070 4200 1251 4278 suspensa
1267 4201 1336 4278 per
1353 4172 1555 4251 dominum
1566 4175 1720 4278 Regem.

572 4435 712 4532 xxttll.
744 4437 844 4514 Cum
864 4437 968 4542 prior
988 4438 1035 4514 de
1055 4437 1273 4545 Argentolio
1294 4438 1397 4516 cun'e
1419 4456 1546 4517 nostre
1565 4453 1795 4546 conquestus
1819 4438 1946 4515 luisset

516 4567 623 4674 quod
646 4564 850 4673 quemdam
875 4569 1090 4659 hominem,
1117 4571 1182 4676 qui
1210 4569 1326 4648 falsus
1349 4569 1583 4648 monetarius
1608 4569 1823 4659 dicebatur,
1847 4568 1944 4676 prior

517 4698 613 4803 ipse,
633 4715 677 4777 ut
693 4697 855 4790 dicebat,
879 4701 918 4776 in
936 4730 1004 4779 sua
1015 4701 1166 4808 justicia
1182 4718 1331 4809 ceperat
1352 4719 1390 4778 et
1405 4718 1556 4809 captum
1573 4702 1785 4793 detinebat,
1808 4716 1848 4778 et
1865 4727 1945 4806 pre·
1974 4795 1976 4800 ,

517 4827 887 4933 positusParisiensis
899 4832 1023 4938 ipsum
1036 4832 1204 4938 priorem
1219 4861 1334 4939 super
1349 4834 1422 4910 hoc
1441 4832 1480 4909 in
1495 4833 1646 4940 justicia
1665 4831 1852 4923 facienda,
1875 4857 1943 4937 que

517 4961 705 5067 adipsum
724 4963 954 5068 pertinebat,
975 4965 1103 5043 minus
1123 4965 1399 5044 racionabiliter
1418 4965 1669 5073 impediebam
1690 4965 1791 5042 dicto
1811 4989 1945 5070 prepo-

517 5091 587 5170 sito
605 5091 753 5172 dicente
772 5096 820 5172 ad
839 5095 964 5202 ipsum
984 5096 1151 5202 priorem
1167 5097 1471 5203 jurisdictionem
1493 5095 1713 5204 hujusmodi
1736 5123 1814 5176 non
1832 5091 1944 5201 perti·
