4450 6209
495 669 568 744 592
1075 669 1165 744 LES
1194 669 1333 744 OLIM.

270 819 399 876 Parnm
412 821 456 887 1v,
493 813 595 889 curie
606 827 732 890 nostre
738 811 942 919 judicium,
957 811 1032 890 tuit
1045 812 1188 889 dictum
1203 840 1358 889 manum
1371 829 1554 898 nostram,
1572 811 1611 887 in
1625 809 1709 888 villa
1722 812 1916 920 etjusticia

329 917 392 960 Μ’
493 942 665 1049 ejusdem
680 944 903 1048 appositam,
924 959 1079 1050 propter
1092 943 1271 1020 debatum
1284 943 1473 1020 dictorum
1484 942 1749 1022 tantummodo
1762 925 1918 1022 ballivo

491 1103 594 1164 rum,
615 1101 691 1180 quo
711 1101 821 1179 supra
836 1072 1074 1160 nominibus,
1097 1074 1260 1152 amoveri
1277 1072 1435 1158 debere,
1453 1089 1491 1150 et
1504 1073 1719 1178 predictum
1734 1073 1914 1152 ballivum

492 1205 726 1283 Caletensem
745 1204 784 1280 in
803 1203 936 1295 saisina
957 1202 1154 1281 exercendi
1177 1203 1436 1282 omnimodam
1449 1202 1642 1311 justiciam
1658 1222 1695 1282 et
1713 1225 1916 1282 ressortum

492 1334 630 1413 invilla
646 1349 683 1412 et
699 1331 975 1412 habitatoribus
989 1333 1184 1440 predictis,
1202 1361 1349 1412 necnon
1370 1333 1518 1410 levandi
1533 1333 1578 1411 ab
1595 1333 1686 1440 ipsis
1700 1333 1917 1413 habitatori·

490 1464 562 1545 bus
577 1496 697 1545 unum
711 1495 824 1544 avene
842 1465 1031 1554 modium,
1045 1481 1239 1570 tamquam
1249 1465 1348 1544 dicte
1359 1463 1508 1542 ballivie
1517 1464 1725 1543 Caletensis
1737 1467 1914 1555 subditis,

491 1601 598 1678 annis
616 1596 788 1708 singulis,
809 1624 1004 1678 remanere
1029 1595 1188 1686 debere3
1203 1594 1367 1702 fuitque,
1383 1595 1570 1700 peridem
1588 1597 1690 1674 curie
1711 1614 1843 1674 nostre
1855 1599 1917 1705 ju-

493 1731 652 1821 dicium,
673 1729 773 1806 dicto
786 1726 1023 1806 vicedomino
1032 1727 1097 1834 jus
1112 1755 1241 1815 suum,
1255 1727 1286 1804 si
1303 1725 1407 1832 quod
1423 1725 1537 1803 habet
1551 1726 1608 1803 vel
1622 1725 1761 1805 habere
1779 1755 1823 1804 se
1840 1756 1917 1804 cre·

492 1860 572 1949 dat,
600 1889 670 1967 pro
689 1887 729 1937 se
754 1875 791 1936 ct
816 1857 978 1934 subditis
1002 1858 1094 1946 suis,
1119 1857 1158 1933 in
1180 1856 1330 1963 justicia
1356 1857 1457 1934 dicte
1477 1856 1563 1935 ville
1583 1873 1622 1934 et
1643 1857 1918 1936 habitatoribus

493 1992 663 2098 ejusdem
685 2019 726 2068 ac
745 2005 908 2074 ressorto
926 1986 1076 2066 ballivie
1096 1987 1374 2078 Ambianensis,
1395 2005 1635 2067 reservatum.

547 2120 725 2204 Mercurii
744 2137 828 2228 post
846 2119 1131 2234 Penthecpsten.

549 2253 599 2331 M.
621 2253 667 2331 G.
691 2252 737 2329 de
758 2253 853 2328 Usco
873 2249 1086 2354 reportavit.

548 2519 737 2598 LXXXIV.
769 2517 869 2598 Mota
896 2517 1095 2623 questione
1123 2516 1223 2594 inter
1249 2513 1421 2594 consules
1443 2516 1551 2594 castri
1585 2517 1633 2594 de
1660 2518 1853 2609 Petrucia,
1879 2545 1919 2594 er

491 2668 595 2758 parte
614 2678 705 2738 una,
723 2667 761 2726 et
774 2651 927 2726 Petrum
949 2648 997 2725 de
1015 2649 1138 2736 Ulmo.
1160 2649 1360 2754 Hugonem
1380 2647 1500 2724 Labas
1514 2666 1553 2725 et
1571 2648 1816 2755 quamplures
1831 2649 1920 2728 alios
2029 2758 2032 2763 Ι

492 2782 667 2859 homines
683 2779 729 2856 de
746 2777 1099 2856 Tredecim-Ventis
1112 2777 1204 2854 dicti
1221 2778 1332 2855 castri
1348 2777 1396 2854 de
1409 2779 1596 2867 Petrucia,
1612 2796 1772 2885 exparte
1786 2779 1918 2871 altera,

474 2915 605 3019 'super
620 2940 665 2989 eo
680 2909 785 3017 quod
800 2908 890 2986 dicti
906 2907 1081 2986 eonsules
1097 2907 1375 3014 proponebant,
1392 2925 1520 2986 contra
1536 2909 1657 2988 dictos
1670 2912 1828 2988 Petrum
1846 2912 1921 2989 Hu-

492 3071 630 3151 gonem
652 3059 689 3118 et
713 3040 805 3118 alios
821 3039 1004 3120 homines·
1014 3040 1060 3116 de
1075 3039 1424 3119 Tredecim-Ventis
1440 3039 1530 3116 dicti
1545 3042 1655 3118 castri
1670 3041 1718 3119 de
1733 3042 1917 3129 Petrucia,

492 3173 597 3280 quod
617 3170 703 3278 ipsi,
726 3170 892 3277 maligno
905 3168 1050 3247 inducti
1065 3170 1217 3276 spiritu,
1233 3171 1373 3277 absque
1391 3189 1538 3258 nostro,
1559 3189 1624 3250 aut
1642 3172 1921 3280 alicujussupe·

491 3305 612 3392 cieris,
631 3333 674 3380 ex
693 3319 798 3411 parte
817 3319 954 3390 nostra,
977 3302 1171 3394 mandato,
1188 3319 1227 3378 et
1241 3302 1380 3409 absque
1401 3331 1586 3382 consensu
1605 3323 1644 3382 et
1661 3305 1822 3383 sciencia
1843 3305 1919 3382 dic-

490 3453 616 3512 torum
635 3432 832 3512 consulum
853 3432 943 3509 dicti
963 3433 1071 3510 castri
1091 3432 1140 3510 de
1160 3434 1347 3521 Petrucia,
1367 3433 1406 3509 in
1426 3435 1564 3512 eodem
1582 3451 1714 3525 castro,
1731 3453 1834 3518 extra
1845 3437 1920 3514 do·

491 3595 596 3644 mum
610 3591 851 3666 communem
869 3563 959 3642 dicti
980 3562 1069 3654 loci,
1088 3563 1184 3649 clam
1199 3581 1238 3642 et
1252 3564 1410 3652 occulte,
1427 3564 1608 3642 inlocum
1625 3567 1817 3644 occultum
1830 3567 1917 3644 dicti

492 3698 597 3774 castri
610 3696 668 3773 de
687 3695 857 3772 Petrucia
874 3694 1151 3772 conventiculae
1165 3695 1328 3788 illicitas,
1352 3697 1684 3804 congregaciones‚
1710 3698 1919 3782 sediciones

492 3845 530 3904 et
546 3825 761 3932 monopolia
782 3825 960 3915 fecerant,
975 3826 1268 3931 creando-novos
1286 3826 1466 3916 sindioos‚
1485 3846 1612 3935 preter
1626 3845 1791 3908 nostram
1806 3829 1919 3906 licen-

493 3958 587 4031 ciam
609 3975 646 4034 et
665 3954 903 4047 mandatum,
924 3973 990 4032 aut
1009 3955 1168 4063 alicujus
1187 3957 1356 4068 alterius,
1380 3987 1425 4036 ex
1444 3977 1547 4064 parte
1566 3978 1711 4050 nostra,
1730 3977 1768 4036 et
1787 3988 1918 4066 quam·

492 4087 620 4193 plures
639 4087 731 4164 alios
751 4114 919 4164 excessus
940 4089 1219 4179 commiserant,
1244 4089 1284 4165 in
1305 4091 1422 4167 nostri
1444 4109 1482 4168 et
1508 4091 1698 4171 dictorum
1720 4090 1917 4170 consulum

493 4219 582 4296 dicti
604 4219 713 4297 castri
731 4219 779 4296 de
797 4221 969 4297 Petrucia
986 4219 1239 4328 prejudicium
1255 4249 1332 4298 non
1353 4222 1546 4300 modicum
1564 4240 1601 4299 et
1619 4250 1836 4330 gravamen3
1858 4251 1916 4300 su·

491 4379 561 4455 per
575 4348 715 4456 quibus
732 4349 988 4428 mandavimus
1003 4351 1143 4457 inquiri
1160 4353 1376 4429 veritatem:
1393 4354 1567 4459 Inquesta
1586 4353 1701 4459 igitur
1715 4381 1828 4459 super
1845 4352 1917 4428 hiis

493 4480 585 4557 facta
599 4481 693 4558 etad
706 4481 847 4557 curiam
857 4498 1023 4560 nostram
1036 4500 1238 4589 reportata,
1251 4483 1326 4560 visa
1338 4499 1375 4559 et
1389 4483 1588 4590 diligenter
1600 4484 1819 4572 examinata,
1832 4511 1915 4560 cum

492 4638 656 4715 peream
677 4603 754 4688 non
769 4611 882 4688 suerit
901 4629 1094 4719 repertum
1116 4613 1220 4721 quod
1241 4614 1328 4691 dicti
1344 4614 1514 4691 consules
1535 4615 1583 4692 de
1597 4616 1779 4704 Petrucia,
1791 4630 1916 4692 contra

495 4740 613 4818 dictos
633 4742 786 4820 Petrum
803 4743 1002 4852 Hugonem
1027 4760 1065 4821 et
1083 4744 1177 4822 alios
1198 4745 1373 4824 homines
1392 4745 1438 4822 de
1459 4746 1809 4828 Tredecim-Ventis
1827 4743 1916 4820 dicti

495 4871 603 4947 castri
617 4871 665 4948 de
681 4873 851 4950 Petrucia
863 4873 1100 4980 probaverint
1113 4877 1281 4983 predicta
1294 4905 1369 4984 que
1391 4893 1518 4955 contra
1529 4879 1631 4985 ipsos
1645 4875 1913 4986 proponebant

496 5031 563 5108 per
579 5001 680 5079 curie
699 5019 824 5080 nostre
836 5003 1041 5110 judicium,
1056 5006 1145 5084 dicti
1161 5009 1294 5086 Petrus
1309 5009 1419 5116 Hugo
1433 5027 1470 5087 et
1489 5008 1551 5086 alii
1569 5010 1742 5088 homines
1763 5008 1811 5085 de
1826 5009 1915 5083 Tre·
