4450 6209
741 723 1010 836 unootrns
1036 743 1101 816 nr
1128 723 1335 818 procus.
1678 745 1748 818 621

328 897 396 999 per
416 909 564 999 partem
592 889 800 978 adversam,
831 887 1011 996 quasdam
1041 886 1185 965 litteras
1211 903 1250 964 et
1273 885 1522 962 instrumenta
1544 911 1658 990 super
1683 886 1756 963 hoc
1793 898 1981 961 rmmntv,

329 1023 566 1103 ostendendo
583 1052 592 1096 ε
609 1023 792 1110 Tandem,
810 1019 948 1098 auditis
968 1017 1058 1095 hinc
1077 1019 1168 1096 inde
1183 1017 1388 1125 propositis
1407 1033 1446 1094 et
1458 1016 1545 1097 visis
1563 1016 1699 1094 litteris
1718 1036 1757 1096 et
1855 989 1919 1034 ’ω’

329 1153 590 1232 instrumentis
602 1153 770 1260 parcium
779 1149 1051 1258 predictarum,
1064 1179 1135 1257 per
1144 1165 1329 1226 arrestum
1344 1166 1470 1227 nostre
1481 1148 1600 1238 curie,
1613 1148 1756 1226 dictum

330 1284 403 1362 suit
420 1285 519 1362 dicte
531 1312 665 1362 manus
678 1301 804 1361 nostre
819 1279 1098 1389 apposicionem
1113 1280 1155 1356 in
1170 1279 1281 1357 dictis
1296 1281 1425 1358 castris
1436 1296 1475 1357 et
1486 1277 1612 1372 bonis,
1628 1296 1667 1357 et
1678 1278 1759 1386 ejus

330 1414 552 1494 fractionem
570 1443 639 1521 per
656 1431 786 1525 gentes
806 1431 844 1492 et
866 1413 1059 1490 ministros
1079 1412 1180 1490 dicte
1198 1411 1383 1490 Ysabellis
1401 1411 1552 1501 iactam,
1574 1410 1761 1489 sufficien-

330 1565 390 1624 ter
411 1574 490 1625 esse
508 1544 726 1652 probatam,
750 1562 787 1622 et
803 1544 909 1652 quod
929 1543 1028 1622 dicta
1043 1569 1178 1620 manus
1196 1559 1325 1620 nostra
1343 1541 1632 1650 reintegrabitur
1652 1559 1690 1620 et
1703 1571 1763 1620 re-

331 1677 504 1755 saisietur
525 1674 573 1751 de
596 1675 775 1752 omnibus
794 1673 979 1752 fructibus
1003 1690 1040 1752 et
1060 1671 1222 1750 exitibus
1240 1673 1331 1750 inde
1349 1672 1535 1778 perceptis
1554 1700 1667 1778 supra
1685 1701 1763 1750 ma·

331 1837 424 1885 num
436 1822 601 1884 nostram
609 1805 833 1911 predictam,
846 1821 883 1882 et
895 1804 1000 1911 quod
1013 1804 1112 1881 dicta
1126 1803 1310 1881 Ysabeliis
1319 1803 1392 1880 hoc
1402 1803 1514 1881 nobis
1526 1802 1760 1895 emendabi13

332 1954 386 2028 et,
408 1937 482 2014 hiis
496 1934 618 2025 factis,
639 1952 764 2041 partes
784 1935 988 2012 audientur
1000 1962 1260 2040 supereorum
1277 1934 1478 2040 questione
1491 1934 1705 2042 principali,
1723 1954 1762 2013 et

330 2068 484 2146 interim
497 2067 597 2144 dicta
615 2095 750 2144 manus
763 2082 892 2144 nostra
905 2064 1118 2143 remanebit
1129 2066 1312 2172 apposita,
1328 2066 1422 2144 sicut
1437 2067 1559 2174 prius,
1578 2067 1618 2144 in
1634 2067 1761 2144 castris

333 2216 371 2276 et
388 2197 500 2275 bonis
514 2197 704 2304 predictis.

389 2327 525 2406 Actum
539 2324 640 2433 apud
651 2325 894 2416 Pontisaram,
908 2324 1096 2404 dominica
1111 2325 1474 2404 anteAscencionem
1483 2327 1650 2419 Domini,
1662 2355 1761 2404 anno

332 2457 597 2536 trecentesimo
612 2456 830 2534 undecimo.

393 2722 500 2801 CXV.
531 2719 749 2799 Secundum
767 2736 940 2798 tenorem
958 2719 1105 2810 arresti,
1126 2719 1266 2799 auditis
1283 2721 1591 2827 procuratoribus
1613 2721 1761 2800 comitis

337 2850 657 2931 Claromontensis
676 2867 715 2928 et
732 2877 835 2928 nunc
852 2851 1041 2930 comitisse
1057 2851 1343 2943 Attrebatensis,
1360 2879 1429 2958 per
1440 2852 1580 2930 curiam
1595 2870 1759 2931 nostram

284 2997 290 3009 '
334 2981 439 3077 facti,
458 2983 532 3062 visa
545 2982 719 3090 inquesta
735 2981 883 3060 dudum
898 2983 945 3060 de
964 2984 1142 3061 mandato
1158 2999 1288 3062 nostro
1306 2983 1414 3075 facta,
1431 2984 1688 3062 interdictum
1706 3014 1763 3064 co

335 3114 470 3192 mitem
487 3112 837 3192 Claromontensem
857 3130 894 3190 et
908 3115 989 3222 ejus
1003 3141 1172 3203 uxorem,
1190 3141 1236 3191 ex
1248 3143 1323 3192 una
1337 3131 1457 3220 parte,
1479 3131 1516 3192 et
1535 3114 1759 3204 Robertum,

337 3244 531 3350 quondam
545 3245 722 3322 comitem
736 3242 1053 3336 Attrebatensem,
1069 3273 1113 3320 ex
1127 3245 1259 3332 altera,
1274 3243 1424 3322 racione
1440 3242 1629 3322 bonorum
1645 3245 1762 3323 mobi-

337 3372 429 3450 lium
449 3403 491 3450 ac
505 3372 781 3481 conquestuum
797 3374 896 3450 inter
913 3373 1057 3452 dictum
1074 3375 1252 3452 comitem
1267 3373 1566 3452 Attrebatensem
1585 3393 1622 3452 et
1641 3374 1764 3483 Agne-

336 3523 432 3591 tem,
445 3505 636 3582 dominam
645 3503 883 3597 Borbonesii,
895 3504 976 3611 ejus
984 3533 1156 3594 uxorem,
1169 3522 1327 3583 matrem
1336 3505 1434 3582 dicte
1444 3505 1763 3584 comitisseClaro

338 3635 564 3724 montensis,
580 3652 750 3740 tempore
768 3662 845 3740 quo
863 3635 943 3740 ipsa
957 3634 1127 3723 decessit,
1144 3636 1337 3741 quondam
1354 3636 1632 3726 communium,
1649 3665 1763 3743 super

340 3795 385 3844 eo
406 3765 512 3872 quod
532 3763 653 3840 diens
673 3791 799 3842 comes
818 3763 1143 3842 Claromontensis
1162 3781 1201 3842 ct
1219 3765 1300 3872 ejus
1318 3794 1424 3854 uxor,
1447 3783 1546 3844 certa
1565 3766 1611 3843 de
1634 3795 1760 3854 causa,

338 3895 518 4003 petebant
537 3894 723 3973 dictorum
740 3895 943 3972 mobilium
964 3911 1001 3972 et
1021 3913 1298 4002 conquestuum
1319 3896 1563 3972 medietatem
1580 3896 1651 3974 sibi
1668 3896 1764 3973 deli·

338 4026 478 4112 berari,
508 4053 614 4113 cum,
640 4052 709 4129 per
732 4025 945 4130 inquestam
969 4026 1195 4132 predictam,
1217 4043 1391 4133 appareat
1417 4028 1521 4134 quod
1546 4044 1764 4134 procurator

341 4156 432 4235 dicti
453 4154 601 4232 comitis
625 4152 895 4231 Attrebatensis
920 4155 1111 4234 confessus
1135 4157 1207 4233 tuit
1231 4157 1375 4234 dictum
1395 4159 1573 4235 comitem
1591 4158 1764 4236 Attreba·

339 4304 503 4376 tensem,
518 4314 587 4391 per
597 4285 790 4362 ministros
802 4314 906 4373 suos,
924 4284 1050 4394 plures
1065 4302 1231 4392 receptas
1242 4286 1390 4386 secisse,
1403 4305 1488 4392 post
1501 4288 1649 4365 obitum
1665 4289 1762 4367 dicte

341 4417 517 4525 Agnetis,
540 4416 588 4493 de
606 4414 716 4494 bonis
735 4416 1008 4494 ,communibus
1029 4417 1223 4523 predictis,
1246 4416 1409 4524 allegans
1432 4417 1552 4494 dictos
1571 4417 1764 4496 ministros

341 4548 469 4655 plures
490 4547 616 4624 misias
641 4562 678 4622 et
697 4575 874 4652 expensas
896 4546 1026 4624 secisse
1048 4565 1203 4654 propter
1227 4546 1317 4635 hoc,
1340 4545 1437 4653 quas'
1456 4547 1606 4652 petebat
1626 4548 1762 4626 deduci

343 4679 390 4756 de
401 4678 561 4786 receptis
575 4676 762 4784 predictis,
784 4677 961 4784 dictoque
976 4695 1217 4782 procuratore
1232 4676 1377 4754 comitis
1391 4676 1711 4756 Claromontensis
1726 4699 1764 4757 et

344 4807 426 4913 ejus
440 4811 566 4888 uxoris
579 4811 695 4887 dictas
710 4809 835 4887 misias
846 4825 1020 4916 negante,
1036 4837 1116 4886 non
1133 4806 1248 4885 fuerit
1261 4809 1457 4885 inventum
1468 4837 1537 4914 per
1552 4808 1764 4916 inquestam

343 4936 547 5042 predictam
562 4941 667 5046 quod
679 4941 862 5046 assignata
871 4928 985 5017 fuerit
996 4939 1092 5029 dies,
1105 4938 1166 5016 vel
1179 4939 1264 5016 data
1275 4937 1410 5016 dilacio
1421 4939 1521 5016 dicto
1530 4942 1762 5045 procuratori

345 5067 492 5146 comitis
512 5067 780 5148 Attrebatensis
800 5070 846 5148 ad
868 5069 1108 5175 probandum
1126 5069 1251 5147 misias
1269 5070 1455 5176 predictas
1471 5101 1480 5146 t
1496 5071 1568 5148 Per
1579 5087 1762 5147 arrestum
