4450 6209
761 705 1023 812 nuounrns
1049 721 1112 794 nr
1138 699 1343 794 rnocns.
1690 716 1763 790 cos

135 858 140 866 ¹
167 863 169 866 ¹
222 857 226 870 ¹
285 905 287 908 ·
340 864 575 974 proponebat
593 891 678 969 pars
696 864 880 970 predicta,
902 890 1018 970 quare
1040 861 1190 940 dicebat
1207 860 1325 968 petita
1348 887 1392 936 ex
1406 856 1562 936 adverso
1581 857 1664 936 fieri
1687 886 1764 936 non
1804 863 1934 918 mmm
1946 865 1990 927 1v,

342 999 499 1088 debere3
520 995 587 1104 qui
606 995 834 1102 prepositus,
855 993 992 1072 auditis
1011 993 1228 1074 racionibus
1246 992 1294 1070 ab
1319 1007 1478 1097 utraque
1500 1007 1605 1098 parte
1624 1017 1764 1096 propo·
1866 956 1929 1000 mh
2047 996 2049 999 ’

341 1130 438 1217 sitis,
449 1155 642 1235 persuum
649 1126 852 1235 judicium,
870 1125 1028 1204 absolvit
1037 1125 1229 1232 predictos
1243 1123 1475 1230 Bathynium
1487 1138 1527 1200 et
1533 1124 1762 1211 Johannam,

327 1285 328 1288 ’
342 1258 654 1368 garantisatricem
670 1259 788 1366 ipsius
800 1257 987 1366 Betbynii,
1006 1257 1053 1335 ab
1065 1257 1308 1365 impeticione
1320 1253 1489 1362 predicta
1503 1254 1692 1332 dictorum
1706 1282 1767 1328 ac-

342 1409 487 1482 torum,
504 1392 698 1500 agentium
715 1389 936 1469 nominibus
950 1388 1091 1496 quibus
1107 1417 1237 1496 supra3
1253 1417 1275 1466 a
1290 1415 1368 1494 quo
1376 1384 1558 1494 judicato,
1574 1403 1766 1492 tamquam

343 1522 435 1608 falso
450 1539 487 1599 et
502 1549 628 1629 pravo,
645 1521 769 1598 dictus
783 1522 934 1609 Petrus,
954 1549 1163 1628 quosupra
1179 1518 1354 1607 nomine,
1370 1517 1420 1594 ad
1435 1533 1603 1594 nostram
1622 1516 1766 1593 curiam
1836 1548 1845 1574 ·

326 1653 561 1760 appellavit:
585 1653 735 1732 Auditis
754 1653 869 1760 igitur
894 1651 1004 1730 dictis
1023 1651 1195 1758 partibus
1216 1651 1257 1726 in
1277 1678 1387 1727 causa
1401 1647 1667 1754 appellacionis
1685 1675 1769 1752 pre·

345 1780 447 1863 dicte
462 1801 504 1861 et
524 1785 601 1862 viso
622 1811 799 1889 processu
817 1782 1005 1890 predicto,
1032 1811 1102 1888 per
1119 1782 1310 1891 judicium
1334 1780 1437 1858 curie
1457 1797 1602 1869 nostre,
1624 1779 1786 1856 dictum·

317 1999 319 2006 Α
344 1913 416 1992 fuit
433 1915 646 2022 predictum
660 1915 893 2020 prepositum
906 1913 1004 2029 bare
1011 1914 1218 2023 judicasse,
1235 1929 1274 1990 ct
1288 1912 1433 1989 dictum
1445 1912 1599 1988 Petrum
1613 1910 1661 1987 de
1674 1913 1769 1988 Pon·

338 2045 469 2136 lisera,
492 2045 713 2153 nominibus
735 2045 875 2152 quibus
888 2073 1018 2151 supra,
1041 2044 1140 2122 male
1159 2042 1383 2151 appellasse,
1406 2058 1445 2119 ct
1462 2043 1569 2149 quod
1588 2042 1668 2148 ipse
1696 2043 1768 2118 boc

345 2175 572 2253 emendabit.

247 2325 250 2331 “
294 2379 296 2384 ,
349 2353 365 2421 '.
401 2307 566 2387 Sabbato
585 2324 673 2414 post
688 2306 877 2386 estivalem
894 2304 1033 2384 festum
1047 2304 1149 2382 beati
1166 2303 1329 2383 Martini.

268 2525 272 2531 ,
298 2477 299 2480 “
403 2439 455 2516 Μ.
474 2438 686 2543 Stephanus
701 2436 941 2514 deHousseia
961 2435 1173 2542 reportavit.

401 2703 509 2783 LVII.
531 2703 615 2780 Lite
626 2716 743 2794 mota,
755 2727 881 2778 coram
891 2697 1030 2777 ballivo
1042 2698 1268 2788 Turonensi‚
1281 2699 1382 2774 inter
1391 2695 1774 2804 Hugonem,Guillal·

346 2861 452 2910 mum
468 2831 741 2913 etGuidonem
759 2832 808 2908 de
817 2832 998 2938 Rauceyo,
1015 2828 1261 2918 domicellos,
1278 2827 1429 2918 fratres,
1447 2855 1492 2904 ex
1506 2842 1611 2939 parte
1623 2825 1717 2915 nn'a,
1734 2845 1771 2904 et

346 2965 564 3050 Gnidonem
572 2963 733 3054 Odardi,
745 2962 919 3052 militem,
936 2960 1223 3069 etrlymericum
1235 2959 1392 3050 Odardi,
1404 2957 1643 3048 scutiferum,
1658 2985 1772 3066 nepo

347 3113 423 3172 tem
439 3124 565 3184 snum,
583 3122 627 3172 er
643 3093 769 3185 altera,
789 3121 902 3200 super
917 3121 963 3171 eo
977 3093 1084 3199 quod
1099 3090 1191 3168 dicti
1205 3089 1336 3168 fratres
1354 3088 1530 3166 dicebant
1543 3089 1664 3167 dictos
1677 3089 1772 3165 mili·

130 3207 132 3212 *
216 3312 217 3315 Ἴ
346 3243 479 3303 temet
497 3224 735 3332 Aymericum
757 3222 938 3333 injuriose
957 3240 996 3300 et
1015 3251 1100 3300 cum
1117 3222 1230 3298 armis
1246 3221 1391 3326 rupisse
1411 3221 1637 3327 chauceyam
1653 3221 1772 3327 mjus

119 3401 121 3405 ·
227 3449 230 3455 y
300 3352 302 3356 ⁴
350 3357 434 3433 dam
449 3356 570 3434 stanni
587 3356 756 3460 ipsorum
765 3353 939 3443 fratrum,
952 3353 1014 3430 siti
1025 3381 1144 3459 prope
1157 3368 1319 3430 castrum
1333 3379 1446 3428 suum
1462 3350 1510 3428 de
1523 3349 1771 3456 Chmpigny,

290 3465 293 3470 Ι
349 3489 537 3595 ipsosque,
549 3503 704 3592 propter
713 3485 932 3592 rupcionem
941 3483 1162 3590 predictam,
1170 3511 1344 3590 magnam
1354 3481 1601 3589 quantitatem
1612 3481 1772 3588 piscium

349 3619 492 3696 ibidem
505 3616 750 3696 existencium
766 3643 886 3721 usque
902 3614 950 3692 ad
962 3613 1128 3692 valorem
1143 3613 1434 3720 quingentarum
1447 3611 1633 3688 librarum
1644 3610 1773 3716 perdi·

350 3749 460 3839 disse,
477 3764 516 3825 et
531 3749 686 3826 cosdem
698 3743 830 3822 fratres
845 3745 915 3822 alia
932 3744 1040 3850 plura
1056 3743 1229 3850 dampna,
1243 3741 1426 3848 usquead
1440 3767 1626 3819 summam
1638 3740 1771 3818 decem

350 3879 512 3956 millium
525 3878 719 3964 librarum,
735 3875 929 3953 occasione
941 3875 1040 3953 dicte
1051 3890 1221 3980 rupture,
1232 3872 1451 3962 incurrisse,
1467 3869 1775 3979 dictosquemili-

350 4028 428 4088 tem
450 4027 487 4086 et
505 4007 745 4116 Aymericum
764 4005 947 4082 violenter
971 4005 1111 4110 cepisse
1136 4004 1389 4084 Guillelmum
1408 4003 1458 4082 de
1476 4005 1668 4094 Mausson,
1690 3984 1773 4082 scu·

349 4141 526 4229 tifemm,
548 4138 596 4215 ad
616 4134 909 4214 custodiendum
927 4135 1069 4212 dictum
1087 4151 1263 4211 stannum
1275 4164 1344 4241 per
1362 4135 1485 4224 dictos¹
1500 4133 1635 4212 fratres
1653 4135 1774 4240 depu-

350 4290 488 4362 tatum,
522 4296 656 4348 manus
680 4285 718 4346 et
736 4265 853 4374 pedes
879 4267 959 4375 ejus
984 4266 1135 4372 ligasse,
1155 4263 1362 4372 pluresque
1390 4292 1562 4342 excessus
1586 4265 1628 4340 in
1657 4265 1775 4369 ipsius

352 4403 546 4484 Guillelmi
564 4429 780 4509 personam,
794 4416 837 4478 ut
851 4398 1056 4488 dicebatur,
1079 4397 1329 4490 commisisse,
1350 4423 1465 4503 quare
1484 4393 1774 4502 patebantdicti

352 4537 482 4615 fratres
506 4535 577 4613 sibi
609 4534 729 4612 dictos
758 4530 917 4609 militem
946 4547 984 4608 et
998 4529 1239 4637 Aymericum
1259 4529 1301 4606 in
1328 4527 1506 4636 predictis
1527 4525 1773 4633 pecuniarum

353 4669 510 4746 summis
523 4663 811 4773 condempnari,
825 4680 865 4742 et
876 4662 982 4754 alias,
999 4677 1155 4768 propter
1169 4659 1264 4738 sacta
1276 4657 1509 4769 hujusmodi,
1521 4657 1650 4765 puniri
1660 4676 1776 4764 prout

355 4816 411 4878 est
424 4800 600 4890 racionis,
615 4799 785 4904 laetaque
797 4795 987 4904 inquesta‚
1005 4821 1120 4901 super
1133 4791 1328 4901 predictis,
1343 4819 1412 4899 per
1424 4790 1567 4868 dictum
1576 4788 1773 4878 ballivum,

356 4946 394 5008 et
406 4930 508 5007 curie
521 4947 665 5018 nostre,
680 4929 727 5005 ad
738 4925 1007 5036 judicandum,
1020 4941 1225 5031 reportata,
1240 4951 1328 5002 cnm
1338 4922 1428 5000 dicti
1442 4920 1573 5000 fratres
1580 4948 1663 4997 eam
1675 4936 1775 5026 pete-

296 5057 302 5067 ’
355 5077 440 5136 rent
452 5059 629 5168 judicari,
653 5047 820 5165 dictique
837 5056 946 5134 miles
966 5073 1002 5133 et
1018 5055 1238 5163 Aymericus
1260 5053 1418 5131 eandem
1433 5051 1590 5130 omnino
1603 5065 1774 5154 peterent
