4450 6209
516 724 589 798 1124
644 720 655 731 ’
704 796 706 801 ,
1092 726 1184 799 LES
1219 723 1361 799 OLlM.

291 873 420 926 Pffiffltss
434 870 477 936 tv,
515 870 610 948 riam
622 870 838 979 colligebat,
847 868 1093 979 justiciando,
1103 867 1287 975 capiendo
1302 884 1341 944 et
1351 868 1594 976 asportando,
1605 898 1681 977 que
1693 872 1808 978 prisia
1819 870 1934 951 luerat

352 965 414 1007 lm
517 1018 555 1079 et
574 1019 672 1095 erat,
690 1002 735 1080 ad
757 1016 971 1109 requestam
987 998 1176 1077 dictorum
1192 998 1345 1108 majoris
1363 1015 1403 1077 et
1415 999 1649 1107 juratorum,
1666 999 1706 1078 in
1720 1029 1837 1080 manu
1852 1032 1932 1083 nos·

514 1152 587 1227 tra,
608 1151 784 1241 tanquam
805 1134 844 1210 in
869 1160 984 1209 manu
1004 1131 1207 1239 superioris
1232 1131 1371 1238 positu
1392 1160 1506 1239 quam
1527 1132 1681 1239 prisiam
1709 1133 1800 1211 dicti
1821 1136 1934 1244 major

514 1284 552 1344 et
565 1266 679 1375 jurati
698 1264 876 1375 petebant
895 1262 967 1343 sibi
986 1263 1083 1341 tradi
1105 1280 1143 1342 et
1162 1261 1381 1353 deliberari,
1403 1280 1442 1341 et
1458 1262 1601 1341 dictum
1621 1263 1932 1371 impedimentum

512 1399 553 1475 in
571 1397 706 1475 saisina
719 1396 903 1505 predicta,
919 1424 988 1504 per
1001 1394 1197 1502 religiosos
1211 1393 1402 1501 predictos
1416 1392 1646 1501 appositum,
1663 1396 1845 1485 amoveri;
1862 1398 1934 1476 dic-

511 1529 560 1606 tis
586 1526 772 1635 religiosis
790 1524 1108 1634 proponentibus,
1132 1553 1176 1602 er
1203 1524 1374 1617 adverso,
1395 1524 1501 1632 quod
1520 1524 1590 1631 ipsi
1616 1523 1773 1604 filerunt
1795 1544 1834 1604 et
1852 1548 1934 1606 sunt
2010 1522 2014 1534 ’

513 1660 552 1735 in
577 1657 678 1737 bona
701 1657 835 1736 saisina
858 1655 1074 1765 justiciandi
1097 1672 1135 1734 et
1148 1655 1339 1763 justiciam
1364 1656 1564 1735 exercendi
1585 1655 1626 1733 in
1646 1655 1730 1735 loco
1749 1657 1931 1764 predicto,

514 1808 552 1867 et
570 1790 676 1898 quod
690 1788 849 1897 predicti
866 1788 986 1896 major
1004 1804 1043 1865 et
1051 1787 1167 1895 jurati
1186 1785 1308 1865 dictos
1322 1785 1519 1896 religiosos
1533 1786 1702 1866 indebite
1721 1805 1760 1867 ct
1777 1789 1828 1866 de
1844 1818 1933 1902 novo

514 1923 554 1999 in
584 1922 717 2000 saisina
741 1919 909 2028 predicta
935 1918 1209 2029 impediverant
1236 1936 1274 1995 et
1298 1918 1553 2007 turbaverant,
1575 1936 1615 1996 et
1633 1920 1737 2026 quod
1756 1922 1828 2027 ipsi
1852 1922 1933 1999 reli-

513 2053 607 2161 giosi
627 2052 779 2159 prisiam
798 2051 889 2129 dicti
907 2050 1050 2158 capucii
1065 2051 1105 2129 in
1123 2050 1208 2128 loco
1224 2049 1396 2157 predicto
1414 2050 1486 2127 rite
1502 2049 1686 2141 fecerant,
1707 2052 1853 2131 utendo
1870 2054 1934 2130 sai·

513 2186 593 2261 sina
616 2212 682 2263 sua
701 2184 885 2290 predicta,
907 2210 1023 2291 quare
1043 2181 1223 2290 petebant
1245 2181 1335 2259 dicti
1354 2182 1520 2291 religiosi
1540 2182 1693 2289 prisiam
1714 2184 1931 2262 antedictam

513 2316 584 2395 sibi
602 2312 727 2405 reddi,
751 2331 788 2392 et
807 2314 1131 2422 impedimentum,
1145 2313 1375 2421 predictum,
1395 2340 1464 2420 per
1481 2313 1604 2392 dictos
1621 2314 1805 2424 majorem
1826 2334 1864 2393 et
1876 2318 1933 2425 ju·

512 2463 613 2524 ratos
636 2446 676 2524 in
703 2444 835 2523 saisina
863 2444 1029 2553 predicta
1057 2445 1129 2522 sibi
1149 2472 1217 2551 pep
1241 2445 1315 2522 boc
1338 2443 1569 2553 appositum,
1590 2444 1773 2522 amoveri:
1789 2444 1932 2523 Auditis

512 2578 627 2683 igitur
645 2576 822 2685 partibus,
839 2593 877 2655 et
902 2576 977 2654 visa
1000 2576 1173 2683 inquesta
1198 2559 1312 2682 super
1330 2574 1524 2681 premissis
1544 2574 1591 2651 de
1611 2574 1791 2654 mandato
1810 2595 1931 2656 nostro

512 2708 625 2798 lacta,
652 2708 739 2815 quia
768 2724 962 2814 repertum
990 2704 1191 2785 estdictos
1214 2705 1411 2813 religiosos
1429 2704 1581 2813 plenius
1605 2722 1644 2783 et
1669 2705 1854 2814 liquidius
1878 2705 1938 2785 in-'

511 2838 724 2917 tensionem
742 2864 849 2914 suam
862 2864 975 2943 super
989 2838 1063 2915 boc
1077 2836 1308 2943 probavisse,
1320 2817 1587 2946 perjudicium
1600 2837 1704 2914 curie
1719 2854 1847 2917 nostre
1867 2838 1933 2917 dic

511 2967 695 3075 tumuluit
713 2968 864 3074 prisiam
890 2967 1116 3045 antedictam
1135 2966 1457 3075 dictisreligiosis
1479 2966 1619 3047 debere
1642 2966 1751 3046 reddi
1778 2986 1817 3048 et
1844 2970 1932 3047 deli-

512 3100 651 3193 berari,
684 3118 721 3179 et
749 3099 1066 3206 impedimentum
1096 3126 1164 3207 per
1191 3098 1312 3177 dictos
1340 3100 1523 3208 majorem
1552 3116 1591 3177 et
1614 3101 1761 3208 juratos
1792 3101 1931 3181 eisdem

510 3231 697 3342 religiosis
720 3232 761 3308 in
778 3230 911 3309 saisina
929 3230 1095 3339 predicta
1114 3209 1329 3339 appositum
1347 3230 1487 3310 debere
1506 3232 1686 3321 amoveri,
1703 3248 1743 3309 et
1760 3231 1861 3339 ipsos
1879 3261 1932 3311 re·

510 3363 663 3474 ligiosos
678 3363 718 3441 in
735 3363 869 3441 saisina
882 3362 1051 3469 predicta
1064 3360 1281 3470 justiciandi
1305 3361 1346 3437 in
1366 3361 1450 3439 loco
1469 3361 1639 3469 predicto
1653 3390 1849 3441 remanere
1869 3364 1931 3440 de·
1954 3415 1964 3432 ,

509 3495 618 3583 bere,
639 3494 837 3602 questione
857 3493 1095 3601 proprietatis
1116 3492 1227 3571 dictis
1247 3492 1377 3602 majori
1404 3511 1443 3570 et
1456 3492 1591 3601 juratis
1612 3492 1818 3600 superbos
1838 3493 1931 3571 salva

510 3644 739 3703 remanente.
912 3610 925 3637 ⁸
1428 3652 1432 3658 ’

565 3757 763 3833 Dominica
782 3772 868 3862 post
885 3754 1145 3835 Candelosam.

564 3888 722 3964 Tibotot
736 3886 948 3995 reportavit.

564 4150 739 4229 XXXVII.
761 4150 846 4227 Lite
862 4166 965 4230 mota
984 4150 1024 4227 in
1045 4151 1148 4229 curia
1162 4169 1290 4230 nostra
1304 4154 1402 4231 inter
1416 4155 1636 4262 episcopum
1649 4155 1925 4242 Nivernensem‚

383 4290 386 4301 '
509 4310 552 4361 ex
567 4310 642 4359 una
655 4298 776 4389 parte,
794 4298 832 4360 et
844 4277 1023 4361 comitem
1043 4282 1327 4376 Nivernensem,
1344 4313 1389 4363 ex
1402 4267 1532 4376 altera,
1547 4314 1661 4393 super
1678 4313 1723 4364 ec
1738 4285 1842 4393 quod
1857 4285 1929 4362 dic-
1997 4348 2003 4357 .

422 4492 424 4497 .
506 4432 567 4492 tus
592 4415 789 4521 episcopus
812 4412 961 4492 dicebat
976 4413 1082 4522 quod
1102 4414 1294 4521 predictus
1314 4444 1440 4495 comes
1459 4434 1526 4495 aut
1543 4418 1624 4525 ejus
1646 4433 1778 4525 gentes
1794 4416 1928 4495 loban-

507 4563 650 4649 nemet
664 4546 914 4624 laurencium
924 4545 963 4623 la
973 4546 1075 4636 Rise,
1093 4546 1250 4624 clericos
1262 4563 1301 4624 et
1320 4547 1359 4623 in
1374 4548 1608 4654 possessione
1629 4548 1824 4627 clericatus
1839 4548 1927 4625 exis-
2041 4643 2043 4651 Ι

505 4691 721 4784 tentes,pro
733 4677 944 4785 suspicione
957 4694 1085 4785 raptus
1099 4676 1295 4786 cujusdam
1308 4677 1496 4768 mulieris,
1512 4696 1661 4787 ceperat
1673 4696 1713 4757 et
1723 4678 1923 4765 detinebat,

506 4807 779 4914 propterquod
797 4809 966 4917 ejusdem
988 4808 1137 4887 comitis
1155 4808 1316 4888 ballivus
1335 4827 1374 4887 et
1388 4828 1538 4919 gentes,
1559 4840 1628 4919 per
1647 4809 1847 4889 officialem
1870 4806 1927 4888 Ni·

505 4962 725 5013 vernensem
746 4940 880 5039 moniti
903 4968 1016 5049 super
1039 4968 1173 5019 eorum
1193 4940 1428 5032 reddicione,
1449 4941 1606 5021 obedire
1625 4942 1833 5021 noluerunt
1851 4968 1926 5017 mo-

506 5066 644 5145 nicioni
666 5065 849 5175 predicte,
876 5088 913 5147 et
932 5072 1036 5178 quod
1056 5090 1205 5178 postea,
1226 5101 1295 5180 per
1314 5073 1517 5152 servientes
1536 5090 1702 5162 nostros,
1723 5072 1924 5151 inhibitum
