4450 6209
505 725 579 799 638
1086 719 1176 794 tus
1205 718 1345 794 otltt.

278 851 412 932 ratuni
420 877 464 942 tt,
503 883 542 945 et
560 865 710 973 culpam
731 865 848 972 ipsius
867 861 1005 971 Egidii,
1027 859 1144 940 altera
1158 889 1274 939 manu
1293 861 1410 939 inisse
1424 863 1657 953 mutilatum,
1672 864 1790 942 videri
1811 884 1850 943 et
1862 868 1924 975 ju·

340 969 401 1012 1111,

504 997 636 1088 dicari,
666 997 766 1076 dicto
791 994 926 1106 Egidio
947 995 986 1071 in
1011 995 1258 1082 contrarium,
1285 993 1417 1072 multis
1437 994 1668 1085 rosionibus,
1691 1017 1922 1104 proponente

503 1131 640 1209 dictam
661 1128 994 1208 denunciacionem
1015 1125 1157 1203 nullam
1173 1153 1254 1204 esse
1271 1142 1311 1202 et
1328 1125 1459 1215 fuisse,
1480 1145 1519 1204 et
1537 1127 1728 1235 quidquid
1748 1156 1791 1206 cx
1811 1158 1855 1206 aa
1868 1158 1923 1208 se·

501 1277 636 1368 qutum
649 1259 771 1338 bremt
783 1257 924 1336 debere
938 1257 1088 1363 penitus
1100 1256 1277 1349 anullari,
1293 1256 1504 1365 specialiter
1512 1261 1619 1367 quia,
1632 1276 1718 1368 post
1733 1260 1921 1340 (11111111-

501 1391 788 1470 nunciacioncm
804 1407 842 1468 et
857 1388 1170 1468 informacionem
1184 1388 1386 1496 predictus,
1401 1388 1525 1468 dicttu
1539 1390 1725 1470 Girardus
1744 1391 1844 1469 dicte
1861 1393 1921 1470 de

501 1523 737 1602 bunciacioni
767 1522 1048 1600 renunciaverat
1075 1539 1116 1598 ct
1143 1537 1275 1600 contra·
1303 1521 1447 1599 dictum
1476 1521 1654 1630 Egidium
1680 1549 1796 1630 super
1826 1523 1920 1602 dicto

501 1654 685 1733 maleficio
709 1653 881 1732 libellum
906 1651 1128 1743 tradiderat,
1152 1669 1190 1730 et
1209 1681 1324 1759 super
1349 1650 1451 1731 dicto
1474 1652 1604 1732 iibelio
1630 1652 1754 1732 dictus
1771 1655 1921 1762 Egidius

501 1787 602 1863 diem
618 1784 666 1862 ad
681 1784 966 1864 deliberandum
983 1782 1181 1872 habuerat,
1198 1799 1237 1860 et
1251 1810 1367 1862 novos
1380 1783 1624 1890 fidejussores
1640 1784 1689 1861 de
1704 1785 1838 1863 stando
1847 1785 1920 1894 juri

500 1917 671 2006 dederat,
692 1915 842 1994 dicebat
856 1914 973 1992 eciam
992 1913 1114 1991 dictus
1128 1913 1287 2022 Egidius
1304 1913 1427 2021 quod,
1448 1931 1578 1992 contra
1595 1913 1788 2021 predictos
1807 1934 1921 1994 recto·

500 2075 581 2126 rem
595 2065 633 2126 et
648 2046 859 2154 magistros,
877 2073 944 2124 scu
960 2043 1127 2123 dicentes
1144 2073 1184 2122 sc
1198 2073 1269 2152 pro
1283 2043 1382 2122 dicta
1394 2045 1649 2134 universitate,
1663 2073 1791 2153 neque
1803 2045 1918 2138 (111111,

500 2209 624 2288 neque
649 2179 854 2257 terminum
880 2174 1059 2267 babebat,
1089 2204 1161 2254 nec
1186 2176 1346 2266 eisdem,
1370 2205 1457 2254 urm
1477 2174 1628 2254 nullum
1645 2177 1863 2254 mandatum
1878 2205 1920 2254 ex

499 2327 602 2418 porte
616 2309 716 2388 dicte
730 2308 981 2388 universitatis
996 2305 1255 2400 ostenderent,
1266 2305 1469 2385 tenebatur
1482 2308 1522 2383 in
1536 2307 1664 2414 aliquo
1678 2307 1917 2414 respondem

500 2441 608 2520 dictis
635 2440 795 2521 Girardo
816 2457 855 2518 et
874 2440 1088 2518 dicentibus
1106 2467 1146 2518 se
1171 2467 1240 2545 pm
1260 2439 1359 2516 dicta
1380 2439 1619 2517 universitate
1636 2440 1677 2517 in
1696 2441 1919 2518 contrarium

500 2571 768 2661 asserentibus,
792 2587 829 2649 et
848 2571 1062 2649 dicentibus
1084 2569 1191 2676 quod
1216 2570 1341 2648 dictus
1359 2570 1527 2678 Egidius,
1548 2587 1635 2677 post
1652 2570 1799 2649 dictam
1817 2570 1920 2648 libri-

500 2705 579 2781 ium
601 2703 747 2782 editum
765 2704 805 2780 in
820 2703 982 2810 judicic,
1005 2719 1243 2781 consenserat
1261 2719 1300 2780 et
1318 2700 1487 2781 voinernt
1505 2703 1619 2810 quod
1629 2702 1727 2781 dicta
1747 2701 1920 2780 informa·

500 2837 558 2914 cio
579 2835 839 2944 judicaretur;
872 2861 988 2940 quare
1014 2832 1193 2940 petebant
1216 2834 1355 2912 dictam
1379 2833 1708 2922 informacionem,
1738 2861 1819 2912 uon
1845 2835 1920 2911 obs

499 2967 665 3043 tentibus
684 2965 886 3071 propositis
905 2993 973 3070 per
997 2963 1141 3041 dictum
1161 2964 1354 3073 Egidium,
1374 2964 1493 3044 videri
1520 2983 1558 3042 et
1579 2964 1758 3072 judicari3
1787 2964 1919 3043 auditis

500 3096 614 3203 igitur
640 3094 750 3171 dictis
767 3094 953 3200 partibus,
975 3094 1097 3173 dictus
1119 3097 1333 3202 prepositus
1352 3094 1446 3173 sacta
1472 3123 1542 3203 per
1561 3095 1704 3174 dictum
1724 3095 1915 3205 Egidium,

499 3253 568 3334 pro
584 3255 640 3316 se,
658 3244 695 3303 et
708 3253 778 3334 par
792 3227 912 3304 dictos
928 3225 1131 3305 Girardum
1148 3244 1186 3305 et
1204 3245 1376 3338 gerentes
1395 3256 1435 3305 se
1453 3255 1524 3335 pro
1543 3227 1642 3306 dicta
1661 3228 1915 3314 universitate,

499 3360 537 3435 in
550 3374 732 3466 quantum
746 3357 888 3434 dictum
901 3355 1104 3436 Girardum
1118 3374 1156 3435 et
1169 3358 1305 3435 dictam
1320 3359 1597 3439 universitatem
1608 3359 1826 3468 tangebant,
1842 3387 1918 3468 pro

497 3490 633 3596 posita,
659 3511 858 3595 persuum
873 3487 1063 3595 judicium
1084 3490 1132 3566 ad
1153 3490 1392 3595 probandum
1412 3490 1581 3580 admisit;
1602 3517 1718 3598 aquo
1732 3490 1914 3599 judicato,

498 3621 741 3727 inquantum
764 3620 968 3726 tangebant
994 3619 1134 3697 dictam
1156 3618 1453 3713 universitatem,
1483 3620 1605 3699 dictus
1627 3621 1802 3730 Egidius,
1828 3640 1917 3699 tam-

497 3779 611 3858 quam
632 3779 652 3826 1
669 3749 761 3828 saiso
782 3768 820 3827 et
839 3779 967 3855 pravo,
985 3753 1032 3827 ad
1047 3768 1213 3828 nostram
1236 3753 1376 3829 curiam
1396 3751 1617 3858 appellavit:
1637 3753 1735 3833 Visis
1752 3752 1865 3860 igitur
1881 3770 1917 3829 et

495 3880 698 3988 diiigenter
719 3881 896 3986 inspectis
918 3882 1008 3958 actis
1031 3901 1069 3958 et
1082 3882 1322 3989 processibus
1336 3885 1435 3962 dicte
1448 3911 1575 3972 cause,
1592 3913 1661 3991 per
1674 3886 1777 3974 curie
1790 3894 1914 3964 'nostre

492 4010 698 4118 judicium,
723 4010 866 4086 dictum
886 4009 958 4090 fuit
982 4013 1125 4090 dictum
1144 4015 1399 4121 prepositum,
1415 4034 1599 4123 quantum
1628 4017 1675 4093 ad
1696 4012 1815 4094 dictos'
1835 4017 1916 4123 Egi-

499 4140 605 4218 dium
636 4159 672 4219 et
696 4141 909 4234 Girardum,
935 4142 1032 4221 bene
1050 4145 1259 4253 judicasse,
1288 4164 1473 4254 quantum
1497 4175 1586 4225 vero
1610 4148 1658 4225 ad
1683 4148 1821 4226 dictam
1837 4147 1915 4223 uni-

495 4272 726 4361 versitatem,
753 4273 850 4350 male
869 4273 1073 4382 judicasse3
1096 4292 1135 4354 et
1159 4277 1301 4355 dictum
1320 4276 1498 4385 Egidiuui
1520 4279 1620 4357 bene
1640 4276 1860 4386 appellasse3
1880 4295 1916 4355 et

494 4403 665 4510 precepit
687 4401 795 4511 quod
816 4403 935 4483 dictus
956 4407 1185 4514 prepositus,
1208 4425 1388 4516 quontum
1408 4409 1456 4486 ad
1474 4409 1665 4518 predictos
1682 4409 1857 4520 Egidium
1880 4426 1916 4483 et

496 4533 712 4625 Girardum,
735 4533 893 4614 ulterius
909 4537 948 4611 in
969 4536 1067 4614 dicta
1088 4564 1221 4616 eorum
1235 4569 1343 4619 causa
1354 4541 1545 4649 procedat.

552 4665 681 4742 Martis
700 4683 786 4772 post
805 4667 1222 4776 Sanctum-Georgium.

552 4795 654 4901 Roya
672 4797 885 4900 reportavit.

553 4923 730 5004 Traditus
751 4925 822 5004 fuit
844 4956 1038 5035 processus
1056 4930 1261 5038 preposito.
