4450 6209
742 727 1008 838 saoneres
1033 747 1096 820 er
1115 730 1331 822 aaocts.
1673 748 1748 822 ces

324 888 509 996 predicte,
536 915 604 996 per
625 888 728 966 enrie
748 906 875 967 nostre
890 888 1095 997 judicium,
1122 887 1390 994 condempnati
1413 885 1570 966 fuerunt
1589 887 1750 994 predicti
1787 897 1919 952 aaron
1931 897 1975 962 W.

325 1035 409 1098 oete
442 1017 701 1096 malefactores
735 1019 774 1096 in
813 1019 1027 1128 quingentis
1059 1018 1166 1098 libris
1201 1017 1486 1098 Turonensibus
1519 1015 1647 1106 nobis,
1680 1047 1750 1123 pro
1850 988 1913 1058 Μ’

326 1151 500 1240 emenda,
525 1150 732 1242 solvendis,
756 1149 823 1228 fret
845 1169 973 1228 tamen
998 1151 1097 1228 inter
1121 1177 1187 1228 eos
1210 1149 1432 1228 distribucio
1458 1149 1556 1228 dicte
1583 1175 1749 1239 summe,

319 1282 426 1388 juxta
439 1281 682 1388 quantitatem
699 1280 919 1359 facultatum
933 1280 1136 1388 cujuslibet
1147 1279 1384 1358 eorumdem.
1397 1281 1510 1367 ltern,
1523 1279 1667 1358 dictum
1681 1279 1754 1358 fnit

324 1410 430 1518 quod
450 1411 574 1488 omnia
597 1411 781 1518 predicta,
804 1409 898 1490 facta
920 1439 987 1489 seu
1004 1427 1217 1517 attemptata
1236 1427 1365 1488 contra
1390 1438 1544 1489 manum
1566 1427 1750 1500 nostram,

325 1543 508 1620 reducem
532 1542 570 1618 in
598 1560 734 1620 statum
761 1542 961 1650 pristinum
983 1559 1022 1621 et
1046 1558 1250 1650 reponent,
1270 1558 1454 1620 reservata
1472 1542 1628 1648 insuper
1651 1543 1752 1620 dicto

325 1673 490 1751 Roberto
506 1671 542 1751 le
557 1663 791 1764 Medelinier‚
814 1702 927 1780 super
942 1673 1116 1780 dampnis
1135 1672 1228 1762 suis,
1250 1673 1402 1750 racione
1422 1673 1697 1781 predictorum,
1715 1688 1753 1750 et

326 1804 442 1882 eciam
462 1806 614 1912 utrique
633 1807 729 1913 parti
751 1833 865 1911 snper
878 1806 1106 1912 proprietate
1122 1822 1162 1882 et
1175 1805 1410 1910 possessione
1425 1833 1553 1882 rerum
1568 1806 1754 1912 predicta·

324 1963 430 2023 rum,
449 1935 666 2042 questione,
685 1936 864 2043 quociens
883 1964 996 2042 super
1013 1935 1086 2013 hiis
1101 1933 1290 2013 voluerint
1310 1934 1481 2040 experiri.

381 2067 556 2144 Mercurii
573 2084 658 2174 post
670 2069 850 2146 Sanctum
867 2067 1092 2176 Georgium,
1110 2094 1207 2144 anno
1222 2066 1487 2146 trecentesimo
1503 2067 1721 2146 undecimo.

381 2196 426 2276 G.
449 2197 497 2276 de
513 2198 609 2276 Usco
625 2196 838 2304 reportavit.

382 2459 474 2535 LIX.
504 2458 602 2536 Cum
619 2459 822 2534 Perrooeta
842 2456 876 2532 la
889 2457 1105 2549 Goutarde,
1125 2473 1303 2564 tanquam
1320 2459 1431 2535 heres
1449 2457 1685 2545 universalis,
1709 2474 1753 2534 ut

327 2589 488 2677 dicebat,
507 2587 697 2667 Anthonie
718 2586 753 2663 la
771 2589 800 2663 F
802 2614 952 2695 erougy,
974 2604 1121 2694 peteret
1135 2587 1350 2666 erecucioni
1365 2586 1536 2665 mandari
1555 2617 1624 2694 per
1642 2589 1752 2695 Regi·

327 2719 483 2797 nnldum
499 2718 706 2826 Viguerosi,
723 2734 918 2795 tenentem
938 2718 1065 2796 locum
1086 2719 1298 2798 cancellarii
1317 2720 1435 2797 nostri
1455 2719 1749 2808 Matisconensis,

325 2851 507 2957 quasdam
521 2851 662 2930 litteras
679 2866 806 2927 contra
822 2849 1071 2930 Guillelmum
1086 2851 1123 2930 le
1138 2851 1318 2930 Chevrier
1331 2868 1369 2928 et
1380 2851 1419 2926 in
1433 2849 1546 2928 bonis
1561 2851 1750 2959 ejusdem

325 2981 449 3060 dictus
464 2981 693 3060 Guillelmus
708 2981 999 3071 otPerronetus,
1016 2983 1097 3091 ejus
1115 2982 1234 3074 filius,
1254 2983 1303 3058 ad
1321 2982 1611 3089 impediendum
1625 3011 1753 3060 execu-

327 3113 474 3191 cionem
499 3113 736 3221 hujusmodi,
755 3115 1022 3220 proposuerint
1040 3114 1163 3221 qnod,
1180 3114 1225 3190 in,
1236 3130 1395 3191 tractatu
1410 3113 1640 3192 matrimonii
1661 3142 1752 3192 con·

246 3253 251 3259 ’
326 3241 500 3320 trahendi
516 3242 755 3348 interipsum
775 3242 1027 3322 Guillelmum
1046 3244 1082 3320 le
1100 3244 1283 3322 Cherrier
1296 3262 1335 3322 et
1352 3243 1492 3320 dictam
1508 3243 1750 3332 Anthoniam,

328 3402 370 3449 ex
390 3391 494 3480 parte
513 3401 603 3463 una,
628 3401 730 3450 nunc
748 3374 848 3451 inter
870 3374 1014 3450 dictum
1040 3375 1306 3467 Perronetnm,
1325 3374 1451 3452 filium
1470 3403 1600 3465 suum,
1621 3391 1660 3451 et
1676 3375 1753 3452 An-

326 3505 513 3596 thonium,
526 3523 679 3611 neptem
694 3505 792 3582 dicte
803 3504 994 3584 Anthonie
1010 3505 1045 3582 la
1060 3509 1249 3613 Ferouge,
1265 3504 1456 3594 etaltera,
1474 3505 1553 3612 ipsa
1562 3503 1754 3601 Anthonia

327 3633 362 3710 la
381 3638 411 3712 F
412 3663 567 3744 erouge,
591 3635 719 3726 amita,
741 3635 848 3714 dedit
862 3636 902 3712 in
922 3637 1053 3714 dotem
1068 3637 1140 3742 ipsi
1159 3638 1366 3715 Perroneto
1385 3653 1423 3714 et
1443 3635 1524 3744 ejus
1543 3636 1648 3741 nepti
1668 3664 1754 3742 pre·

328 3767 440 3858 dicte,
462 3767 499 3843 in
519 3785 713 3845 contractu
733 3767 823 3844 dicti
837 3766 1086 3858 matrimonii,
1102 3767 1229 3845 omnia
1248 3766 1349 3845 bona
1365 3792 1431 3844 sua
1445 3764 1606 3844 mobilia
1627 3783 1666 3843 et
1683 3766 1754 3844 im·

327 3895 500 3987 mobilia,
526 3916 674 3975 retento
696 3899 874 3975 duntaxat
897 3897 970 3975 sibi
992 3898 1192 3977 usufructu
1212 3927 1340 3975 rerum
1361 3896 1582 4005 hujusmodi
1604 3897 1754 3975 donata·

328 4055 426 4115 rum,
439 4028 511 4104 hoc
523 4028 653 4105 addito
666 4028 782 4134 quod,
795 4029 826 4106 si
839 4029 1072 4137 contingeret
1086 4031 1205 4137 ipsam
1216 4029 1448 4109 donatricem
1459 4029 1638 4134 premori,
1652 4028 1753 4107 dicto
1844 4077 1850 4086 ·

328 4156 535 4236 Guillelmo
554 4159 689 4236 marito
710 4187 779 4236 suo
793 4160 1008 4264 superstite,
1024 4161 1103 4266 ipsa
1122 4161 1163 4267 in
1181 4160 1292 4236 dictis
1305 4159 1584 4238 rebus-donatis
1597 4158 1755 4237 retinuit

328 4287 621 4379 usumfructum,
639 4288 685 4365 ad
697 4290 810 4366 vitam
824 4289 916 4367 dicti
931 4290 1054 4367 mariti
1070 4291 1147 4381 sui,
1162 4305 1217 4381 et,
1231 4290 1310 4367 viee
1321 4317 1442 4377 versa,
1459 4289 1583 4366 dictus
1595 4287 1754 4368 Guillel-

329 4448 414 4498 mus
429 4420 548 4511 dedit,
562 4421 698 4499 eodem
715 4419 845 4512 modo,
861 4420 987 4499 omnia
998 4421 1100 4500 bona
1114 4449 1182 4497 sua
1194 4420 1365 4528 predicto
1380 4413 1585 4497 Perroneto
1601 4436 1644 4494 et
1652 4418 1753 4496 dicte

329 4551 433 4655 nepti
449 4552 577 4629 uxoris
596 4579 680 4642 sue,
703 4567 742 4629 et
761 4551 813 4628 sic
829 4551 951 4630 dictus
965 4549 1195 4630 Guillelmus
1211 4566 1249 4628 et
1268 4551 1515 4636 Perronetus,
1530 4542 1750 4654 ejusfilius,

329 4709 417 4756 cum
430 4683 647 4762 anctoritate
663 4683 862 4790 patrissui,
876 4682 1049 4762 dicebant
1063 4678 1606 4789 ipsamAntlroniamdebonis
1620 4679 1755 4788 eliqui-

330 4812 402 4889 bus
419 4815 545 4892 testari
563 4843 642 4893 non
661 4816 844 4922 potuisse,
865 4841 952 4892 com
967 4813 1084 4892 nichil
1101 4814 1274 4904 haberet,
1290 4837 1407 4919 quare
1425 4809 1601 4889 dicebant
1614 4811 1754 4888 dictam

332 4946 593 5024 mecurionem
606 4948 689 5025 fieri
703 4975 782 5026 non
800 4945 940 5025 debere
955 4963 1082 5025 contra
1095 4945 1214 5053 ipsos,
1227 4942 1388 5022 maxime
1403 4971 1490 5022 cum
1503 4941 1552 5020 de
1564 4943 1754 5049 premissis

331 5077 448 5181 parati
465 5096 589 5157 essent
601 5078 722 5158 facere
735 5096 950 5187 promptam
967 5077 1105 5171 fidene
1121 5075 1259 5156 auditis
1272 5075 1389 5185 igitur
1402 5103 1517 5183 super
1528 5074 1603 5153 hoc
1615 5072 1754 5180 proba-

1598 5250 1648 5311 7¹·
