4450 6209
514 727 587 800 616
1094 723 1185 797 Lus
1214 721 1354 796 OLIM.

288 880 417 934 annm
432 877 475 940 tv,
513 897 581 975 per
600 869 703 946 curie
722 885 847 945 nostre
861 865 1070 974 judicium,
1088 863 1243 942 bierunt
1260 861 1424 942 absoluti
1440 861 1488 940 ab
1507 862 1685 941 omnibus
1702 863 1931 970 supradictis.

569 1001 697 1078 Martis
713 998 891 1105 predicta.

569 1133 619 1209 M.
641 1129 865 1239 Pasquerius
879 1131 1092 1236 reportavit.

349 971 412 1014 1³11.

566 1396 657 1472 XIV.
679 1395 777 1471 Cum
785 1393 1061 1470 PetrusNataiis
1074 1392 1122 1470 de
1135 1393 1305 1482 Biterris,
1321 1422 1406 1470 cum
1418 1394 1552 1472 litteris
1564 1393 1711 1472 domini
1721 1395 1849 1504 Regis,
1861 1423 1927 1499 pro

509 1525 735 1634 quibusdam
755 1525 871 1630 ipsius
894 1524 1059 1630 negociis
1084 1551 1207 1629 nuper
1228 1523 1276 1600 ad
1300 1540 1424 1629 partes
1444 1523 1615 1631 Agauesii
1636 1526 1862 1610 destinatus,
1889 1525 1926 1600 in

510 1657 610 1736 curia
625 1673 751 1734 nostra
769 1672 1012 1763 proponeret,
1031 1671 1158 1732 contra
1173 1654 1407 1732 Bemardum
1425 1654 1473 1731 de
1488 1655 1661 1743 Deveuia,
1677 1656 1796 1732 civem
1814 1654 1928 1763 Agen-

509 1815 678 1875 nensem‚
705 1787 810 1893 quod
844 1785 965 1863 dictus
991 1785 1204 1862 Bernardus
1231 1783 1456 1863 inobediens
1481 1802 1520 1863 et
1549 1783 1704 1863 rebellis
1733 1785 1774 1862 in
1800 1785 1926 1862 multis

510 1917 630 1997 fuerat
655 1916 839 2008 mandatis
864 1914 967 1992 factis
995 1915 1140 2004 eidem,
1170 1941 1213 1991 cx
1242 1931 1347 2020 parte
1367 1915 1511 1992 domini
1531 1917 1655 2023 Regis,
1676 1943 1746 2022 per
1764 1918 1925 1996 eundem

509 2050 679 2137 Petrum,
703 2065 740 2125 et
757 2047 884 2154 plures
902 2045 1180 2124 inobedicncias
1209 2064 1247 2124 et
1271 2074 1457 2125 rescussas
1479 2046 1617 2125 fecerat
1636 2065 1765 2126 contra
1788 2049 1922 2154 ipsum,

508 2208 625 2288 quare
645 2179 794 2287 petebat
814 2178 978 2256 eundem
992 2176 1240 2265 Bemardum,
1256 2205 1325 2282 per
1343 2179 1559 2284 capcionem
1575 2180 1745 2285 corporis
1764 2179 1923 2257 ethono-

508 2339 613 2398 rum,
631 2310 809 2419 compelli
825 2309 873 2387 ad
887 2309 1168 2387 emendandum
1185 2309 1341 2387 domino
1351 2311 1444 2417 Regi
1459 2326 1497 2386 et
1512 2308 1583 2386 sibi
1597 2309 1873 2388 inobedieucias
1890 2331 1925 2388 et

508 2470 691 2520 rescussas
706 2441 907 2550 predictas,
928 2441 1051 2520 dictus
1068 2467 1156 2520 vero
1173 2439 1401 2530 Bernartius,
1418 2469 1506 2518 suas
1520 2439 1761 2520 defensiones
1779 2458 1924 2547 preten-

509 2572 602 2651 dens
616 2591 746 2651 contra
764 2573 950 2681 predictas
971 2571 1253 2650 inobediencias
1268 2586 1307 2648 et
1329 2599 1532 2660 ramasses,
1559 2587 1688 2650 contra
1703 2571 1847 2649 dictum
1859 2572 1924 2648 Pe·

507 2722 609 2781 trum
634 2705 831 2812 proposuit
853 2704 957 2810 quod
985 2703 1085 2780 idem
1106 2704 1256 2792 Petrus,
1282 2703 1363 2779 sine
1391 2731 1500 2780 causa
1518 2701 1755 2791 rationabili,
1784 2721 1823 2778 et
1845 2721 1925 2812 post

509 2835 801 2941 appellacionem
817 2836 864 2912 ad
875 2835 1073 2914 dominum
1085 2837 1224 2943 Regem
1237 2833 1284 2911 ab
1295 2833 1377 2941 ipso
1387 2834 1662 2940 interpositam,
1675 2833 1792 2912 multa
1804 2862 1925 2943 grara-

509 2965 611 3043 mina
629 2965 752 3043 eidem
775 2965 903 3042 intulit
926 2982 965 3042 et
985 2966 1032 3043 de
1052 2965 1162 3043 bonis
1182 2965 1260 3042 suis
1278 2965 1416 3072 injuste
1435 2966 1552 3072 cepit,
1570 2981 1608 3042 et
1623 2993 1752 3043 secum
1772 2967 1925 3073 portavit

510 3097 640 3174 decem
663 3115 700 3174 et
722 3112 866 3205 septem
885 3097 1007 3203 pecias
1027 3096 1227 3204 cyfhorum
1247 3114 1284 3173 et
1307 3096 1535 3174 scutelarum
1560 3098 1723 3206 argenti,
1745 3097 1785 3173 in
1804 3097 1923 3175 valore

507 3226 692 3338 sexaginta
705 3227 886 3304 librarum
894 3227 1178 3304 Turonensium
1190 3227 1345 3304 etultra.
1354 3227 1642 3334 Item,quinque
1650 3229 1775 3334 pecias
1787 3257 1924 3335 panno-

506 3388 592 3436 rum
615 3361 662 3437 de
681 3358 872 3446 Flandria,
895 3359 933 3434 in
952 3356 1076 3436 valore
1098 3357 1347 3435 ducentarum
1368 3357 1550 3436 librarum
1569 3361 1867 3449 Turonensium,
1889 3378 1924 3436 et

506 3508 670 3597 quatuor
692 3488 806 3567 libras
824 3507 976 3566 monete
997 3489 1321 3577 Ernaudinomm,
1342 3488 1383 3565 iu
1402 3490 1527 3567 valore
1553 3492 1740 3598 sexaginta
1765 3489 1924 3597 quatuor

507 3620 720 3699 solidorum
727 3620 1025 3709 Turonensium,
1039 3637 1077 3698 et
1090 3619 1200 3727 plura
1212 3620 1283 3696 1111
1295 3620 1458 3727 dampna
1470 3619 1599 3699 intulit
1610 3622 1753 3710 eidem,
1765 3640 1809 3698 ut
1824 3623 1920 3708 dicit,

506 3780 574 3858 per
592 3753 807 3859 potenciam
822 3750 1097 3828 commissionis
1114 3777 1202 3839 sue,
1224 3779 1299 3855 que
1319 3751 1397 3856 ipse
1419 3753 1567 3829 estimat
1583 3753 1632 3828 ad
1649 3753 1731 3830 duo
1750 3751 1923 3830 1111111111-

506 3883 657 3960 brarum
680 3880 978 3971 Turonensium,
1002 3897 1039 3956 et
1057 3880 1164 3985 quod
1183 3879 1285 3956 idem
1307 3882 1439 3959 Petrus
1462 3881 1511 3959 ab
1529 3882 1692 3960 inimicis
1711 3882 1922 3989 capitalibus

507 4010 597 4088 dicti
613 4011 794 4089 Bernardi
815 4009 957 4115 recepit
973 4025 1011 4087 et
1031 4008 1165 4086 habuit
1181 4010 1362 4088 ducentas
1378 4011 1493 4090 libras
1509 4013 1753 4091 Turonenses
1772 4032 1817 4090 ut
1838 4042 1924 4091 eun-

507 4142 595 4218 dem
616 4140 850 4219 Bemardum
871 4140 922 4217 sic
938 4138 1037 4218 male
1058 4157 1248 4231 tractaret,
1271 4142 1467 4248 requirens
1493 4143 1595 4220 idem
1617 4144 1828 4222 Bernartius
1851 4145 1923 4223 dic·

506 4290 586 4350 tum
600 4274 752 4350 Petrum
771 4271 946 4379 compelli
961 4272 1008 4349 ad
1021 4272 1263 4350 reddendum
1278 4272 1349 4350 sibi
1364 4273 1552 4379 predictas
1566 4303 1627 4352 res
1642 4274 1783 4353 ablatas
1800 4277 1858 4353 vei
1872 4306 1923 4354 ea·

505 4431 591 4481 rum
611 4404 775 4482 valorem
804 4420 841 4482 et
865 4404 912 4481 ad
937 4404 1218 4482 resarciendum
1243 4404 1314 4481 sibi
1334 4404 1495 4510 dampna
1516 4406 1703 4511 predicta,
1726 4425 1764 4484 et
1786 4409 1921 4514 ipsum,

505 4565 574 4642 pro
603 4536 715 4614 tantis
743 4534 953 4613 excessibus
983 4551 1241 4641 competenter
1268 4535 1417 4641 puniri3
1443 4535 1546 4612 dicto
1573 4537 1686 4614 Petro
1713 4538 1842 4645 plures
1868 4568 1924 4616 ra-

506 4669 631 4747 ciones
652 4668 691 4744 in
712 4665 942 4745 contrarium
968 4681 1220 4771 proponente,
1243 4682 1281 4742 et
1300 4663 1449 4744 dicente
1476 4665 1583 4772 qnod
1600 4664 1665 4743 1111
1683 4695 1760 4773 que
1780 4669 1858 4775 ipse
1878 4671 1923 4747 de

506 4798 618 4875 bonis
637 4797 727 4874 dicti
748 4796 928 4874 Bernardi
947 4795 1148 4882 habuerat,
1171 4794 1234 4872 ilia
1251 4813 1403 4902 ceperat
1418 4824 1486 4902 pro
1507 4797 1586 4874 suis
1605 4798 1775 4905 expensis
1792 4799 1923 4878 facien·

507 4927 585 5004 dis:
602 4926 789 5015 Tandem,
807 4926 946 5004 auditis
970 4926 1058 5002 hinc
1078 4924 1167 5002 inde
1185 4925 1400 5031 propositis,
1421 4943 1459 5002 et
1474 4927 1561 5004 visis
1579 4926 1714 5006 litteris
1730 4948 1770 5006 et
1788 4930 1922 5010 instru-

505 5058 643 5136 mentis
661 5056 834 5136 exhibitis
854 5058 941 5134 hinc
960 5073 997 5134 et
1016 5056 1123 5145 inde,
1147 5072 1185 5131 et
1204 5056 1329 5134 audita
1350 5056 1441 5134 dicti
1458 5058 1556 5135 Petri
1576 5056 1832 5151 confessione,
1852 5089 1920 5165 que
