<?xml version="1.0" encoding="UTF-8"?>
<!DOCTYPE html PUBLIC "-//W3C//DTD XHTML 1.0 Transitional//EN"
    "http://www.w3.org/TR/xhtml1/DTD/xhtml1-transitional.dtd">
<html xmlns="http://www.w3.org/1999/xhtml" xml:lang="en" lang="en">
 <head>
  <title>
</title>
<meta http-equiv="Content-Type" content="text/html;charset=utf-8" />
  <meta name='ocr-system' content='tesseract 3.04.00' />
  <meta name='ocr-capabilities' content='ocr_page ocr_carea ocr_par ocr_line ocrx_word'/>
</head>
<body>
  <div class='ocr_page' id='page_1' title='image "./lesolimouregist00parigoog_0165.png"; bbox 0 0 4450 6209; ppageno 0'>
   <div class='ocr_carea' id='block_1_1' title="bbox 499 710 1339 788">
    <p class='ocr_par' dir='ltr' id='par_1_1' title="bbox 499 710 1339 788">
     <span class='ocr_line' id='line_1_1' title="bbox 499 710 1339 788; baseline -0.006 0"><span class='ocrx_word' id='word_1_1' title='bbox 499 713 548 788; x_wconf 79' lang='lat' dir='ltr'><strong>dd</strong></span> <span class='ocrx_word' id='word_1_2' title='bbox 1073 712 1165 787; x_wconf 80' lang='lat' dir='ltr'><strong>LES</strong></span> <span class='ocrx_word' id='word_1_3' title='bbox 1194 710 1339 786; x_wconf 81' lang='lat' dir='ltr'>OLIM.</span> 
     </span>
    </p>
   </div>
   <div class='ocr_carea' id='block_1_2' title="bbox 271 850 1923 963">
    <p class='ocr_par' dir='ltr' id='par_1_2' title="bbox 271 850 1923 963">
     <span class='ocr_line' id='line_1_2' title="bbox 271 850 1923 963; baseline 0.001 -31"><span class='ocrx_word' id='word_1_4' title='bbox 271 863 458 930; x_wconf 70' lang='lat' dir='ltr'><strong>enam-tv,</strong></span> <span class='ocrx_word' id='word_1_5' title='bbox 496 874 626 935; x_wconf 82' lang='lat' dir='ltr'><strong>comm</strong></span> <span class='ocrx_word' id='word_1_6' title='bbox 650 883 747 963; x_wconf 89' lang='lat' dir='ltr'><strong>aque</strong></span> <span class='ocrx_word' id='word_1_7' title='bbox 769 853 1003 947; x_wconf 81' lang='lat' dir='ltr'><strong>Parisiensis,</strong></span> <span class='ocrx_word' id='word_1_8' title='bbox 1031 882 1076 932; x_wconf 83' lang='lat' dir='ltr'><strong>ex</strong></span> <span class='ocrx_word' id='word_1_9' title='bbox 1095 853 1229 943; x_wconf 85' lang='lat' dir='ltr'><strong>altera,</strong></span> <span class='ocrx_word' id='word_1_10' title='bbox 1250 882 1365 962; x_wconf 86' lang='lat' dir='ltr'><strong>super</strong></span> <span class='ocrx_word' id='word_1_11' title='bbox 1384 880 1430 932; x_wconf 92' lang='lat' dir='ltr'><strong>eo</strong></span> <span class='ocrx_word' id='word_1_12' title='bbox 1449 852 1623 933; x_wconf 78' lang='lat' dir='ltr'><strong>videlicet</strong></span> <span class='ocrx_word' id='word_1_13' title='bbox 1641 850 1689 931; x_wconf 88' lang='lat' dir='ltr'><strong>ad</strong></span> <span class='ocrx_word' id='word_1_14' title='bbox 1708 880 1824 961; x_wconf 87' lang='lat' dir='ltr'><strong>quem</strong></span> <span class='ocrx_word' id='word_1_15' title='bbox 1843 884 1923 963; x_wconf 86' lang='lat' dir='ltr'><strong>per-</strong></span> 
     </span>
    </p>
   </div>
   <div class='ocr_carea' id='block_1_3' title="bbox 333 957 408 1016">
    <p class='ocr_par' dir='ltr' id='par_1_3' title="bbox 333 957 408 1016">
     <span class='ocr_line' id='line_1_3' title="bbox 333 957 408 1016; baseline -0.013 -14"><span class='ocrx_word' id='word_1_16' title='bbox 333 957 408 1016; x_wconf 73' lang='lat' dir='ltr'><strong>raors,</strong></span> 
     </span>
    </p>
   </div>
   <div class='ocr_carea' id='block_1_4' title="bbox 496 984 1923 2929">
    <p class='ocr_par' dir='ltr' id='par_1_4' title="bbox 496 984 1923 2641">
     <span class='ocr_line' id='line_1_4' title="bbox 497 984 1923 1093; baseline 0.001 -27"><span class='ocrx_word' id='word_1_17' title='bbox 497 990 618 1066; x_wconf 85' lang='lat' dir='ltr'><strong>tinent</strong></span> <span class='ocrx_word' id='word_1_18' title='bbox 641 988 866 1065; x_wconf 83' lang='lat' dir='ltr'><strong>servientem</strong></span> <span class='ocrx_word' id='word_1_19' title='bbox 894 988 941 1065; x_wconf 89' lang='lat' dir='ltr'><strong>ad</strong></span> <span class='ocrx_word' id='word_1_20' title='bbox 969 985 1178 1065; x_wconf 84' lang='lat' dir='ltr'><strong>custodiam</strong></span> <span class='ocrx_word' id='word_1_21' title='bbox 1206 1014 1301 1093; x_wconf 84' lang='lat' dir='ltr'><strong>aque</strong></span> <span class='ocrx_word' id='word_1_22' title='bbox 1322 984 1593 1075; x_wconf 87' lang='lat' dir='ltr'><strong>Vernonensis‚</strong></span> <span class='ocrx_word' id='word_1_23' title='bbox 1620 986 1660 1063; x_wconf 92' lang='lat' dir='ltr'><strong>in</strong></span> <span class='ocrx_word' id='word_1_24' title='bbox 1684 985 1868 1067; x_wconf 73' lang='lat' dir='ltr'><strong>descensu</strong></span> <span class='ocrx_word' id='word_1_25' title='bbox 1888 1008 1923 1067; x_wconf 87' lang='lat' dir='ltr'><strong>et</strong></span> 
     </span>
     <span class='ocr_line' id='line_1_5' title="bbox 499 1116 1921 1225; baseline -0.003 -26"><span class='ocrx_word' id='word_1_26' title='bbox 499 1147 655 1199; x_wconf 83' lang='lat' dir='ltr'><strong>ascensu</strong></span> <span class='ocrx_word' id='word_1_27' title='bbox 678 1117 829 1196; x_wconf 86' lang='lat' dir='ltr'><strong>navium</strong></span> <span class='ocrx_word' id='word_1_28' title='bbox 853 1145 996 1225; x_wconf 90' lang='lat' dir='ltr'><strong>ponere</strong></span> <span class='ocrx_word' id='word_1_29' title='bbox 1016 1133 1055 1195; x_wconf 89' lang='lat' dir='ltr'><strong>et</strong></span> <span class='ocrx_word' id='word_1_30' title='bbox 1071 1134 1203 1195; x_wconf 86' lang='lat' dir='ltr'><strong>tenere</strong></span> <span class='ocrx_word' id='word_1_31' title='bbox 1222 1132 1263 1194; x_wconf 85' lang='lat' dir='ltr'><strong>et</strong></span> <span class='ocrx_word' id='word_1_32' title='bbox 1280 1116 1447 1224; x_wconf 87' lang='lat' dir='ltr'><strong>positum</strong></span> <span class='ocrx_word' id='word_1_33' title='bbox 1467 1144 1678 1205; x_wconf 81' lang='lat' dir='ltr'><strong>removere,</strong></span> <span class='ocrx_word' id='word_1_34' title='bbox 1701 1144 1770 1224; x_wconf 88' lang='lat' dir='ltr'><strong>per</strong></span> <span class='ocrx_word' id='word_1_35' title='bbox 1785 1116 1921 1197; x_wconf 82' lang='lat' dir='ltr'><strong>curiam</strong></span> 
     </span>
     <span class='ocr_line' id='line_1_6' title="bbox 499 1248 1921 1359; baseline -0.002 -29"><span class='ocrx_word' id='word_1_36' title='bbox 499 1251 591 1340; x_wconf 86' lang='lat' dir='ltr'><strong>visa,</strong></span> <span class='ocrx_word' id='word_1_37' title='bbox 608 1268 646 1328; x_wconf 90' lang='lat' dir='ltr'><strong>et</strong></span> <span class='ocrx_word' id='word_1_38' title='bbox 661 1249 965 1328; x_wconf 80' lang='lat' dir='ltr'><strong>attestacionihus</strong></span> <span class='ocrx_word' id='word_1_39' title='bbox 984 1250 1023 1325; x_wconf 92' lang='lat' dir='ltr'><strong>in</strong></span> <span class='ocrx_word' id='word_1_40' title='bbox 1040 1278 1084 1327; x_wconf 81' lang='lat' dir='ltr'><strong>ea</strong></span> <span class='ocrx_word' id='word_1_41' title='bbox 1104 1248 1294 1327; x_wconf 82' lang='lat' dir='ltr'><strong>contentis</strong></span> <span class='ocrx_word' id='word_1_42' title='bbox 1310 1248 1512 1359; x_wconf 81' lang='lat' dir='ltr'>diligenter</span> <span class='ocrx_word' id='word_1_43' title='bbox 1531 1250 1726 1356; x_wconf 76' lang='lat' dir='ltr'><strong>inspectis,</strong></span> <span class='ocrx_word' id='word_1_44' title='bbox 1742 1251 1832 1357; x_wconf 86' lang='lat' dir='ltr'><strong>quia</strong></span> <span class='ocrx_word' id='word_1_45' title='bbox 1849 1278 1921 1329; x_wconf 89' lang='lat' dir='ltr'><strong>non</strong></span> 
     </span>
     <span class='ocr_line' id='line_1_7' title="bbox 499 1378 1922 1489; baseline -0.001 -30"><span class='ocrx_word' id='word_1_46' title='bbox 499 1381 782 1460; x_wconf 69' lang='lat' dir='ltr'><strong>hirimanum</strong></span> <span class='ocrx_word' id='word_1_47' title='bbox 803 1380 867 1487; x_wconf 86' lang='lat' dir='ltr'><strong>jus</strong></span> <span class='ocrx_word' id='word_1_48' title='bbox 890 1380 1038 1487; x_wconf 80' lang='lat' dir='ltr'><strong>regium</strong></span> <span class='ocrx_word' id='word_1_49' title='bbox 1062 1378 1178 1460; x_wconf 81' lang='lat' dir='ltr'><strong>fuisse</strong></span> <span class='ocrx_word' id='word_1_50' title='bbox 1197 1378 1427 1459; x_wconf 85' lang='lat' dir='ltr'><strong>sufficienter</strong></span> <span class='ocrx_word' id='word_1_51' title='bbox 1445 1381 1484 1456; x_wconf 94' lang='lat' dir='ltr'><strong>in</strong></span> <span class='ocrx_word' id='word_1_52' title='bbox 1502 1380 1724 1487; x_wconf 90' lang='lat' dir='ltr'><strong>hujusmodi</strong></span> <span class='ocrx_word' id='word_1_53' title='bbox 1744 1408 1922 1489; x_wconf 80' lang='lat' dir='ltr'><strong>prosequ-</strong></span> 
     </span>
     <span class='ocr_line' id='line_1_8' title="bbox 496 1508 1923 1620; baseline -0.001 -29"><span class='ocrx_word' id='word_1_54' title='bbox 496 1530 598 1603; x_wconf 89' lang='lat' dir='ltr'><strong>tum,</strong></span> <span class='ocrx_word' id='word_1_55' title='bbox 617 1539 687 1588; x_wconf 88' lang='lat' dir='ltr'><strong>nec</strong></span> <span class='ocrx_word' id='word_1_56' title='bbox 707 1510 885 1588; x_wconf 59' lang='lat' dir='ltr'><strong>menius</strong></span> <span class='ocrx_word' id='word_1_57' title='bbox 897 1538 968 1617; x_wconf 90' lang='lat' dir='ltr'><strong>pro</strong></span> <span class='ocrx_word' id='word_1_58' title='bbox 977 1510 1066 1620; x_wconf 86' lang='lat' dir='ltr'><strong>jure</strong></span> <span class='ocrx_word' id='word_1_59' title='bbox 1083 1510 1195 1619; x_wconf 86' lang='lat' dir='ltr'><strong>Regis</strong></span> <span class='ocrx_word' id='word_1_60' title='bbox 1209 1510 1325 1589; x_wconf 79' lang='lat' dir='ltr'><strong>fuisse</strong></span> <span class='ocrx_word' id='word_1_61' title='bbox 1342 1508 1516 1601; x_wconf 67' lang='lat' dir='ltr'><strong>maditus,</strong></span> <span class='ocrx_word' id='word_1_62' title='bbox 1538 1538 1609 1587; x_wconf 88' lang='lat' dir='ltr'><strong>nec</strong></span> <span class='ocrx_word' id='word_1_63' title='bbox 1623 1526 1740 1589; x_wconf 87' lang='lat' dir='ltr'><strong>testes</strong></span> <span class='ocrx_word' id='word_1_64' title='bbox 1757 1540 1828 1619; x_wconf 87' lang='lat' dir='ltr'><strong>per</strong></span> <span class='ocrx_word' id='word_1_65' title='bbox 1841 1541 1923 1620; x_wconf 83' lang='lat' dir='ltr'><strong>prn-</strong></span> 
     </span>
     <span class='ocr_line' id='line_1_9' title="bbox 498 1642 1921 1749; baseline 0.001 -30"><span class='ocrx_word' id='word_1_66' title='bbox 498 1660 710 1720; x_wconf 82' lang='lat' dir='ltr'><strong>curatomm</strong></span> <span class='ocrx_word' id='word_1_67' title='bbox 736 1642 901 1749; x_wconf 84' lang='lat' dir='ltr'><strong>regium,</strong></span> <span class='ocrx_word' id='word_1_68' title='bbox 921 1670 966 1721; x_wconf 79' lang='lat' dir='ltr'><strong>es</strong></span> <span class='ocrx_word' id='word_1_69' title='bbox 991 1661 1095 1749; x_wconf 80' lang='lat' dir='ltr'><strong>parte</strong></span> <span class='ocrx_word' id='word_1_70' title='bbox 1120 1642 1268 1721; x_wconf 88' lang='lat' dir='ltr'><strong>domini</strong></span> <span class='ocrx_word' id='word_1_71' title='bbox 1293 1642 1404 1749; x_wconf 86' lang='lat' dir='ltr'><strong>Regis</strong></span> <span class='ocrx_word' id='word_1_72' title='bbox 1423 1642 1537 1723; x_wconf 77' lang='lat' dir='ltr'><strong>hrisse</strong></span> <span class='ocrx_word' id='word_1_73' title='bbox 1561 1642 1786 1749; x_wconf 86' lang='lat' dir='ltr'><strong>productos,</strong></span> <span class='ocrx_word' id='word_1_74' title='bbox 1808 1644 1921 1721; x_wconf 85' lang='lat' dir='ltr'><strong>imrno</strong></span> 
     </span>
     <span class='ocr_line' id='line_1_10' title="bbox 498 1772 1922 1885; baseline 0 -34"><span class='ocrx_word' id='word_1_75' title='bbox 498 1803 568 1851; x_wconf 91' lang='lat' dir='ltr'><strong>nec</strong></span> <span class='ocrx_word' id='word_1_76' title='bbox 592 1772 678 1853; x_wconf 92' lang='lat' dir='ltr'><strong>illos</strong></span> <span class='ocrx_word' id='word_1_77' title='bbox 701 1773 767 1881; x_wconf 89' lang='lat' dir='ltr'><strong>qui</strong></span> <span class='ocrx_word' id='word_1_78' title='bbox 785 1773 960 1881; x_wconf 88' lang='lat' dir='ltr'><strong>producti</strong></span> <span class='ocrx_word' id='word_1_79' title='bbox 979 1773 1129 1851; x_wconf 84' lang='lat' dir='ltr'><strong>suntin</strong></span> <span class='ocrx_word' id='word_1_80' title='bbox 1151 1774 1325 1883; x_wconf 86' lang='lat' dir='ltr'><strong>inquesta</strong></span> <span class='ocrx_word' id='word_1_81' title='bbox 1344 1773 1511 1879; x_wconf 85' lang='lat' dir='ltr'><strong>predicta</strong></span> <span class='ocrx_word' id='word_1_82' title='bbox 1529 1773 1704 1881; x_wconf 88' lang='lat' dir='ltr'><strong>apparuit</strong></span> <span class='ocrx_word' id='word_1_83' title='bbox 1723 1774 1922 1885; x_wconf 83' lang='lat' dir='ltr'><strong>interroga·</strong></span> 
     </span>
     <span class='ocr_line' id='line_1_11' title="bbox 497 1904 1922 2013; baseline 0 -30"><span class='ocrx_word' id='word_1_84' title='bbox 497 1924 559 1983; x_wconf 88' lang='lat' dir='ltr'><strong>tos</strong></span> <span class='ocrx_word' id='word_1_85' title='bbox 578 1904 694 2013; x_wconf 83' lang='lat' dir='ltr'><strong>fuisse</strong></span> <span class='ocrx_word' id='word_1_86' title='bbox 716 1906 764 1983; x_wconf 89' lang='lat' dir='ltr'><strong>de</strong></span> <span class='ocrx_word' id='word_1_87' title='bbox 782 1905 916 1982; x_wconf 79' lang='lat' dir='ltr'>saisina</span> <span class='ocrx_word' id='word_1_88' title='bbox 935 1905 995 1984; x_wconf 82' lang='lat' dir='ltr'><strong>vel</strong></span> <span class='ocrx_word' id='word_1_89' title='bbox 1008 1906 1096 2013; x_wconf 84' lang='lat' dir='ltr'><strong>jure</strong></span> <span class='ocrx_word' id='word_1_90' title='bbox 1117 1905 1263 1985; x_wconf 87' lang='lat' dir='ltr'><strong>domini</strong></span> <span class='ocrx_word' id='word_1_91' title='bbox 1282 1905 1411 2011; x_wconf 82' lang='lat' dir='ltr'><strong>Regis,</strong></span> <span class='ocrx_word' id='word_1_92' title='bbox 1430 1934 1499 2013; x_wconf 89' lang='lat' dir='ltr'><strong>per</strong></span> <span class='ocrx_word' id='word_1_93' title='bbox 1514 1904 1704 2012; x_wconf 82' lang='lat' dir='ltr'><strong>judicium</strong></span> <span class='ocrx_word' id='word_1_94' title='bbox 1726 1906 1829 1983; x_wconf 86' lang='lat' dir='ltr'><strong>curie</strong></span> <span class='ocrx_word' id='word_1_95' title='bbox 1850 1906 1922 1983; x_wconf 89' lang='lat' dir='ltr'><strong>dic·</strong></span> 
     </span>
     <span class='ocr_line' id='line_1_12' title="bbox 498 2036 1920 2144; baseline 0 -29"><span class='ocrx_word' id='word_1_96' title='bbox 498 2055 584 2115; x_wconf 90' lang='lat' dir='ltr'><strong>tum</strong></span> <span class='ocrx_word' id='word_1_97' title='bbox 607 2036 680 2114; x_wconf 82' lang='lat' dir='ltr'><strong>init</strong></span> <span class='ocrx_word' id='word_1_98' title='bbox 697 2054 737 2114; x_wconf 89' lang='lat' dir='ltr'><strong>et</strong></span> <span class='ocrx_word' id='word_1_99' title='bbox 758 2036 1052 2143; x_wconf 81' lang='lat' dir='ltr'><strong>pronunciatum</strong></span> <span class='ocrx_word' id='word_1_100' title='bbox 1077 2038 1290 2144; x_wconf 88' lang='lat' dir='ltr'><strong>inqueetam</strong></span> <span class='ocrx_word' id='word_1_101' title='bbox 1313 2036 1538 2144; x_wconf 75' lang='lat' dir='ltr'><strong>predictam,</strong></span> <span class='ocrx_word' id='word_1_102' title='bbox 1562 2052 1705 2114; x_wconf 86' lang='lat' dir='ltr'><strong>attento</strong></span> <span class='ocrx_word' id='word_1_103' title='bbox 1728 2037 1920 2141; x_wconf 78' lang='lat' dir='ltr'><strong>presertim</strong></span> 
     </span>
     <span class='ocr_line' id='line_1_13' title="bbox 499 2166 1919 2258; baseline -0.002 -12"><span class='ocrx_word' id='word_1_104' title='bbox 499 2186 631 2247; x_wconf 91' lang='lat' dir='ltr'><strong>tenore</strong></span> <span class='ocrx_word' id='word_1_105' title='bbox 657 2168 756 2247; x_wconf 90' lang='lat' dir='ltr'><strong>dicte</strong></span> <span class='ocrx_word' id='word_1_106' title='bbox 779 2167 1066 2258; x_wconf 76' lang='lat' dir='ltr'><strong>commissionis,</strong></span> <span class='ocrx_word' id='word_1_107' title='bbox 1090 2171 1219 2247; x_wconf 89' lang='lat' dir='ltr'><strong>minus</strong></span> <span class='ocrx_word' id='word_1_108' title='bbox 1243 2166 1476 2247; x_wconf 82' lang='lat' dir='ltr'><strong>sufficienter</strong></span> <span class='ocrx_word' id='word_1_109' title='bbox 1499 2166 1612 2245; x_wconf 82' lang='lat' dir='ltr'><strong>fuisse</strong></span> <span class='ocrx_word' id='word_1_110' title='bbox 1635 2166 1767 2245; x_wconf 77' lang='lat' dir='ltr'><strong>factam</strong></span> <span class='ocrx_word' id='word_1_111' title='bbox 1788 2185 1828 2245; x_wconf 89' lang='lat' dir='ltr'><strong>et</strong></span> <span class='ocrx_word' id='word_1_112' title='bbox 1847 2196 1919 2244; x_wconf 85' lang='lat' dir='ltr'><strong>esse</strong></span> 
     </span>
     <span class='ocr_line' id='line_1_14' title="bbox 500 2296 1921 2406; baseline -0.001 -31"><span class='ocrx_word' id='word_1_113' title='bbox 500 2298 718 2384; x_wconf 77' lang='lat' dir='ltr'><strong>invalidam:</strong></span> <span class='ocrx_word' id='word_1_114' title='bbox 746 2316 784 2376; x_wconf 91' lang='lat' dir='ltr'><strong>et</strong></span> <span class='ocrx_word' id='word_1_115' title='bbox 802 2300 944 2377; x_wconf 88' lang='lat' dir='ltr'><strong>iterum</strong></span> <span class='ocrx_word' id='word_1_116' title='bbox 963 2328 1077 2406; x_wconf 89' lang='lat' dir='ltr'><strong>super</strong></span> <span class='ocrx_word' id='word_1_117' title='bbox 1093 2300 1284 2377; x_wconf 85' lang='lat' dir='ltr'><strong>contentis</strong></span> <span class='ocrx_word' id='word_1_118' title='bbox 1303 2298 1343 2375; x_wconf 94' lang='lat' dir='ltr'><strong>in</strong></span> <span class='ocrx_word' id='word_1_119' title='bbox 1365 2298 1464 2377; x_wconf 85' lang='lat' dir='ltr'><strong>dicta</strong></span> <span class='ocrx_word' id='word_1_120' title='bbox 1484 2298 1748 2377; x_wconf 85' lang='lat' dir='ltr'><strong>commissione</strong></span> <span class='ocrx_word' id='word_1_121' title='bbox 1767 2296 1921 2405; x_wconf 78' lang='lat' dir='ltr'><strong>diligen</strong></span> 
     </span>
     <span class='ocr_line' id='line_1_15' title="bbox 499 2428 1922 2538; baseline -0.004 -29"><span class='ocrx_word' id='word_1_122' title='bbox 499 2450 559 2509; x_wconf 90' lang='lat' dir='ltr'><strong>ter</strong></span> <span class='ocrx_word' id='word_1_123' title='bbox 576 2430 847 2538; x_wconf 87' lang='lat' dir='ltr'><strong>inquirendum</strong></span> <span class='ocrx_word' id='word_1_124' title='bbox 867 2460 966 2521; x_wconf 92' lang='lat' dir='ltr'><strong>esse,</strong></span> <span class='ocrx_word' id='word_1_125' title='bbox 982 2432 1119 2510; x_wconf 83' lang='lat' dir='ltr'><strong>vocatis</strong></span> <span class='ocrx_word' id='word_1_126' title='bbox 1139 2446 1380 2537; x_wconf 77' lang='lat' dir='ltr'><strong>procuratore</strong></span> <span class='ocrx_word' id='word_1_127' title='bbox 1402 2430 1549 2509; x_wconf 90' lang='lat' dir='ltr'><strong>domini</strong></span> <span class='ocrx_word' id='word_1_128' title='bbox 1566 2429 1677 2537; x_wconf 83' lang='lat' dir='ltr'><strong>Regis</strong></span> <span class='ocrx_word' id='word_1_129' title='bbox 1688 2446 1731 2507; x_wconf 88' lang='lat' dir='ltr'><strong>et</strong></span> <span class='ocrx_word' id='word_1_130' title='bbox 1743 2428 1826 2507; x_wconf 89' lang='lat' dir='ltr'><strong>aliis</strong></span> <span class='ocrx_word' id='word_1_131' title='bbox 1844 2455 1922 2505; x_wconf 84' lang='lat' dir='ltr'><strong>evo·</strong></span> 
     </span>
     <span class='ocr_line' id='line_1_16' title="bbox 500 2563 640 2641; baseline -0.029 0"><span class='ocrx_word' id='word_1_132' title='bbox 500 2563 640 2641; x_wconf 87' lang='lat' dir='ltr'><strong>caudis.</strong></span> 
     </span>
    </p>

    <p class='ocr_par' dir='ltr' id='par_1_5' title="bbox 556 2690 1566 2800">
     <span class='ocr_line' id='line_1_17' title="bbox 556 2690 1566 2800; baseline -0.004 -29"><span class='ocrx_word' id='word_1_133' title='bbox 556 2696 692 2771; x_wconf 79' lang='lat' dir='ltr'><strong>Actum</strong></span> <span class='ocrx_word' id='word_1_134' title='bbox 708 2692 804 2800; x_wconf 84' lang='lat' dir='ltr'><strong>jovis</strong></span> <span class='ocrx_word' id='word_1_135' title='bbox 822 2710 908 2798; x_wconf 88' lang='lat' dir='ltr'><strong>post</strong></span> <span class='ocrx_word' id='word_1_136' title='bbox 925 2692 1065 2770; x_wconf 84' lang='lat' dir='ltr'><strong>festum</strong></span> <span class='ocrx_word' id='word_1_137' title='bbox 1084 2692 1185 2771; x_wconf 88' lang='lat' dir='ltr'><strong>beati</strong></span> <span class='ocrx_word' id='word_1_138' title='bbox 1204 2690 1372 2771; x_wconf 85' lang='lat' dir='ltr'><strong>Barnabe</strong></span> <span class='ocrx_word' id='word_1_139' title='bbox 1391 2691 1566 2798; x_wconf 83' lang='lat' dir='ltr'><strong>apostoli.</strong></span> 
     </span>
    </p>

    <p class='ocr_par' dir='ltr' id='par_1_6' title="bbox 558 2823 1176 2929">
     <span class='ocr_line' id='line_1_18' title="bbox 558 2823 1176 2929; baseline -0.003 -27"><span class='ocrx_word' id='word_1_140' title='bbox 558 2826 609 2903; x_wconf 89' lang='lat' dir='ltr'><strong>M.</strong></span> <span class='ocrx_word' id='word_1_141' title='bbox 631 2826 673 2900; x_wconf 87' lang='lat' dir='ltr'><strong>R.</strong></span> <span class='ocrx_word' id='word_1_142' title='bbox 694 2823 921 2918; x_wconf 82' lang='lat' dir='ltr'><strong>Rousselleti</strong></span> <span class='ocrx_word' id='word_1_143' title='bbox 939 2824 1176 2929; x_wconf 78' lang='lat' dir='ltr'><strong>reportavit1.</strong></span> 
     </span>
    </p>
   </div>
   <div class='ocr_carea' id='block_1_5' title="bbox 498 3084 2023 4909">
    <p class='ocr_par' dir='ltr' id='par_1_7' title="bbox 498 3084 2023 4909">
     <span class='ocr_line' id='line_1_19' title="bbox 556 3084 1922 3199; baseline 0.003 -34"><span class='ocrx_word' id='word_1_144' title='bbox 556 3086 633 3165; x_wconf 83' lang='lat' dir='ltr'><strong>VH.</strong></span> <span class='ocrx_word' id='word_1_145' title='bbox 663 3085 764 3165; x_wconf 86' lang='lat' dir='ltr'><strong>Cum</strong></span> <span class='ocrx_word' id='word_1_146' title='bbox 789 3101 870 3164; x_wconf 89' lang='lat' dir='ltr'><strong>orta</strong></span> <span class='ocrx_word' id='word_1_147' title='bbox 894 3101 992 3165; x_wconf 87' lang='lat' dir='ltr'><strong>esset</strong></span> <span class='ocrx_word' id='word_1_148' title='bbox 1018 3084 1207 3165; x_wconf 76' lang='lat' dir='ltr'><strong>discordia</strong></span> <span class='ocrx_word' id='word_1_149' title='bbox 1231 3086 1330 3167; x_wconf 84' lang='lat' dir='ltr'><strong>inter</strong></span> <span class='ocrx_word' id='word_1_150' title='bbox 1353 3086 1549 3199; x_wconf 84' lang='lat' dir='ltr'><strong>religiosos</strong></span> <span class='ocrx_word' id='word_1_151' title='bbox 1572 3084 1672 3167; x_wconf 86' lang='lat' dir='ltr'><strong>viros</strong></span> <span class='ocrx_word' id='word_1_152' title='bbox 1695 3086 1869 3169; x_wconf 87' lang='lat' dir='ltr'><strong>abbatem</strong></span> <span class='ocrx_word' id='word_1_153' title='bbox 1889 3101 1922 3169; x_wconf 85' lang='lat' dir='ltr'><strong>et</strong></span> 
     </span>
     <span class='ocr_line' id='line_1_20' title="bbox 501 3220 1921 3328; baseline 0.004 -32"><span class='ocrx_word' id='word_1_154' title='bbox 501 3236 728 3296; x_wconf 83' lang='lat' dir='ltr'><strong>conventum</strong></span> <span class='ocrx_word' id='word_1_155' title='bbox 756 3220 1083 3299; x_wconf 87' lang='lat' dir='ltr'><strong>Sancti-Florencii</strong></span> <span class='ocrx_word' id='word_1_156' title='bbox 1117 3220 1163 3297; x_wconf 94' lang='lat' dir='ltr'><strong>de</strong></span> <span class='ocrx_word' id='word_1_157' title='bbox 1192 3222 1366 3311; x_wconf 89' lang='lat' dir='ltr'><strong>Saumur‚</strong></span> <span class='ocrx_word' id='word_1_158' title='bbox 1401 3223 1550 3299; x_wconf 91' lang='lat' dir='ltr'><strong>racione</strong></span> <span class='ocrx_word' id='word_1_159' title='bbox 1576 3223 1763 3328; x_wconf 86' lang='lat' dir='ltr'><strong>prioratus</strong></span> <span class='ocrx_word' id='word_1_160' title='bbox 1792 3250 1921 3301; x_wconf 87' lang='lat' dir='ltr'><strong>eorum</strong></span> 
     </span>
     <span class='ocr_line' id='line_1_21' title="bbox 501 3351 1921 3462; baseline -0.001 -31"><span class='ocrx_word' id='word_1_161' title='bbox 501 3351 889 3459; x_wconf 58' lang='lat' dir='ltr'><strong>SanctivGondulphi,</strong></span> <span class='ocrx_word' id='word_1_162' title='bbox 916 3382 959 3430; x_wconf 81' lang='lat' dir='ltr'><strong>ex</strong></span> <span class='ocrx_word' id='word_1_163' title='bbox 984 3382 1061 3430; x_wconf 85' lang='lat' dir='ltr'><strong>una</strong></span> <span class='ocrx_word' id='word_1_164' title='bbox 1080 3370 1205 3462; x_wconf 85' lang='lat' dir='ltr'><strong>parte,</strong></span> <span class='ocrx_word' id='word_1_165' title='bbox 1232 3370 1270 3431; x_wconf 88' lang='lat' dir='ltr'><strong>et</strong></span> <span class='ocrx_word' id='word_1_166' title='bbox 1292 3352 1462 3431; x_wconf 89' lang='lat' dir='ltr'><strong>nobilem</strong></span> <span class='ocrx_word' id='word_1_167' title='bbox 1484 3352 1701 3441; x_wconf 88' lang='lat' dir='ltr'><strong>mulierem,</strong></span> <span class='ocrx_word' id='word_1_168' title='bbox 1734 3353 1921 3431; x_wconf 84' lang='lat' dir='ltr'><strong>dominam</strong></span> 
     </span>
     <span class='ocr_line' id='line_1_22' title="bbox 499 3482 1923 3591; baseline -0.001 -29"><span class='ocrx_word' id='word_1_169' title='bbox 499 3483 652 3575; x_wconf 84' lang='lat' dir='ltr'><strong>Soliaci,</strong></span> <span class='ocrx_word' id='word_1_170' title='bbox 674 3513 804 3591; x_wconf 92' lang='lat' dir='ltr'><strong>prose</strong></span> <span class='ocrx_word' id='word_1_171' title='bbox 824 3502 863 3563; x_wconf 91' lang='lat' dir='ltr'><strong>et</strong></span> <span class='ocrx_word' id='word_1_172' title='bbox 886 3485 1016 3565; x_wconf 85' lang='lat' dir='ltr'><strong>liberis</strong></span> <span class='ocrx_word' id='word_1_173' title='bbox 1038 3486 1133 3577; x_wconf 90' lang='lat' dir='ltr'><strong>suis,</strong></span> <span class='ocrx_word' id='word_1_174' title='bbox 1155 3485 1322 3564; x_wconf 90' lang='lat' dir='ltr'><strong>dominis</strong></span> <span class='ocrx_word' id='word_1_175' title='bbox 1345 3502 1384 3562; x_wconf 90' lang='lat' dir='ltr'><strong>et</strong></span> <span class='ocrx_word' id='word_1_176' title='bbox 1402 3484 1609 3563; x_wconf 88' lang='lat' dir='ltr'><strong>heredibus</strong></span> <span class='ocrx_word' id='word_1_177' title='bbox 1635 3483 1789 3573; x_wconf 87' lang='lat' dir='ltr'><strong>Soliaci,</strong></span> <span class='ocrx_word' id='word_1_178' title='bbox 1813 3512 1858 3561; x_wconf 84' lang='lat' dir='ltr'><strong>ex</strong></span> <span class='ocrx_word' id='word_1_179' title='bbox 1874 3482 1923 3561; x_wconf 87' lang='lat' dir='ltr'><strong>al-</strong></span> 
     </span>
     <span class='ocr_line' id='line_1_23' title="bbox 498 3612 2023 3723; baseline 0.001 -31"><span class='ocrx_word' id='word_1_180' title='bbox 498 3632 596 3706; x_wconf 85' lang='lat' dir='ltr'><strong>tera;</strong></span> <span class='ocrx_word' id='word_1_181' title='bbox 617 3644 731 3722; x_wconf 89' lang='lat' dir='ltr'><strong>super</strong></span> <span class='ocrx_word' id='word_1_182' title='bbox 753 3644 800 3693; x_wconf 91' lang='lat' dir='ltr'><strong>eo</strong></span> <span class='ocrx_word' id='word_1_183' title='bbox 819 3616 925 3722; x_wconf 88' lang='lat' dir='ltr'><strong>quod</strong></span> <span class='ocrx_word' id='word_1_184' title='bbox 943 3617 1042 3694; x_wconf 88' lang='lat' dir='ltr'><strong>dicta</strong></span> <span class='ocrx_word' id='word_1_185' title='bbox 1060 3618 1215 3695; x_wconf 88' lang='lat' dir='ltr'><strong>domina</strong></span> <span class='ocrx_word' id='word_1_186' title='bbox 1233 3615 1382 3693; x_wconf 87' lang='lat' dir='ltr'><strong>dicebat</strong></span> <span class='ocrx_word' id='word_1_187' title='bbox 1402 3632 1440 3693; x_wconf 91' lang='lat' dir='ltr'><strong>et</strong></span> <span class='ocrx_word' id='word_1_188' title='bbox 1458 3613 1645 3694; x_wconf 83' lang='lat' dir='ltr'><strong>asserebat</strong></span> <span class='ocrx_word' id='word_1_189' title='bbox 1665 3614 1808 3693; x_wconf 90' lang='lat' dir='ltr'><strong>dictum</strong></span> <span class='ocrx_word' id='word_1_190' title='bbox 1828 3612 1923 3723; x_wconf 81' lang='lat' dir='ltr'><strong>pn‘o·</strong></span> <span class='ocrx_word' id='word_1_191' title='bbox 2021 3708 2023 3713; x_wconf 17' lang='grc' dir='ltr'>ι</span> 
     </span>
     <span class='ocr_line' id='line_1_24' title="bbox 500 3746 1924 3853; baseline 0 -31"><span class='ocrx_word' id='word_1_192' title='bbox 500 3764 625 3823; x_wconf 88' lang='lat' dir='ltr'><strong>mtum</strong></span> <span class='ocrx_word' id='word_1_193' title='bbox 651 3746 1015 3853; x_wconf 87' lang='lat' dir='ltr'><strong>Sancti-Gondulphi</strong></span> <span class='ocrx_word' id='word_1_194' title='bbox 1042 3749 1157 3826; x_wconf 89' lang='lat' dir='ltr'><strong>situm</strong></span> <span class='ocrx_word' id='word_1_195' title='bbox 1185 3778 1266 3827; x_wconf 91' lang='lat' dir='ltr'><strong>esse</strong></span> <span class='ocrx_word' id='word_1_196' title='bbox 1286 3746 1326 3825; x_wconf 91' lang='lat' dir='ltr'><strong>in</strong></span> <span class='ocrx_word' id='word_1_197' title='bbox 1351 3764 1471 3825; x_wconf 91' lang='lat' dir='ltr'><strong>castro</strong></span> <span class='ocrx_word' id='word_1_198' title='bbox 1496 3764 1534 3825; x_wconf 90' lang='lat' dir='ltr'><strong>et</strong></span> <span class='ocrx_word' id='word_1_199' title='bbox 1551 3746 1764 3826; x_wconf 87' lang='lat' dir='ltr'><strong>castellania</strong></span> <span class='ocrx_word' id='word_1_200' title='bbox 1784 3746 1924 3825; x_wconf 85' lang='lat' dir='ltr'><strong>Sancti·</strong></span> 
     </span>
     <span class='ocr_line' id='line_1_25' title="bbox 501 3876 1920 3986; baseline 0 -32"><span class='ocrx_word' id='word_1_201' title='bbox 501 3876 742 3983; x_wconf 90' lang='lat' dir='ltr'><strong>Gondulpbi‚</strong></span> <span class='ocrx_word' id='word_1_202' title='bbox 761 3878 800 3953; x_wconf 93' lang='lat' dir='ltr'><strong>in</strong></span> <span class='ocrx_word' id='word_1_203' title='bbox 813 3876 965 3984; x_wconf 84' lang='lat' dir='ltr'><strong>justicia</strong></span> <span class='ocrx_word' id='word_1_204' title='bbox 979 3897 1017 3956; x_wconf 90' lang='lat' dir='ltr'><strong>et</strong></span> <span class='ocrx_word' id='word_1_205' title='bbox 1032 3880 1202 3958; x_wconf 92' lang='lat' dir='ltr'><strong>dominio</strong></span> <span class='ocrx_word' id='word_1_206' title='bbox 1219 3879 1464 3959; x_wconf 87' lang='lat' dir='ltr'><strong>dominorum</strong></span> <span class='ocrx_word' id='word_1_207' title='bbox 1481 3877 1635 3967; x_wconf 90' lang='lat' dir='ltr'><strong>Soliaci,</strong></span> <span class='ocrx_word' id='word_1_208' title='bbox 1658 3895 1695 3955; x_wconf 90' lang='lat' dir='ltr'><strong>et</strong></span> <span class='ocrx_word' id='word_1_209' title='bbox 1710 3879 1815 3986; x_wconf 91' lang='lat' dir='ltr'><strong>quod</strong></span> <span class='ocrx_word' id='word_1_210' title='bbox 1833 3879 1920 3985; x_wconf 86' lang='lat' dir='ltr'><strong>ipsa,</strong></span> 
     </span>
     <span class='ocr_line' id='line_1_26' title="bbox 500 4008 1922 4119; baseline 0.001 -33"><span class='ocrx_word' id='word_1_211' title='bbox 500 4038 630 4115; x_wconf 89' lang='lat' dir='ltr'><strong>prose</strong></span> <span class='ocrx_word' id='word_1_212' title='bbox 655 4028 693 4089; x_wconf 86' lang='lat' dir='ltr'><strong>et</strong></span> <span class='ocrx_word' id='word_1_213' title='bbox 717 4010 847 4089; x_wconf 86' lang='lat' dir='ltr'><strong>liberis</strong></span> <span class='ocrx_word' id='word_1_214' title='bbox 864 4010 943 4091; x_wconf 88' lang='lat' dir='ltr'><strong>suis</strong></span> <span class='ocrx_word' id='word_1_215' title='bbox 963 4013 1142 4119; x_wconf 88' lang='lat' dir='ltr'><strong>predictis</strong></span> <span class='ocrx_word' id='word_1_216' title='bbox 1164 4042 1208 4089; x_wconf 86' lang='lat' dir='ltr'><strong>ac</strong></span> <span class='ocrx_word' id='word_1_217' title='bbox 1231 4038 1364 4089; x_wconf 89' lang='lat' dir='ltr'><strong>eorum</strong></span> <span class='ocrx_word' id='word_1_218' title='bbox 1383 4027 1655 4099; x_wconf 85' lang='lat' dir='ltr'><strong>antecessores,</strong></span> <span class='ocrx_word' id='word_1_219' title='bbox 1683 4008 1830 4088; x_wconf 87' lang='lat' dir='ltr'><strong>domini</strong></span> <span class='ocrx_word' id='word_1_220' title='bbox 1858 4012 1922 4087; x_wconf 86' lang='lat' dir='ltr'><strong>So·</strong></span> 
     </span>
     <span class='ocr_line' id='line_1_27' title="bbox 501 4141 1924 4251; baseline 0 -35"><span class='ocrx_word' id='word_1_221' title='bbox 501 4141 602 4231; x_wconf 89' lang='lat' dir='ltr'><strong>liaci,</strong></span> <span class='ocrx_word' id='word_1_222' title='bbox 618 4158 707 4219; x_wconf 90' lang='lat' dir='ltr'><strong>sunt</strong></span> <span class='ocrx_word' id='word_1_223' title='bbox 720 4160 758 4219; x_wconf 91' lang='lat' dir='ltr'><strong>et</strong></span> <span class='ocrx_word' id='word_1_224' title='bbox 771 4142 941 4234; x_wconf 84' lang='lat' dir='ltr'><strong>fuerunt,</strong></span> <span class='ocrx_word' id='word_1_225' title='bbox 956 4174 1025 4251; x_wconf 89' lang='lat' dir='ltr'><strong>per</strong></span> <span class='ocrx_word' id='word_1_226' title='bbox 1038 4144 1133 4222; x_wconf 90' lang='lat' dir='ltr'><strong>tanti</strong></span> <span class='ocrx_word' id='word_1_227' title='bbox 1147 4144 1329 4250; x_wconf 88' lang='lat' dir='ltr'><strong>temporis</strong></span> <span class='ocrx_word' id='word_1_228' title='bbox 1345 4144 1512 4250; x_wconf 86' lang='lat' dir='ltr'><strong>spacium</strong></span> <span class='ocrx_word' id='word_1_229' title='bbox 1526 4142 1632 4249; x_wconf 92' lang='lat' dir='ltr'><strong>quod</strong></span> <span class='ocrx_word' id='word_1_230' title='bbox 1641 4142 1704 4251; x_wconf 91' lang='lat' dir='ltr'><strong>jus</strong></span> <span class='ocrx_word' id='word_1_231' title='bbox 1721 4141 1856 4220; x_wconf 90' lang='lat' dir='ltr'><strong>saisine</strong></span> <span class='ocrx_word' id='word_1_232' title='bbox 1872 4156 1924 4219; x_wconf 89' lang='lat' dir='ltr'><strong>est</strong></span> 
     </span>
     <span class='ocr_line' id='line_1_28' title="bbox 501 4272 1924 4382; baseline 0.001 -34"><span class='ocrx_word' id='word_1_233' title='bbox 501 4272 554 4349; x_wconf 90' lang='lat' dir='ltr'><strong>eis</strong></span> <span class='ocrx_word' id='word_1_234' title='bbox 578 4274 819 4380; x_wconf 87' lang='lat' dir='ltr'><strong>acquisitum,</strong></span> <span class='ocrx_word' id='word_1_235' title='bbox 842 4274 881 4349; x_wconf 91' lang='lat' dir='ltr'><strong>in</strong></span> <span class='ocrx_word' id='word_1_236' title='bbox 900 4272 999 4351; x_wconf 89' lang='lat' dir='ltr'><strong>bona</strong></span> <span class='ocrx_word' id='word_1_237' title='bbox 1019 4272 1152 4353; x_wconf 86' lang='lat' dir='ltr'><strong>saisina</strong></span> <span class='ocrx_word' id='word_1_238' title='bbox 1167 4272 1387 4382; x_wconf 87' lang='lat' dir='ltr'><strong>justiciandi</strong></span> <span class='ocrx_word' id='word_1_239' title='bbox 1414 4274 1452 4365; x_wconf 83' lang='lat' dir='ltr'><strong>in</strong></span> <span class='ocrx_word' id='word_1_240' title='bbox 1478 4274 1571 4351; x_wconf 91' lang='lat' dir='ltr'><strong>locis</strong></span> <span class='ocrx_word' id='word_1_241' title='bbox 1591 4286 1630 4349; x_wconf 87' lang='lat' dir='ltr'><strong>et</strong></span> <span class='ocrx_word' id='word_1_242' title='bbox 1652 4272 1924 4351; x_wconf 83' lang='lat' dir='ltr'><strong>hereditatibus</strong></span> 
     </span>
     <span class='ocr_line' id='line_1_29' title="bbox 499 4400 1924 4514; baseline -0.001 -33"><span class='ocrx_word' id='word_1_243' title='bbox 499 4404 590 4482; x_wconf 88' lang='lat' dir='ltr'><strong>dicti</strong></span> <span class='ocrx_word' id='word_1_244' title='bbox 616 4406 819 4511; x_wconf 85' lang='lat' dir='ltr'><strong>prioratus,</strong></span> <span class='ocrx_word' id='word_1_245' title='bbox 846 4405 885 4483; x_wconf 92' lang='lat' dir='ltr'><strong>in</strong></span> <span class='ocrx_word' id='word_1_246' title='bbox 916 4408 1063 4486; x_wconf 87' lang='lat' dir='ltr'><strong>casibus</strong></span> <span class='ocrx_word' id='word_1_247' title='bbox 1095 4406 1239 4485; x_wconf 85' lang='lat' dir='ltr'><strong>ibidem</strong></span> <span class='ocrx_word' id='word_1_248' title='bbox 1272 4405 1572 4514; x_wconf 84' lang='lat' dir='ltr'><strong>emergentibus,</strong></span> <span class='ocrx_word' id='word_1_249' title='bbox 1602 4405 1752 4483; x_wconf 85' lang='lat' dir='ltr'><strong>racione</strong></span> <span class='ocrx_word' id='word_1_250' title='bbox 1772 4400 1924 4483; x_wconf 82' lang='lat' dir='ltr'><strong>ressorti</strong></span> 
     </span>
     <span class='ocr_line' id='line_1_30' title="bbox 499 4532 1923 4644; baseline -0.002 -31"><span class='ocrx_word' id='word_1_251' title='bbox 499 4538 612 4644; x_wconf 82' lang='lat' dir='ltr'><strong>garde</strong></span> <span class='ocrx_word' id='word_1_252' title='bbox 627 4566 694 4615; x_wconf 89' lang='lat' dir='ltr'><strong>seu</strong></span> <span class='ocrx_word' id='word_1_253' title='bbox 713 4537 949 4631; x_wconf 75' lang='lat' dir='ltr'><strong>castellanie3</strong></span> <span class='ocrx_word' id='word_1_254' title='bbox 969 4540 1061 4616; x_wconf 89' lang='lat' dir='ltr'><strong>dicti</strong></span> <span class='ocrx_word' id='word_1_255' title='bbox 1076 4552 1164 4617; x_wconf 83' lang='lat' dir='ltr'><strong>vero</strong></span> <span class='ocrx_word' id='word_1_256' title='bbox 1185 4538 1299 4616; x_wconf 84' lang='lat' dir='ltr'><strong>abbas</strong></span> <span class='ocrx_word' id='word_1_257' title='bbox 1320 4554 1358 4615; x_wconf 86' lang='lat' dir='ltr'><strong>et</strong></span> <span class='ocrx_word' id='word_1_258' title='bbox 1378 4555 1584 4615; x_wconf 74' lang='lat' dir='ltr'><strong>conuentus</strong></span> <span class='ocrx_word' id='word_1_259' title='bbox 1600 4532 1923 4615; x_wconf 82' lang='lat' dir='ltr'><strong>Sancti-Florencii</strong></span> 
     </span>
     <span class='ocr_line' id='line_1_31' title="bbox 502 4665 1922 4777; baseline 0.004 -38"><span class='ocrx_word' id='word_1_260' title='bbox 502 4665 549 4741; x_wconf 92' lang='lat' dir='ltr'><strong>de</strong></span> <span class='ocrx_word' id='word_1_261' title='bbox 567 4666 741 4757; x_wconf 82' lang='lat' dir='ltr'><strong>Saumur‚</strong></span> <span class='ocrx_word' id='word_1_262' title='bbox 762 4670 911 4747; x_wconf 89' lang='lat' dir='ltr'><strong>racione</strong></span> <span class='ocrx_word' id='word_1_263' title='bbox 930 4670 1020 4747; x_wconf 87' lang='lat' dir='ltr'><strong>dicti</strong></span> <span class='ocrx_word' id='word_1_264' title='bbox 1038 4670 1226 4777; x_wconf 82' lang='lat' dir='ltr'><strong>prioratus</strong></span> <span class='ocrx_word' id='word_1_265' title='bbox 1240 4669 1299 4747; x_wconf 89' lang='lat' dir='ltr'><strong>sui</strong></span> <span class='ocrx_word' id='word_1_266' title='bbox 1314 4666 1694 4774; x_wconf 65' lang='lat' dir='ltr'><strong>Smmissondmpffi,</strong></span> <span class='ocrx_word' id='word_1_267' title='bbox 1712 4696 1757 4745; x_wconf 82' lang='lat' dir='ltr'><strong>ex</strong></span> <span class='ocrx_word' id='word_1_268' title='bbox 1769 4668 1922 4745; x_wconf 85' lang='lat' dir='ltr'><strong>adverso</strong></span> 
     </span>
     <span class='ocr_line' id='line_1_32' title="bbox 502 4793 1921 4909; baseline 0.001 -39"><span class='ocrx_word' id='word_1_269' title='bbox 502 4793 676 4873; x_wconf 89' lang='lat' dir='ltr'><strong>dicebant</strong></span> <span class='ocrx_word' id='word_1_270' title='bbox 698 4815 736 4874; x_wconf 88' lang='lat' dir='ltr'><strong>et</strong></span> <span class='ocrx_word' id='word_1_271' title='bbox 755 4801 970 4878; x_wconf 88' lang='lat' dir='ltr'><strong>asserebant</strong></span> <span class='ocrx_word' id='word_1_272' title='bbox 988 4802 1091 4909; x_wconf 89' lang='lat' dir='ltr'><strong>quod</strong></span> <span class='ocrx_word' id='word_1_273' title='bbox 1113 4800 1219 4908; x_wconf 90' lang='lat' dir='ltr'><strong>prior</strong></span> <span class='ocrx_word' id='word_1_274' title='bbox 1241 4798 1331 4877; x_wconf 91' lang='lat' dir='ltr'><strong>dicti</strong></span> <span class='ocrx_word' id='word_1_275' title='bbox 1354 4799 1541 4906; x_wconf 87' lang='lat' dir='ltr'><strong>prioratus</strong></span> <span class='ocrx_word' id='word_1_276' title='bbox 1565 4796 1921 4906; x_wconf 89' lang='lat' dir='ltr'><strong>Sancti-Gondulphi</strong></span> 
     </span>
    </p>
   </div>
   <div class='ocr_carea' id='block_1_6' title="bbox 500 4976 1924 5171">
    <p class='ocr_par' dir='ltr' id='par_1_8' title="bbox 500 4976 1924 5171">
     <span class='ocr_line' id='line_1_33' title="bbox 544 4976 1924 5067; baseline 0.001 -28"><span class='ocrx_word' id='word_1_277' title='bbox 544 4976 551 5007; x_wconf 91' lang='lat'><strong>¹</strong></span> <span class='ocrx_word' id='word_1_278' title='bbox 576 4976 623 5039; x_wconf 90' lang='lat' dir='ltr'><strong>On</strong></span> <span class='ocrx_word' id='word_1_279' title='bbox 643 4978 733 5042; x_wconf 83' lang='lat' dir='ltr'><strong>iiten</strong></span> <span class='ocrx_word' id='word_1_280' title='bbox 756 5002 872 5064; x_wconf 79' lang='lat' dir='ltr'><strong>merge:</strong></span> <span class='ocrx_word' id='word_1_281' title='bbox 889 4982 1107 5046; x_wconf 75' lang='lat' dir='ltr'><strong>«Commissum</strong></span> <span class='ocrx_word' id='word_1_282' title='bbox 1132 4994 1175 5045; x_wconf 89' lang='lat' dir='ltr'><strong>est</strong></span> <span class='ocrx_word' id='word_1_283' title='bbox 1249 4982 1289 5045; x_wconf 90' lang='lat' dir='ltr'><strong>ris</strong></span> <span class='ocrx_word' id='word_1_284' title='bbox 1308 4994 1341 5044; x_wconf 89' lang='lat' dir='ltr'><strong>ut</strong></span> <span class='ocrx_word' id='word_1_285' title='bbox 1363 4982 1465 5045; x_wconf 82' lang='lat' dir='ltr'><strong>iterato</strong></span> <span class='ocrx_word' id='word_1_286' title='bbox 1484 4978 1636 5067; x_wconf 85' lang='lat' dir='ltr'><strong>inquirant</strong></span> <span class='ocrx_word' id='word_1_287' title='bbox 1656 4980 1778 5052; x_wconf 82' lang='lat' dir='ltr'><strong>vocatis,</strong></span> <span class='ocrx_word' id='word_1_288' title='bbox 1802 4990 1873 5051; x_wconf 84' lang='lat' dir='ltr'><strong>etc.;</strong></span> <span class='ocrx_word' id='word_1_289' title='bbox 1897 4988 1924 5041; x_wconf 89' lang='lat' dir='ltr'><strong>et</strong></span> 
     </span>
     <span class='ocr_line' id='line_1_34' title="bbox 500 5080 1922 5171; baseline 0.004 -31"><span class='ocrx_word' id='word_1_290' title='bbox 500 5082 538 5142; x_wconf 80' lang='grc' dir='ltr'><strong>Μ.</strong></span> <span class='ocrx_word' id='word_1_291' title='bbox 550 5080 685 5167; x_wconf 76' lang='lat' dir='ltr'><strong>Phiiippo</strong></span> <span class='ocrx_word' id='word_1_292' title='bbox 697 5083 835 5147; x_wconf 81' lang='lat' dir='ltr'><strong>Conrersi</strong></span> <span class='ocrx_word' id='word_1_293' title='bbox 845 5096 876 5148; x_wconf 90' lang='lat' dir='ltr'><strong>et</strong></span> <span class='ocrx_word' id='word_1_294' title='bbox 885 5088 1007 5149; x_wconf 89' lang='lat' dir='ltr'><strong>domino</strong></span> <span class='ocrx_word' id='word_1_295' title='bbox 1015 5089 1040 5150; x_wconf 84' lang='lat' dir='ltr'><strong>J.</strong></span> <span class='ocrx_word' id='word_1_296' title='bbox 1048 5089 1174 5151; x_wconf 84' lang='lat' dir='ltr'><strong>Venato-</strong></span> <span class='ocrx_word' id='word_1_297' title='bbox 1250 5088 1319 5149; x_wconf 85' lang='lat' dir='ltr'><strong>misi</strong></span> <span class='ocrx_word' id='word_1_298' title='bbox 1326 5088 1696 5171; x_wconf 78' lang='lat' dir='ltr'><strong>eisistaminqnestumque</strong></span> <span class='ocrx_word' id='word_1_299' title='bbox 1704 5086 1922 5147; x_wconf 65' lang='lat' dir='ltr'><strong>fuitsnulhtun</strong></span> 
     </span>
    </p>
   </div>
   <div class='ocr_carea' id='block_1_7' title="bbox 0 0 2234 6209">
    <p class='ocr_par' dir='ltr' id='par_1_9' title="bbox 0 0 2234 6209">
     <span class='ocr_line' id='line_1_35' title="bbox 0 0 2234 6209; baseline 0 0"><span class='ocrx_word' id='word_1_300' title='bbox 0 0 2234 6209; x_wconf 95' lang='lat' dir='ltr'><strong> </strong></span> 
     </span>
    </p>
   </div>
  </div>
 </body>
</html>
