4450 6209
725 714 732 725 ,
761 610 1032 718 anutrns
1056 628 1122 700 nr
1147 610 1360 703 nnocts
1722 635 1766 707 si

347 788 474 849 ratum
492 768 760 877 proprietatem
775 768 927 876 justicie
949 767 1039 845 dicti
1060 767 1182 847 clmrsi·
1196 770 1499 849 Sancti-‚Victoris
1522 800 1563 849 ac
1580 774 1773 878 pertinen-
1808 782 1939 839 numm
1951 786 1995 847 lv,

348 903 491 979 ciarum
511 898 698 1009 ejusdem,
720 916 835 1006 prout
856 928 895 979 se
919 906 1155 1006 comportant
1172 930 1241 1008 per
1266 918 1390 979 totum
1415 930 1536 1009 usque
1561 904 1772 982 addictum
1871 878 1934 919 Μ’

348 1032 517 1111 clausum
549 1030 725 1138 Tyronis,
749 1030 797 1108 ud
823 1030 943 1109 dictos
969 1030 1166 1139 religiosos
1188 1032 1298 1110 beate
1314 1031 1520 1123 Genoucse‚
1555 1052 1595 1111 et
1620 1062 1698 1111 non
1725 1037 1773 1113 ad

347 1164 449 1271 ipsos
464 1164 659 1271 religiosos
674 1163 996 1253 Sancti-Victoris,
1016 1164 1223 1271 pertinere,
1240 1164 1434 1271 religiosos
1454 1166 1608 1243 eosdem
1628 1168 1772 1245 Sancti·

347 1296 510 1374 Victoris
541 1295 589 1375 nb
623 1294 865 1403 impeticione
902 1294 1067 1401 predicta
1102 1296 1292 1375 dictorum
1327 1296 1591 1403 religiosorum
1619 1300 1772 1377 Sancte·

348 1425 538 1505 Genovofe
551 1425 672 1517 Iacto,
694 1454 809 1533 super
828 1427 1055 1534 proprietate
1073 1428 1225 1535 justicie
1242 1427 1340 1504 dicte
1360 1429 1480 1521 curie,
1496 1429 1771 1507 sentencialiter

349 1556 593 1635 absolventes.

404 1690 532 1767 Mense
553 1690 694 1767 Marcii.
761 1738 767 1749 ·

403 1820 603 1899 Toffardus
622 1822 835 1929 reportavit.

403 2083 562 2163 XXXVI.
594 2082 739 2190 Aprisia
757 2110 826 2189 pro
846 2081 1067 2190 Raymundo
1085 2080 1284 2162 Guillelmi
1301 2083 1349 2160 de
1369 2080 1509 2173 Endos,
1529 2082 1638 2190 quod
1652 2085 1772 2190 possit

348 2229 565 2290 construere
580 2210 738 2290 domum
758 2210 911 2300 fortem,
932 2228 1087 2319 propter
1105 2212 1274 2290 desectus
1293 2213 1332 2289 in
1352 2242 1395 2289 ca
1413 2230 1599 2319 repertos,
1616 2212 1689 2290 fuit
1701 2242 1771 2320 per

348 2342 488 2421 curiam
509 2340 679 2418 anuIIata.

401 2471 531 2577 Martis
549 2488 635 2577 post
649 2470 998 2551 Annunciacionem
1010 2471 1179 2551 Domini.

403 2603 454 2681 M.
477 2600 597 2711 Aymo
616 2603 842 2711 reportavit·
956 2654 960 2667 ·

400 2865 575 2948 XXXVII.
607 2866 705 2945 Cum
721 2864 898 2973 magister
913 2862 1102 2943 Oliverius
1114 2864 1163 2941 de
1176 2862 1395 2971 AIbigninco
1408 2863 1511 2943 curie
1522 2880 1650 2942 nostre
1663 2865 1772 2971 signi·

348 2994 493 3074 ficasset
511 2996 617 3102 quod
637 2997 716 3103 ipse
737 2996 777 3073 in
797 2996 993 3102 empcione
1012 2995 1158 3075 annalis
1176 2979 1371 3075 sructuuin
1389 2994 1770 3104 archiproabytcratus

349 3126 395 3205 de
411 3125 553 3234 Amyo,
575 3126 735 3205 diocesis
753 3126 995 3216 Pictavensis,
1016 3125 1122 3233 quod
1140 3124 1272 3205 annale
1284 3126 1371 3231 ipse
1395 3126 1616 3234 egentibus
1628 3129 1769 3206 nostris

349 3275 504 3348 emerat,
522 3257 562 3334 in
581 3258 744 3365 quadam
760 3257 921 3364 pecunie
937 3286 1085 3346 summa
1100 3254 1387 3364 dampnificatua
1403 3255 1527 3335 fuerat
1543 3286 1613 3363 par
1631 3257 1769 3335 factum

349 3390 511 3497 episcopi
526 3389 750 3467 Pictauensis
770 3406 809 3467 et
826 3388 1001 3497 gencium
1021 3416 1191 3481 suarum,
1208 3401 1247 3467 et
1265 3386 1313 3467 ad
1331 3388 1413 3497 ejus
1430 3388 1651 3471 instanciam
1665 3416 1770 3467 man·

346 3520 538 3599 dassemus
556 3550 671 3629 snper
684 3520 759 3598 hoe
774 3520 973 3599 veritatem-
988 3520 1129 3628 inquiri
1151 3518 1365 3609 :Tandem
1386 3512 1558 3624 inqueata
1571 3548 1686 3626 super
1698 3519 1771 3598 hoc

346 3650 453 3739 facta,
475 3652 552 3728 tim
571 3668 609 3729 et
628 3650 827 3759 diligenter
846 3652 1076 3741 examinata,v
1087 3650 1223 3729 eadem
1249 3650 1438 3758 inquom,
1459 3667 1616 3759 propter.
1632 3650 1771 3735 deffec-

346 3797 406 3859 tus
422 3782 461 3857 in
485 3810 527 3859 ea
548 3798 733 3889 repertos,
752 3810 821 3890 per
846 3782 947 3860 curie
969 3800 1094 3859 nostre
1108 3780 1297 3888 judicium
1316 3779 1387 3859 fuit
1405 3781 1570 3861 totaliter
1588 3779 1766 3861 anullata.

400 3914 558 3993 Veneris
577 3930 663 3991 unte
683 3894 1028 3992 Annunciecionem
1047 3911 1211 3991 Domini.

402 4041 603 4121 Toffardus
622 4045 834 4148 reportavit.

403 4306 593 4384 XXXVIII.
626 4305 722 4383 Cum
740 4302 914 4382 GaIterns
934 4302 981 4381 de
1000 4302 1397 4393 transsumentem
1412 4302 1766 4393 noaterTrecensis‚

349 4438 450 4513 curie
477 4452 603 4514 nostre
628 4450 857 4541 conquestus
886 4433 1020 4510 fuisset
1047 4460 1162 4538 super
1190 4457 1254 4520 eo,
1282 4447 1324 4506 ut
1354 4429 1516 4523 dicebat,
1539 4430 1659 4538 quod,
1686 4430 1768 4536 ipso

348 4596 459 4647 suum
479 4565 648 4645 officinm
672 4581 883 4653 exercentm
906 4562 1078 4643 Galterus
1105 4560 1154 4639 de
1177 4560 1304 4649 Porta,
1324 4560 1536 4667 prepositus
1553 4562 1765 4651 Trecensis,

349 4700 472 4808 ipsum
498 4699 677 4809 injuriose
697 4695 928 4777 verberando
954 4710 991 4771 et
1014 4692 1110 4773 msIe
1132 4692 1340 4781 tractando,
1363 4692 1518 4800 ejusque
1538 4693 1696 4784 litteras,
1718 4694 1766 4773 de

348 4832 449 4909 dicto
463 4860 534 4909 suo
548 4830 719 4919 servicio,
733 4856 800 4936 per
811 4826 990 4907 ballivum
1005 4827 1230 4904 Trecensem
1244 4822 1315 4903 sibi
1327 4852 1533 4915 concessas,
1551 4824 1677 4911 eidem
1689 4826 1767 4903 sio-

349 4961 469 5039 Ienter
489 4960 726 5050 sufferendo,
751 4976 807 5048 et,
837 4988 924 5037 cum
946 4956 1076 5035 multis
1097 4956 1308 5064 opprobriis
1331 4972 1369 5035 et
1389 4956 1510 5035 verbis
1532 4956 1760 5043 inhonestis,
