4450 6209
762 699 1028 809 svoutrss
1054 718 1118 791 ur
1144 703 1355 792 esoces.
1694 718 1764 790 ssi

344 859 510 967 justicie,
528 859 568 937 in
579 859 761 939 omnibus
773 861 919 938 casibus
931 887 1007 966 que
1020 887 1060 938 se
1073 859 1297 939 obtulerunt
1310 860 1547 967 temporibus
1556 860 1766 948 retroactis,
1808 861 1995 928 Pfflfflvsslv·

348 989 502 1067 nomine
517 1019 595 1097 quo
608 1019 738 1097 supra,
751 1018 916 1070 asserens
928 992 1084 1098 insuper
1098 992 1202 1100 quod
1221 993 1301 1099 ipse
1317 993 1495 1099 opposuit
1512 1021 1551 1068 se
1568 991 1671 1069 dicto
1688 990 1771 1069 bal·
1869 956 1933 1000 Μ’

348 1119 421 1200 livo
444 1121 649 1212 Caletensi,
678 1123 860 1229 quociens
880 1122 929 1200 ad
954 1123 1124 1231 ejusdem
1149 1122 1376 1201 vicedomini
1400 1123 1569 1228 pervenit
1593 1121 1770 1200 noticiam

348 1253 455 1359 quod
468 1252 571 1331 idem
587 1252 794 1332 Caletensis
808 1253 967 1332 ballivus
986 1255 1090 1333 nisus
1105 1253 1181 1349 luit
1190 1254 1334 1332 ibidem
1348 1254 1495 1362 aliquos
1509 1271 1613 1332 acuis
1621 1251 1770 1362 justicie

348 1411 531 1473 exercere,
543 1402 675 1492 petens
690 1415 740 1484 se,
754 1386 801 1464 ad
814 1387 992 1493 premissa
1006 1385 1214 1493 probanda,
1229 1386 1353 1492 recepi
1367 1414 1435 1464 seu
1449 1386 1606 1476 admitti,
1619 1403 1658 1463 et
1664 1382 1773 1493 justi·

349 1515 444 1592 ciam
462 1515 532 1594 sibi
550 1517 632 1594 lieri
651 1517 699 1594 de
720 1517 882 1611 eisdem,
900 1518 1009 1596 aliter
1023 1535 1234 1625 protestans
1251 1517 1356 1625 quod
1373 1518 1555 1626 quicquid
1568 1546 1638 1624 per
1653 1516 1773 1594 dictos

348 1648 624 1727 commissarios
636 1649 777 1726 lactum
792 1648 907 1726 luerit
918 1649 958 1726 iu
971 1650 1164 1756 premissis
1176 1649 1327 1726 nullum
1342 1651 1461 1756 possit
1472 1651 1506 1726 ei
1522 1637 1771 1758 prejudicium

346 1805 544 1884 generare,
561 1779 748 1858 Caletensi
763 1777 902 1856 ballivo
923 1809 967 1857 ex
986 1783 1141 1859 adverso
1162 1781 1311 1858 dicente
1328 1809 1406 1858 non
1427 1809 1509 1859 esse
1524 1779 1669 1858 dictum
1683 1780 1775 1856 vico
1898 1833 1901 1843 ·

348 1909 546 1988 dominum
572 1939 685 2018 super
705 1911 779 1987 hiis
798 1912 1048 2000 audiendum,
1071 1941 1159 1988 cum
1174 1913 1257 2020 jam.
1273 1912 1560 2019 quatuordecim
1581 1913 1670 1989 anni
1687 1928 1774 1988 sunt

347 2039 461 2145 elapsi
477 2042 582 2148 quod
594 2042 692 2120 dicta
707 2041 795 2121 villa
815 2061 852 2120 et
870 2042 1098 2121 habitatores
1111 2043 1303 2150 ejusdem,
1319 2073 1406 2120 eum
1427 2042 1648 2121 omnimoda
1662 2042 1774 2150 justi-

347 2172 413 2265 cia,
430 2174 554 2279 palam
576 2191 613 2250 et
626 2173 778 2280 publice
799 2174 927 2266 haesit,
943 2191 1098 2280 propter
1119 2175 1300 2272 debatum
1320 2175 1563 2253 solummodo
1585 2176 1771 2252 dictorum

346 2301 589 2393 ballivorum,
615 2303 833 2380 nominibus
848 2304 986 2410 quibus
1007 2333 1134 2410 supra,
1155 2305 1201 2381 ad
1222 2333 1379 2382 manum
1395 2323 1561 2382 nostram
1582 2323 1773 2411 tamquam

347 2433 581 2540 superiorem
598 2433 735 2541 posita,
758 2433 880 2541 sitque
896 2433 1023 2511 adhuc
1045 2451 1082 2510 et
1103 2433 1217 2512 luerit
1234 2437 1431 2527 continue,
1446 2467 1466 2513 a
1484 2436 1586 2513 dicto
1601 2451 1772 2540 tempore

347 2565 436 2640 citra
451 2563 490 2640 in
505 2593 621 2641 manu
634 2581 776 2654 nostra,
791 2581 945 2672 propter
960 2564 1140 2642 debatum
1150 2565 1381 2672 predictum,
1395 2583 1498 2644 certo
1513 2595 1534 2643 a
1549 2565 1660 2643 nobis
1672 2595 1775 2644 com-

346 2695 517 2773 missario
541 2695 652 2786 inibi,
672 2696 721 2773 ad
743 2696 988 2773 exercendam
1007 2695 1199 2803 justiciam
1219 2713 1257 2774 et
1279 2696 1537 2775 emolumenta
1560 2697 1712 2775 levanda
1736 2713 1774 2774 et

345 2827 577 2933 recipienda,
599 2845 728 2906 nostro
749 2826 922 2916 nomine,
945 2827 1137 2934 deputato.
1164 2829 1274 2918 ltem,
1298 2857 1368 2936 pro
1390 2858 1435 2907 eo
1462 2827 1592 2936 quod,
1606 2830 1646 2905 in
1669 2855 1774 2906 com·

346 2959 524 3038 missione
546 2959 593 3038 ad
606 2959 878 3067 inquirendum
897 2959 946 3036 de
965 2958 1159 3065 premissis
1175 2957 1286 3048 facta,
1307 2959 1413 3037 nulla
1433 2963 1582 3040 mencio
1603 2961 1651 3038 de
1673 2961 1773 3038 dicto

345 3092 584 3170 vicedomino
602 3089 824 3178 habebatur,
841 3089 908 3167 sed
925 3089 972 3165 de
980 3089 1131 3167 ballivis
1145 3091 1413 3168 tantummodo
1429 3091 1672 3198 supradictis3
1688 3093 1773 3197 qui·

345 3222 418 3299 bus
435 3222 488 3299 sic
506 3220 709 3328 propositis
728 3220 818 3296 hinc
835 3236 873 3296 et
891 3219 999 3309 iude,
1021 3221 1180 3327 predicti
1191 3241 1194 3248 '
1206 3221 1466 3310 commissarii,
1492 3222 1657 3298 mandati
1679 3221 1774 3300 lines

347 3381 490 3431 servare
503 3351 688 3444 volentes,
704 3377 921 3457 processum
937 3377 1023 3426 eum
1040 3350 1141 3427 dicto
1161 3350 1401 3429 vicedomino
1413 3351 1534 3428 lacere
1553 3352 1770 3442 noluerunt,

346 3483 523 3563 articulos
541 3501 668 3560 tamen
687 3499 725 3560 et
743 3481 953 3589 propositas
969 3482 1137 3560 raciones
1150 3512 1219 3589 per
1236 3483 1403 3559 eundem
1419 3483 1717 3573 vicedominum,
1734 3485 1773 3560 in

345 3615 515 3723 inquesta
531 3641 661 3722 quam,
682 3641 796 3721 super
811 3613 1021 3720 premissis,
1043 3613 1143 3690 inter
1158 3632 1388 3692 memoratos
1408 3614 1565 3692 ballivos
1583 3614 1770 3708 lecenmt,
1888 3627 1893 3638 '

345 3747 392 3823 ad
407 3747 496 3825 dieti
506 3746 736 3825 vicedomini
746 3745 962 3824 instanciam
974 3745 1223 3834 incluserunt,
1240 3762 1279 3824 et
1289 3764 1415 3824 nostre
1428 3747 1532 3823 curie
1542 3746 1770 3836 retulerunt,

345 3899 388 3958 ut
407 3881 513 3988 quod
533 3881 603 3958 sibi
617 3883 763 3988 justum
779 3880 971 3957 videretur
986 3905 1100 3984 super
1114 3877 1189 3955 hiis
1203 3878 1419 3956 ordinaret:
1436 3876 1524 3959 Visa
1542 3877 1657 3985 igitur
1674 3878 1771 3956 dicta

346 4013 518 4117 inquesta
530 4011 630 4087 inter
640 4011 742 4116 ipsos
756 4009 926 4099 ballivos,
941 4008 1162 4086 nominibus
1175 4009 1316 4116 quibus
1330 4036 1460 4115 snpra,
1477 4009 1525 4086 de
1539 4028 1667 4088 nostro
1678 4007 1772 4086 faeta

345 4142 539 4232 mandato,
559 4158 827 4247 compertoque
840 4138 985 4246 liquido
1002 4167 1070 4246 per
1084 4139 1262 4229 eandem,
1277 4157 1354 4217 tam
1366 4168 1436 4246 per
1447 4158 1561 4218 testes
1577 4170 1691 4249 quam
1704 4169 1772 4249 per

345 4273 621 4351 consessionem
633 4270 883 4379 procuratoris
892 4269 1016 4347 ballivi
1027 4267 1306 4359 Ambianensis,
1316 4271 1505 4377 justiciam
1520 4271 1633 4349 altam
1644 4290 1683 4349 et
1693 4271 1773 4348 bas·

345 4431 424 4482 sam
444 4404 543 4482 dicte
567 4404 654 4481 ville
674 4420 712 4481 et
731 4401 959 4479 habitatores
979 4399 1152 4510 ejusdem
1172 4401 1220 4478 ad
1237 4400 1480 4478 Caletensem'
1494 4402 1691 4492 ballivum,
1713 4431 1771 4478 ra-

346 4536 453 4614 cione
474 4535 680 4615 Caletensis
699 4513 867 4626 ballivie,
889 4531 1095 4638 pertinere,
1118 4531 1317 4639 ipsumque
1338 4531 1573 4609 Caletensem
1592 4531 1771 4611 ballivum

346 4683 384 4743 et
402 4695 491 4746 suos
513 4667 812 4775 predecessores,
834 4682 910 4742 tam
932 4691 1001 4772 per
1015 4689 1055 4740 se
1075 4689 1190 4770 quam
1204 4691 1273 4770 per
1292 4688 1380 4740 suos
1399 4663 1615 4756 servientes,
1638 4691 1718 4742 esse
1735 4680 1773 4742 et

344 4795 459 4876 luisse
479 4827 633 4906 semper
644 4800 683 4876 in
702 4795 855 4906 pacifica
871 4796 1005 4874 saisina
1024 4793 1223 4871 exercendi
1245 4794 1504 4872 omnimodam
1519 4795 1708 4905 justiciam
1731 4797 1769 4872 in

344 4929 431 5006 villa
451 4945 488 5006 et
503 4928 776 5009 habitatoribus
793 4929 979 5036 ejusdem,
997 4925 1241 5032 habendique
1256 4953 1377 5002 unum
1391 4927 1565 5004 modium
1581 4956 1694 5007 avene
1709 4957 1771 5004 su-

344 5091 413 5169 per
429 5060 657 5140 habitatores
673 5062 771 5139 dicte
790 5060 896 5150 ville,
913 5077 1104 5166 umquam
1119 5057 1291 5137 subditos
1304 5055 1453 5150 ballivie
1465 5057 1687 5147 Caletensis,
1701 5085 1769 5164 per
1841 5143 1847 5152 ¹
