4450 6209
725 736 1027 844 evoceros
1053 757 1117 828 ur
1144 741 1350 832 procus.
1697 761 1765 836 ιιι
1846 863 1849 870 ‚

396 893 548 971 Sabbati
565 910 651 999 post
665 895 1113 976 Sanctum-Clementem.

395 1029 495 1132 Roya
515 1025 727 1130 reportavit.
981 1022 985 1028 ’

396 1293 457 1369 xl.
489 1291 585 1369 Cum
606 1287 733 1370 audita
750 1285 1021 1400 conquestione
1041 1294 1238 1374 Guillelmi
1257 1297 1469 1404 Peregrini,
1492 1299 1659 1374 canonici
1675 1302 1767 1376 Tre-

341 1424 478 1513 censis,
496 1451 687 1528 supereo,
704 1441 749 1500 ut
764 1425 927 1516 dicebat,
950 1424 1055 1533 quod
1072 1427 1205 1504 Petrus
1220 1425 1513 1534 de'Malollege‚
1530 1427 1763 1534 pelliparius,

341 1557 422 1663 ejus
438 1553 508 1630 lilii
528 1555 803 1662 et'complices,
823 1556 1024 1636 violencias
1036 1556 1082 1634 et
1101 1557 1264 1664 dampna
1284 1559 1447 1666 plurima
1469 1559 1541 1636 sibi
1561 1559 1767 1637 intulerant

340 1689 378 1764 in
400 1686 545 1764 salceiis
562 1687 658 1782 suis,
676 1681 814 1765 contra
826 1684 1130 1795 prohibicionem
1146 1690 1376 1769 servientum
1391 1707 1629 1780 nostrorum,
1653 1720 1767 1797 super

222 1887 226 1895 .
340 1821 413 1896 hiis
432 1818 716 1896 mandassemus
733 1818 871 1897 ballivo
890 1815 1150 1898 Calvi-Montis
1170 1819 1294 1925 quod,
1318 1821 1456 1899 vocatis
1476 1819 1690 1912 evocandis,
1709 1823 1766 1898 in-

1805 914 1935 970 Parnm
1949 915 1994 981 lV,

1868 1007 1931 1050 letto.

339 1952 508 2058 quireret
527 1949 738 2043 veritatem,
762 1969 799 2028 ct
818 1979 916 2058 quos
935 1949 1144 2057 culpabiles
1164 1950 1364 2042 inveniret,
1382 1951 1533 2059 justicia
1554 1952 1763 2041 mediante,
1844 2029 1850 2040 ,

338 2080 510 2186 puniret,
534 2079 658 2156 dictus
676 2077 854 2170 ballivus,
876 2081 1016 2160 auditis
1035 2080 1227 2188 pertibus,
1250 2083 1433 2159 dictarum
1449 2083 1682 2161 sauceiarum
1697 2085 1766 2166 sai*

340 2213 459 2288 sinam
474 2209 702 2318 adjudicavit
719 2209 926 2292 Guillelmo
944 2211 1352 2321 mediocribusque
1368 2212 1541 2304 Petrum,
1563 2215 1645 2322 ejus
1665 2213 1765 2292 filios

340 2362 378 2420 et
401 2342 624 2448 complices,
652 2343 699 2419 ad
724 2344 1004 2421 resarciendum
1028 2343 1153 2420 eidem
1179 2341 1387 2423 Guillelmo
1409 2344 1569 2451 dampna
1597 2375 1661 2422 sua
1681 2375 1765 2450 pre-

339 2467 453 2565 dicta,
467 2492 505 2550 et
519 2473 741 2551 solvendum
756 2473 870 2554 nobis
884 2481 1070 2552 trecentas
1086 2474 1201 2552 libras
1219 2477 1478 2563 Turonenses,
1498 2473 1570 2581 pro'
1584 2479 1761 2567 emenda,

337 2607 487 2683 racione
513 2606 612 2683 dicte
637 2601 930 2694 inobediencie,
943 2607 1221 2684 sentencialiter
1247 2607 1546 2713 condempnavit.
1574 2606 1672 2685 Cum
1697 2638 1764 2684 au-

337 2756 415 2813 tem
441 2737 530 2814 dicti
554 2736 624 2825 ici,
651 2735 819 2815 dicentes
844 2756 923 2815 tarn
949 2738 1065 2816 dictas
1083 2753 1215 2844 'partes
1237 2767 1349 2845 quam
1374 2767 1456 2815 rem
1487 2741 1763 2815 contenciosam

338 2897 417 2946 esse
438 2868 486 2944 de
505 2869 684 2945 Trecensi
700 2868 868 2960 ballivis,
884 2863 1239 2948 non'calvi-Montis
1249 2907 1264 2960 ,·
1276 2868 1518 2976 deprocessu
1532 2868 1622 2945 dicti
1637 2867 1763 2946 ballivi

219 3082 225 3091 ,
337 3000 448 3078 nobis
467 3001 663 3108 conquesti
683 2999 859 3091 luissent,
881 3017 1094 3107 reportatus
1113 2998 1248 3078 suited
1269 3001 1411 3077 curiam
1431 2997 1597 3077 nostram
1617 3029 1765 3106 proces-

337 3161 400 3209 sus
417 3132 635 3238 predictus:
656 3133 745 3211 Viso
769 3131 886 3240 igitur
902 3150 1080 3239 processu
1106 3131 1145 3209 et
1163 3129 1332 3239 judicato
1357 3131 1551 3238 predictis,
1573 3159 1641 3236 per
1660 3135 1763 3208 curie

338 3281 464 3341 nostre
475 3261 680 3370 judicium,
700 3263 846 3342 dictum
861 3262 934 3340 luit
950 3262 1055 3368 quod
1067 3262 1279 3370 judicatum
1300 3263 1513 3370 predictum
1532 3262 1620 3339 dicti
1636 3263 1762 3340 ballivi

338 3395 579 3472 mandabitur
598 3395 824 3473 execucioni.

393 3526 548 3603 Sabbuti
557 3543 654 3632 post
673 3523 1124 3640 Sanctum-Clementem.

394 3659 495 3765 Roya
514 3658 730 3763 reportavit.

394 3927 469 4002 ΧΠ.
501 3924 599 4004 Cum
626 3925 757 4004 luisset
780 3925 1054 4034 proclamatum
1068 3924 1230 4030 publice
1257 3949 1324 4030 per
1346 3923 1474 4000 villam
1499 3913 1761 4013 Purisiensem,

337 4083 381 4131 ex
401 4074 504 4162 parte
523 4053 678 4143 nostra,¹
690 4076 862 4163 tempore
881 4072 1085 4145 retroacto,
1107 4072 1263 4161 propter
1288 4053 1593 4132 caristiam'bladi
1616 4072 1653 4131 et
1672 4053 1763 4130 alte-

336 4187 417 4264 rius
440 4190 544 4294 grani
571 4189 611 4265 in
635 4188 735 4270 dicta
764 4187 849 4265 villa
872 4183 1117 4275 'existentem
1147 4185 1218 4262 sub
1242 4212 1341 4290 pena
1365 4185 1576 4262 amissionis
1601 4184 1699 4261 averi
1727 4203 1764 4260 et

337 4319 521 4424 corporis,
543 4349 591 4397 ne
613 4316 976 4398 mercator'bladum
995 4317 1054 4395 vel
1074 4317 1182 4394 aliud
1198 4343 1357 4423 panum
1377 4333 1521 4393 emeret
1540 4316 1762 4408 ultra'suam

338 4451 597 4529 necessitatem
621 4453 670 4532 ab
693 4451 767 4529 alio
788 4467 1015 4538 mercatore,
1038 4465 1077 4525 et
1095 4475 1144 4525 ne
1165 4447 1300 4554 aliquis
1320 4465 1420 4524 extra
1439 4442 1565 4523 villam
1584 4439 1765 4523 Parisien-

337 4609 416 4656 sem
442 4579 599 4659 duceret
619 4610 686 4661 seu
711 4582 799 4659 duci
825 4581 964 4659 laceret
985 4577 1143 4656 bladum
1164 4607 1232 4655 scu
1251 4576 1356 4655 aliud
1374 4601 1552 4685 gramm,
1575 4593 1614 4653 et
1633 4570 1763 4653 datum

336 4711 475 4788 luisset·
487 4712 606 4792 nobis
618 4713 777 4822 intelligi
798 4711 905 4821 quod
919 4711 1108 4790 liebertus
1124 4709 1333 4800 AuaGauz,
1350 4707 1524 4786 Matheus
1542 4708 1589 4783 de
1604 4707 1762 4814 Gys'orz‚

337 4842 752 4955 PetrusMau-Regard,
768 4863 806 4924 et
820 4843 1029 4928 Richardus
1047 4840 1216 4930 Morelli‚
1233 4841 1398 4918 fecerant
1415 4857 1544 4918 contra
1558 4839 1763 4947 predictam

336 4974 691 5078 proclamacionem,
712 4975 974 5083 licet'predicti
993 4974 1182 5052 Robertus
1198 4989 1236 5050 ct
1251 4972 1426 5050 Mathcns
1446 4967 1590 5048 anobis
1603 4969 1662 5047 vel
1676 4999 1766 5076 gen-

336 5103 616 5197 tibus-nostris,
636 5108 686 5186 'ad
711 5107 983 5188 observandam
1002 5101 1573 5213 predictam-proclamacionem
1594 5101 1763 5207 deputati

423 5283 476 5325 trs
497 5282 580 5326 ocus.
605 5285 652 5324 ιιι.
1599 5257 1636 5316 25
