4450 6209
520 673 594 746 656
1100 675 1190 746 tus
1220 673 1359 748 otuu.

292 824 420 878 summ
436 824 478 886 tv,
519 811 720 891 Castelleto
741 811 968 902 remanebit;
990 843 1009 888 a
1030 841 1106 920 quo
1118 814 1309 921 judicato,
1330 815 1628 921 tamquamsalso
1648 835 1688 894 et
1702 847 1832 925 pravo,
1852 849 1939 927 pro·

353 918 416 960 Μ’
518 958 667 1022 curator
689 942 876 1022 dictorum
897 941 1160 1049 religiosorum
1180 945 1227 1023 ad
1253 961 1418 1022 nostram
1439 947 1581 1024 curiam
1601 948 1822 1054 appellavit:
1845 952 1938 1030 Visis

517 1075 633 1181 igitur
655 1073 869 1152 racionibus
891 1091 927 1152 et
949 1074 1188 1179 processibus
1216 1076 1569 1184 utriusquepartis,
1591 1107 1661 1184 per
1682 1080 1787 1161 curie
1812 1101 1935 1160 nostre

513 1205 724 1311 judicium,
746 1205 889 1283 dictum
909 1205 981 1283 fuit
996 1206 1211 1312 predictum
1230 1208 1464 1312 prepositum
1477 1207 1575 1287 bene
1590 1210 1779 1318 judicasse
1799 1229 1838 1290 et
1853 1242 1936 1318 prc-

517 1334 727 1414 cu'ratorem
749 1335 937 1456 dictorum
949 1335 1213 1444 religiosorum
1228 1337 1327 1416 male
1346 1337 1570 1445 appellasse,
1591 1343 1748 1447 etquod
1768 1342 1837 1448 ipsi
1855 1343 1934 1420 reli·

515 1465 608 1572 giosi
630 1466 701 1542 hcc
721 1465 987 1544 emendabunt.

572 1596 728 1674 Veneris
752 1613 838 1674 ante
855 1596 1144 1676 Penthecosten.

573 1729 623 1805 M.
638 1728 680 1804 fl.
699 1727 746 1803 de
764 1727 948 1824 Briencon
962 1727 1176 1833 reportavit.

575 1990 684 2068 XXV.
714 1989 795 2067 Lite
820 2005 938 2078 mota,
961 2016 1085 2066 coram
1105 1989 1296 2095 preposito
1320 1990 1484 2097 episcopi
1504 1991 1736 2080 Parisiensis,
1757 1994 1856 2072 inter
1873 1996 1932 2073 Ni-

518 2119 665 2198 colaum
688 2120 833 2198 dictum
852 2118 887 2197 le
907 2119 1099 2228 Pinguier,
1123 2120 1278 2198 nominc
1297 2149 1368 2198 suo
1389 2139 1427 2198 ct
1444 2121 1613 2211 Nicolae,
1635 2124 1716 2231 ejus
1734 2127 1875 2214 uxoris,
1891 2155 1932 2202 ex

516 2267 622 2356 parte
640 2279 732 2340 una,
757 2267 795 2328 et
813 2251 1078 2339 Thomassem,
1101 2249 1271 2328 relictam
1294 2249 1459 2330 defuncti
1481 2251 1624 2332 Galteri
1643 2253 1679 2331 le
1703 2255 1868 2343 Barbier,
1891 2285 1931 2332 er

516 2383 647 2473 altera,
670 2411 842 2488 supereo
862 2382 967 2488 quod
992 2381 1142 2460 dicebat
1159 2381 1283 2460 dictus
1304 2382 1480 2462 Nicolaus
1501 2386 1606 2490 quod
1625 2388 1801 2493 magister
1820 2389 1931 2494 Roge-

515 2543 581 2591 rus
598 2511 844 2602 Pastorellus,
864 2511 1037 2600 clericus,
1059 2511 1264 2618 quamdam
1285 2513 1462 2602 domum,
1478 2514 1586 2592 sitam
1606 2515 1783 2606 Parisius,
1801 2517 1931 2594 invice

517 2642 877 2733 Sancti-Salvatoris,
902 2673 988 2720 cum
1007 2644 1172 2749 quodam
1191 2642 1343 2748 jardiuo
1362 2643 1488 2722 eidem
1510 2645 1704 2753 contiguo,
1720 2677 1806 2724 cum
1823 2649 1931 2753 perti-

516 2775 660 2854 nenciis
676 2775 899 2853 eorumdem
920 2774 969 2852 de
991 2774 1131 2882 quibus
1151 2773 1243 2851 sacta
1263 2773 1385 2852 fuerat
1399 2777 1581 2865 ostensio,
1601 2805 1698 2884 quos
1716 2794 1761 2854 ut
1778 2806 1866 2856 suos
1882 2795 1930 2854 te

518 2905 631 2982 nebat
646 2921 683 2982 et
696 2904 930 3011 possidebat,
947 2904 1069 2983 dictus
1083 2906 1261 3012 magister
1272 2906 1453 3011 Rogerus,
1470 2907 1596 2985 eidem
1613 2905 1781 3000 Nicolao,
1796 2934 1928 3013 prose,

519 3061 634 3112 uxore
657 3063 742 3126 sua,
764 3035 970 3114 heredibus
989 3036 1067 3114 suis
1091 3052 1130 3114 et
1148 3063 1296 3113 causam
1316 3035 1363 3114 ab
1383 3037 1475 3142 ipsis
1494 3037 1721 3116 habentibus
1740 3055 1778 3115 et
1796 3038 1930 3116 habitu·

516 3164 583 3254 ris,
616 3163 851 3255 vendiderat,
881 3166 1086 3242 tradiderat
1109 3183 1148 3244 et
1171 3167 1212 3242 in
1242 3167 1515 3271 possessionem
1539 3196 1608 3273 per
1635 3167 1837 3244 dominum
1862 3167 1928 3244 loci

515 3294 643 3372 induci
659 3295 797 3374 fecerat
819 3297 1062 3385 eorumdem,
1085 3325 1154 3402 pro
1172 3296 1300 3404 precio
1315 3297 1445 3403 viginti
1459 3296 1641 3375 librarum
1654 3298 1927 3384 Parisiensiunr,

516 3424 562 3502 de
578 3424 718 3534 quibus
737 3425 861 3506 eidem
882 3426 1108 3505 satisfactum
1123 3425 1262 3516 fuerat,
1276 3445 1391 3533 prout
1408 3427 1448 3503 in
1460 3428 1688 3533 quibusdam
1703 3428 1838 3505 litteris
1848 3428 1929 3506 Cas-

513 3556 647 3649 telleti,
664 3585 778 3664 super
798 3557 895 3636 dicta
909 3557 1132 3636 vendicione
1154 3557 1353 3647 confectis,
1370 3558 1519 3636 dicebat
1533 3559 1653 3636 dictus
1667 3558 1841 3636 Nicolans
1853 3557 1928 3664 ple-

514 3687 598 3764 nius
610 3688 811 3766 contineri.
833 3689 940 3780 Item,
965 3689 1116 3766 dicebat
1133 3689 1256 3766 dictus
1274 3686 1448 3766 Nicolaus
1469 3688 1573 3794 quod
1595 3688 1694 3766 dicta
1718 3688 1926 3774 Thomassa,

514 3845 590 3922 que
611 3816 749 3894 dictam
766 3818 940 3907 domurn,
963 3847 1050 3896 cum
1068 3819 1151 3926 ejus
1168 3819 1426 3924 pertinenciis,
1443 3818 1581 3897 adictc
1595 3818 1772 3926 magistro
1790 3820 1926 3925 Rogerc

514 3947 562 4023 ad
584 3947 771 4054 locagium
791 3966 979 4038 tenuerat,
1003 3949 1146 4027 dictum
1168 3949 1376 4040 Nicolaum,
1397 3951 1446 4028 ad
1468 3949 1673 4056 predictam
1699 3949 1856 4026 deorum
1873 3977 1928 4024 ve·

515 4077 684 4154 nientem
701 4094 762 4168 ut,
783 4105 844 4169 ea,
865 4096 942 4156 tam
966 4081 1005 4157 in
1029 4082 1263 4187 possessione
1283 4111 1398 4188 quam
1426 4082 1465 4159 in
1485 4080 1731 4187 proprietate,
1753 4109 1795 4156 ex
1818 4079 1927 4156 causis

513 4207 707 4312 predictis,
720 4226 763 4286 ut
776 4211 955 4289 dominus
974 4229 1154 4302 uteretur,
1173 4241 1249 4290 non
1262 4211 1427 4302 admisit,
1445 4230 1484 4289 et
1495 4212 1632 4289 dictam
1648 4208 1862 4288 domumab
1873 4237 1929 4285 eo

515 4339 618 4430 dem,
640 4357 833 4447 tamquam
854 4342 1021 4432 domino,
1042 4344 1186 4447 pluries
1208 4343 1384 4450 requisita
1402 4343 1502 4420 exire
1522 4359 1561 4418 et
1585 4341 1711 4418 eidem
1731 4339 1926 4426 dimittere,

513 4470 640 4546 minus
654 4470 755 4578 juste
772 4489 810 4550 et
829 4471 908 4549 sine
925 4501 1032 4550 cama
1052 4475 1269 4552 racionabili
1288 4474 1487 4562 recusavit,
1507 4499 1624 4580 quare
1641 4470 1795 4578 petebat
1815 4467 1928 4546 dictus

514 4599 688 4678 Nicolaus
701 4602 907 4710 predictam
923 4604 1096 4692 domum,
1114 4635 1203 4683 cum
1215 4605 1316 4684 dicto
1326 4603 1478 4713 jardinc
1493 4621 1531 4681 et
1544 4601 1774 4711 appendiciis
1788 4627 1928 4678 eorum·

514 4727 601 4806 dem
617 4730 664 4806 ad
678 4761 734 4825 se,
747 4713 939 4842 tamquam
955 4735 1169 4825 dominum,
1184 4737 1222 4814 in
1237 4737 1470 4842 possessione
1483 4753 1520 4812 et
1536 4734 1780 4842 proprietate,
1798 4761 1843 4808 ex
1856 4758 1929 4808 cau·
2114 4794 2115 4849 p

514 4859 563 4937 sis
574 4860 751 4965 predictis
766 4865 954 4971 pertinere
970 4865 1110 4945 debere
1122 4896 1191 4974 per
1205 4866 1432 4945 sentenciam
1443 4865 1535 4942 dicti
1546 4862 1726 4972 prepositi
1738 4860 1925 4948 declarari,
2114 4860 2115 4871 ’

514 5006 552 5066 et
570 4989 711 5068 dictam
731 4995 978 5076 Thomassam
993 5025 1013 5074 a
1033 4996 1134 5075 dicta
1152 5000 1267 5076 domo
1284 4995 1436 5104 expelli3
1455 4997 1554 5073 dicta
1572 4995 1778 5072 Thomassa
1794 4993 1835 5068 in
1851 5018 1928 5068 con·

2113 5300 2115 5363 t
