4450 6209
518 698 566 767 22
1097 694 1189 767 LES
1219 692 1361 767 OLIM

294 852 422 905 anunm
436 848 478 913 lv
516 834 690 943 quodsi
704 834 775 941 ipsa
765 830 985 943 lregenmt
997 850 1124 941 portas
1139 834 1277 913 domus
1285 833 1341 919 de
1353 832 1560 924 Chemeoa.
1576 830 1731 915 hocluit
1745 835 1834 943 quia
1852 837 1939 918 dicti

293 1020 298 1027 ·
411 965 681 1074 religiosi
708 992 786 1043 non
811 963 1055 1073 paciebantur
1079 992 1144 1044 eos
1163 964 1301 1049 intrare
1327 962 1473 1043 dictam
1481 962 1650 1055 dnuuun
1669 963 1938 1048 adridendum

517 1117 556 1176 et
577 1098 802 1204 capiendum
828 1096 948 1175 dictos
972 1123 1130 1205 ceppos,
1156 1096 1262 1205 quod
1288 1094 1409 1177 secere
1434 1094 1505 1173 sibi
1530 1093 1676 1175 licitum
1698 1094 1786 1185 luit,
1810 1126 1938 1179 wetm-

517 1230 611 1307 dum
641 1256 754 1305 usum
788 1244 827 1303 et
851 1227 1166 1305 consuetudinem
1196 1227 1286 1318 loci,
1316 1244 1360 1305 ut
1391 1225 1558 1315 dicebat;
1589 1225 1699 1317 item,
1732 1226 1854 1334 quod,
1886 1258 1938 1309 se·

515 1360 684 1437 cundum
704 1386 817 1437 usum
836 1376 876 1436 et
893 1359 1208 1437 consuetudinem
1231 1360 1280 1440 dc
1299 1356 1481 1451 Domeci,
1501 1357 1733 1467 quicumque
1756 1358 1872 1449 babet
1888 1360 1936 1437 al-

514 1508 590 1567 tam
602 1489 924 1597 jurisdictionem,
942 1490 1016 1568 sibi
1031 1490 1178 1568 licitum
1193 1506 1249 1569 est
1266 1488 1416 1569 furebas
1428 1488 1566 1579 lacere;
1583 1488 1691 1577 item,
1709 1488 1837 1595 plures
1854 1491 1936 1571 alias

513 1622 683 1699 raciones
708 1638 747 1699 et
766 1649 895 1699 causas
914 1620 1018 1699 idem
1038 1639 1257 1729 procurator
1276 1621 1435 1702 asseruit
1455 1648 1494 1699 se
1514 1620 1755 1727 proposuisse
1776 1621 1935 1699 raciona-

513 1751 609 1831 biles
633 1769 745 1858 atque
761 1752 898 1859 justas,
922 1768 961 1829 et
978 1780 1017 1831 se
1037 1750 1268 1831 sufficienter
1290 1780 1351 1833 eas
1370 1750 1616 1859 probaturum
1638 1750 1836 1843 obtulisse,
1856 1752 1936 1859 qui-

513 1882 587 1960 bus
618 1912 697 1961 non
730 1882 918 1972 admissis,
954 1882 1073 1961 immo
1100 1884 1252 1989 spretis,
1289 1883 1381 1963 dicti
1410 1881 1672 1973 commissarii.
1702 1898 1746 1959 ut
1776 1880 1932 1973 dicebat,

515 2032 645 2093 contra
665 2014 789 2121 ipsum
810 2033 848 2093 et
865 2014 1078 2121 predictum
1099 2014 1277 2093 comitem
1298 2012 1504 2093 addictam
1525 2012 1883 2119 pronunciacionem
1902 2031 1936 2091 et

514 2164 735 2253 preceptum
751 2160 1012 2252 processerunt
1026 2172 1224 2251 perperam
1241 2162 1279 2223 et
1292 2144 1439 2251 inique,
1455 2162 1587 2253 petens
1601 2145 1706 2225 idem
1721 2164 1935 2252 procurator

514 2276 603 2355 dicti
621 2278 785 2364 comitis,
808 2304 876 2382 per
895 2276 1062 2353 raciones
1078 2292 1117 2353 et
1136 2302 1264 2355 causas
1275 2275 1461 2382 predictas
1478 2304 1520 2353 ac
1535 2275 1664 2383 plures
1676 2276 1784 2365 alias,
1801 2275 1934 2353 dicum

513 2408 810 2516 appellarisnem
829 2434 936 2483 suam
954 2435 1023 2512 per
1040 2434 1109 2485 nos
1121 2406 1262 2513 justam
1281 2406 1540 2513 pronunciari,
1562 2424 1600 2485 et
1618 2434 1687 2515 per
1706 2406 1827 2485 dictos
1840 2435 1936 2487 oom-

514 2540 704 2618 missarios
729 2537 1020 2645 pronunciatum
1046 2554 1084 2613 et
1110 2554 1331 2645 preceptum
1358 2536 1473 2617 luisse
1500 2566 1697 2647 perperam
1726 2555 1764 2615 et
1790 2537 1935 2645 inique3

513 2688 755 2777 procuratore
785 2668 975 2747 dictomm
1004 2664 1272 2775 religiosorum
1294 2668 1480 2775 vpluribus
1511 2670 1631 2749 causis
1659 2685 1698 2749 et
1725 2667 1936 2747 racionibus

514 2802 744 2879 contrarium
765 2817 951 2877 asserente
972 2817 1009 2876 et
1027 2817 1180 2906 petente
1198 2832 1206 2876 ε
1224 2799 1415 2893 Tandem,
1442 2800 1517 2879 visa
1540 2801 1714 2907 inquesta
1732 2827 1848 2908 super
1866 2800 1935 2877 boc

515 2932 563 3011 de
582 2932 758 3009 mandato
778 2948 906 3008 nostro
924 2927 1035 3018 lacta,
1055 2930 1146 3039 quia
1166 2930 1361 3009 inventum
1376 2929 1449 3007 luit
1467 2948 1749 3037 procuratorem
1764 2930 1856 3013 dicti
1876 2957 1935 3009 co·

515 3061 617 3139 mitis
631 3062 748 3139 dietas
759 3061 928 3139 raciones
943 3076 982 3137 et
996 3088 1123 3139 causas
1138 3077 1176 3138 et
1190 3060 1317 3167 plures
1332 3060 1438 3153 alias,
1457 3078 1543 3142 ante
1561 3059 1699 3141 dictam
1716 3061 1937 3167 pronuncia·

516 3197 664 3273 cionem
690 3211 728 3271 et
747 3209 986 3300 preceptum,
1010 3219 1135 3270 coram
1160 3191 1271 3269 dictis
1290 3191 1556 3272 commissoriis
1575 3190 1815 3297 proposuisse
1835 3206 1874 3269 et
1898 3218 1934 3269 se

515 3354 577 3404 eas
592 3323 822 3405 sufficienter
839 3322 1085 3431 probaturum
1104 3322 1307 3413 obtulisse,
1325 3351 1395 3403 nec
1412 3322 1537 3431 ipsum
1558 3321 1607 3401 ad
1625 3349 1686 3402 eas
1700 3320 1934 3429 probandum

513 3457 627 3537 luisse
647 3458 871 3548 admissum,
896 3485 964 3560 per
983 3455 1086 3532 curie
1107 3470 1235 3533 nostre
1248 3453 1456 3560 judicium,
1472 3452 1765 3559 pronunciatum
1779 3449 1853 3533 fuit
1872 3479 1935 3557 per

513 3590 635 3667 dictos
661 3588 936 3666 commissarios
959 3585 1058 3663 male
1078 3585 1369 3692 pronunciatum
1396 3600 1433 3661 et
1459 3599 1676 3690 preceptum
1700 3582 1834 3674 luisse,
1862 3581 1935 3659 dic·

512 3740 672 3827 tumque
687 3734 968 3827 procuratorem
979 3716 1081 3825 juste
1101 3732 1139 3793 et
1160 3713 1343 3823 legittime
1365 3712 1581 3823 appellasse.

570 3976 727 4057 XXXIV.
757 3980 930 4085 lnquesta
954 4004 1070 4083 super
1095 3976 1336 4055 excusacione
1355 3975 1501 4054 domini
1529 3976 1577 4053 de
1602 3976 1769 4082 Maignac
1791 3992 1832 4053 et
1855 3974 1933 4081 ejus

513 4106 699 4200 filiorum,
720 4125 850 4186 contra
867 4108 1041 4189 abbatem
1062 4125 1100 4186 et
1117 4106 1326 4217 capitulum
1344 4108 1613 4195 Dauratenses,
1628 4104 1796 4216 judicata
1816 4122 1855 4183 et
1872 4132 1932 4181 ex·

511 4241 655 4346 pedite,
672 4258 785 4348 prout
797 4241 1014 4321 continetur
1029 4266 1156 4344 supra,
1175 4240 1214 4317 in
1229 4238 1597 4329 librodrrestorum,
1608 4236 1827 4319 insecundo
1841 4235 1930 4313 lolio

510 4372 608 4466 libri,
627 4374 666 4453 in
685 4390 818 4480 quarta
832 4372 966 4482 pagina
986 4368 1077 4451 dicti
1097 4368 1184 4447 libri
1195 4372 1256 4477 (3)

566 4634 709 4713 XXXV.
741 4635 839 4713 Cum
864 4636 963 4713 inter
990 4634 1177 4711 decanum
1211 4649 1249 4710 et
1273 4632 1478 4739 capitulum
1506 4633 1762 4726 belvacenses,
1793 4662 1836 4711 ex
1863 4657 1934 4711 una

510 4781 631 4870 parte,
653 4782 691 4841 et
710 4763 893 4843 dilectum
911 4764 1073 4843 militem
1087 4781 1262 4843 nostrum
1282 4762 1539 4873 Reginaldum
1552 4762 1601 4842 de
1615 4764 1729 4870 Trya‚
1747 4790 1792 4841 ex
1809 4762 1932 4851 altera,

511 4896 709 4991 contencio
723 4912 932 4973 verteretur
952 4923 1064 5043 super
1083 4924 1131 4979 eo
1150 4897 1256 5005 quod
1272 4897 1360 4976 dieti
1382 4896 1546 4975 decanus
1562 4912 1601 4973 et
1617 4894 1825 5002 capitulum
1841 4921 1936 4973 asse·

512 5026 646 5106 rebant
674 5055 714 5105 se
735 5054 815 5105 esse
839 5027 878 5104 in
904 5026 1039 5105 saisina
1063 5028 1320 5107 omnimode
1305 5026 1454 5136 justicie
1477 5025 1515 5105 in
1535 5001 1631 5105 villis
1651 5026 1699 5105 de
1724 5028 1936 5107 &encourt
