4450 6209
532 761 606 837 39lt
1110 762 1201 835 tus
1230 760 1373 837 otttt.

306 916 493 978 Prttmrlv.
532 903 572 979 in
595 903 730 981 saisim
752 902 883 1009 gordio
907 902 998 980 dicti
1016 902 1251 992 monosterii,
1273 930 1360 981 cnm
1380 904 1461 1009 ejus
1482 904 1725 1010 pertinenciis
1741 904 1791 981 dc
1811 904 1947 993 seruo,

367 1008 430 1053 Μ’
533 1052 625 1113 etse
646 1062 728 1113 esee
747 1035 794 1111 in·
805 1034 956 1122 saisina,
980 1033 1085 1141 quod
1097 1063 1167 1142 per
1182 1035 1496 1143 nosgtrtlieottm
1516 1064 1633 1143 quone
1650 1035 1833 1142 peselum
1850 1038 1950 1115 resti-

531 1164 725 1243 tucionun
739 1161 906 1243 sihilieri
923 1192 991 1271 per
1003 1192 1089 1253 nos,
1104 1182 1381 1273 tamqnamper
1395 1166 1646 1273 gereliotorem
1657 1196 1791 1258 suom,
1806 1167 1856 1244 de
1868 1195 1950 1275 quc

531 1312 618 1373 tuor
643 1294 768 1402 equis.
790 1292 937 1373 duabus
958 1294 1151 1403 quadrigis
1176 1324 1266 1373 cun
1291 1296 1482 1387 hernesio,
1511 1296 1578 1404 qui
1603 1298 1699 1404 copti
1718 1297 1884 1384 ltremnt,
1909 1319 1947 1375 ot

527 1426 736 1515 dicebatur,
758 1426 899 1533 injuste
914 1454 983 1533 per
1001 1445 1132 1533 gentes
1150 1427 1241 1505 dicti
1260 1427 1434 1517 comitis.
1446 1431 1486 1505 in
1505 1432 1658 1538 grangis
1677 1430 1726 1507 dc
1744 1431 1946 1509 &uenul-

528 1558 594 1645 ler.
623 1557 836 1664 pertinente
864 1558 912 1635 ad
942 1557 1085 1636 dictum
1116 1559 1412 1650 monesterium
1436 1560 1537 1639 dicto
1563 1562 1702 1639 comite
1730 1561 1880 1639 dicente
1908 1592 1945 1640 se

529 1718 608 1771 esse
629 1691 668 1767 in
686 1691 823 1769 saisina
845 1690 973 1797 gerdie
995 1690 1094 1767 dicte
1114 1690 1283 1797 grangis,
1305 1690 1456 1769 racione
1476 1692 1647 1797 predicte
1670 1692 1884 1771 metiente
1900 1696 1945 1770 de

529 1822 640 1901 Conti
659 1852 701 1899 ec
711 1821 985 1928 jurisdictionis
1003 1821 1191 1929 ejusdem,
1208 1822 1354 1899 nullam
1370 1840 1498 1900 temen
1512 1850 1660 1901 causam
1674 1823 1861 1929 capcionie
1871 1852 1946 1930 pre·

528 1953 707 2029 tendens:
725 1953 900 2058 luqueste
920 1951 1034 2059 igitur
1049 1980 1163 2058 super
1177 1952 1252 2031 hoc
1269 1953 1318 2031 de
1338 1952 1516 2031 mtntleto
1533 1954 1640 2031 curie
1660 1952 1897 2031 noscerem
1910 1972 1945 2029 et

529 2083 576 2161 ed
597 2085 738 2161 curiam
755 2098 962 2189 reportate,
984 2082 1058 2159 vise
1081 2100 1120 2159 et
1144 2083 1589 2191 diligentcrexaminata,
1610 2112 1681 2193 por
1699 2086 1806 2163 curie
1824 2102 1943 2163 nostre

522 2214 728 2322 judicium,
747 2214 890 2293 dictum
906 2212 980 2292 fuit
993 2215 1097 2322 quod
1110 2214 1201 2291 dicti
1216 2215 1381 2324 religiosi
1396 2244 1565 2322 pennos,
1581 2232 1773 2325 tamquam
1787 2244 1854 2323 per
1869 2246 1943 2325 gar-

398 2390 403 2399 ·
526 2346 710 2425 dictorem
733 2346 864 2434 suum,
884 2346 1135 2425 restituentur
1152 2345 1200 2424 de
1221 2346 1345 2452 puisiis
1364 2347 1600 2455 supradictis.

581 2478 759 2558 Mercurii
778 2494 863 2584 post
884 2477 1119 2557 Nativitatem
1136 2477 1306 2557 Domini.

582 2610 688 2690 Creci
704 2610 915 2716 reportavit.

581 2874 640 2953 tv.
673 2873 810 2951 Ultima
825 2873 997 2979 inqueeta
1014 2871 1108 2951 taeta
1118 2873 1219 2950 inter
1233 2873 1434 2953 dominum
1446 2874 1632 2951 uomet*
1630 2874 1799 2963 errandi,
1816 2902 1862 2951 ex
1874 2904 1942 2952 um

523 3022 644 3111 porte,
664 3020 702 3080 et
718 3003 927 3110 capitulum
946 3003 1271 3095 Claromontense,
1295 3034 1340 3083 ex
1358 3004 1497 3096 sltem,
1512 3034 1628 3111 super
1645 3004 1780 3083 saisina
1797 3006 1941 3113 justitie

524 3133 571 3215 dc
595 3132 769 3227 Croeele‚
799 3134 887 3241 quio
906 3134 1190 3215 commissarius
1208 3154 1287 3216 non
1309 3134 1467 3215 servavit
1490 3134 1650 3224 torm
1672 3138 1942 3218 commissionis

522 3265 595 3347 sihi
618 3264 730 3359 lacte,
753 3283 791 3343 et
815 3282 968 3375 propter
992 3265 1137 3345 multos
1158 3266 1327 3347 delectus
1347 3268 1494 3347 ibidem
1512 3286 1700 3375 repertos,
1718 3286 1779 3347 est
1793 3298 1864 3375 per
1882 3298 1941 3354 cu-

523 3397 617 3478 riam
635 3397 814 3487 enullatn,
836 3416 889 3487 et,
912 3399 942 3477 si
966 3398 1111 3477 dictum
1131 3398 1339 3506 capitulum
1353 3398 1444 3479 velit
1462 3400 1640 3507 prosequi
1660 3428 1777 3506 super
1797 3400 1871 3478 boc
1884 3400 1941 3507 jus

523 3556 651 3617 suum,
669 3530 884 3609 commissio
904 3546 1079 3609 contenta
1095 3531 1134 3607 in
1151 3530 1250 3609 dictu
1265 3530 1438 3637 inqueste
1455 3532 1534 3611 sub.
1545 3531 1820 3612 eedemformu
1835 3560 1941 3609 reno·

522 3660 681 3741 vehitur.
1256 3741 1260 3749 ,

577 3790 756 3871 Mercurii
775 3808 862 3898 post
879 3792 1119 3873 Nativitatem
1134 3793 1307 3873 Domini.

576 3921 752 4003 Bocellus
766 3925 981 4030 reportavit.

577 4184 619 4261 V.
652 4183 733 4262 Lite
748 4202 851 4262 mota
864 4185 964 4263 inter
981 4180 1157 4266 homines
1173 4187 1424 4268 universitatis
1436 4186 1487 4266 de
1498 4189 1667 4276 Nentho.
1679 4216 1812 4267 exuor
1824 4206 1935 4295 parte,

521 4332 558 4391 et
578 4314 751 4393 abbatem
774 4316 821 4394 de
840 4319 987 4397 Nantho
1011 4336 1048 4397 et
1064 4320 1145 4428 ejus
1170 4318 1346 4409 curiales,
1368 4319 1572 4401 familiares
1590 4337 1633 4397 et
1645 4319 1821 4406 subditos
1838 4348 1940 4427 qnos-

522 4446 608 4523 dam
623 4445 810 4554 ejusdem,
829 4476 873 4525 ex
888 4449 1021 4537 altere,
1042 4478 1157 4557 super
1177 4478 1223 4528 eo
1243 4451 1349 4557 quod
1361 4452 1431 4557 ipsi
1449 4450 1626 4531 dicebant
1642 4450 1771 4558 pheres
1789 4451 1938 4559 injurias

520 4575 589 4654 sibi
616 4577 738 4655 illatus
757 4577 870 4657 luisse
895 4580 943 4659 eb
963 4582 1125 4672 eisdem3
1147 4582 1320 4689 inqueste
1340 4581 1432 4660 facta
1450 4610 1565 4689 super
1591 4583 1679 4671 hoc,
1700 4582 1938 4660 demandato

519 4709 712 4795 senescalli
726 4711 994 4801 Rutheneusis‚
1010 4730 1048 4797 et
1059 4712 1107 4794 at
1123 4730 1292 4801 nostram
1303 4715 1465 4803 curium,
1479 4714 1724 4795 dementem
1731 4731 1881 4801 nostro,
1897 4710 1937 4789 ed

512 4837 762 4944 judicandum
782 4860 970 4949 reportate
985 4844 1061 4924 viso
1085 4862 1125 4923 et
1144 4844 1347 4955 diligenter
1364 4846 1550 4953 inspecta,
1569 4848 1656 4955 quia
1675 4848 1874 4923 iuvenum
1890 4859 1939 4923 est

517 4969 641 5074 quod,
666 4970 1045 5079 litigantibuscorem
1067 4976 1171 5061 dicto
1195 4978 1332 5073 abbate
1359 4979 1509 5061 curione
1523 5008 1629 5060 stum
1654 4978 1863 5057 secularem
1888 4987 1942 5055 tt?

516 5118 646 5193 uento,
664 5104 855 5211 Stephano
875 5108 927 5187 de
938 5110 1166 5195 Bourssiset
1178 5110 1288 5192 Petro
1305 5110 1513 5219 Radutptt
1530 5138 1599 5219 [no
1617 5108 1937 5190 liberislolmsis
