4450 6209
772 690 1034 796 saoneres
1061 707 1124 778 ar
1150 689 1355 782 raucas.
1706 703 1780 783 sss

358 845 504 936 arresti,
521 847 715 939 sustinuit,
730 846 869 926 debere
884 848 1177 956 condempnari,
1192 849 1258 956 qui
1273 848 1504 954 prepositus,
1517 848 1655 927 auditis
1671 851 1781 929 dictis
1819 860 1948 916 aarum
1959 861 2003 932 lt.

174 1076 181 1094 ,
262 1015 265 1020 ·
358 977 526 1082 partibus
544 995 582 1056 et
595 978 886 1085 probationibus
902 980 1141 1068 earumdem,
1156 979 1299 1057 dictum
1317 978 1561 1058 Guillelmum
1575 980 1621 1057 ab
1636 981 1780 1087 impeti·
1880 952 1943 994 Μ’

358 1106 466 1185 cione
487 1108 604 1216 ipsius
622 1110 756 1200 Caute,
775 1137 843 1217 per
861 1138 971 1188 suum
986 1109 1214 1217 judicatum,
1232 1109 1404 1200 absolvit,
1422 1128 1461 1188 et
1480 1110 1624 1189 dictum
1642 1112 1777 1200 Canta,

351 1237 456 1345 juxta
466 1237 779 1318 consuetudinem
789 1240 998 1330 Castelleti,
1009 1269 1083 1350 que
1096 1241 1181 1320 talis
1191 1257 1247 1320 est
1261 1240 1367 1346 quod
1384 1241 1452 1348 qui
1466 1242 1565 1320 eadit
1579 1242 1627 1319 ab
1637 1257 1778 1319 arresto

356 1397 424 1446 suo
444 1371 572 1450 reddit
587 1399 779 1478 expensas,
801 1372 896 1479 parti
917 1389 1110 1464 arrestata,
1123 1375 1170 1450 in
1187 1372 1373 1480 expensis,
1396 1390 1550 1481 propter
1567 1375 1641 1452 hoc
1655 1373 1775 1462 factis,

356 1499 457 1580 dieto
477 1501 680 1582 Guillelmo
700 1503 1009 1610 condempnavit3
1037 1533 1056 1580 a
1083 1532 1163 1611 quo
1183 1503 1372 1612 judicato,
1397 1503 1591 1611 tamquam
1619 1504 1713 1584 salso
1741 1524 1779 1582 et

354 1659 483 1735 pravo,
514 1633 638 1712 dictus
664 1634 781 1713 Cante
804 1634 852 1711 ad
876 1652 1042 1712 nostram
1072 1637 1213 1713 curiam
1237 1633 1462 1742 appellavit:
1486 1637 1635 1716 Auditis
1664 1637 1778 1744 igitur

354 1760 463 1839 dictis
482 1765 649 1870 partibus
669 1766 708 1841 in
729 1794 837 1844 causa
856 1765 1123 1871 appellacionis
1141 1766 1327 1872 predicte,
1350 1783 1389 1844 et
1413 1768 1517 1857 visis,
1546 1797 1614 1875 per
1627 1768 1775 1847 curiam

353 1909 532 1982 nostram,
554 1922 730 2000 processu
746 1894 844 1972 dicte
865 1922 997 1987 cause,
1016 1923 1164 1973 necnon
1179 1895 1487 2004 deposicionibus
1498 1897 1670 1988 testium,
1692 1925 1777 1976 oon-

351 2018 576 2102 fessionibus
603 2026 789 2131 parcium,
823 2025 958 2104 litteris
989 2043 1028 2102 et
1058 2027 1320 2106 instrumentis
1348 2059 1369 2106 a
1399 2028 1509 2106 dictis
1533 2026 1704 2135 partibus
1736 2029 1776 2106 in

353 2154 510 2230 modum
535 2157 773 2262 probationis
795 2156 988 2265 productis
1012 2157 1163 2263 plenius
1186 2159 1405 2251 intellectis,
1430 2187 1500 2267 per
1518 2161 1621 2238 curie
1647 2179 1780 2238 nostre·

346 2283 552 2388 judicium,
584 2288 727 2366 dictum
757 2287 830 2364 fuit
862 2286 1077 2392 predictum
1110 2289 1345 2395 prepositum
1374 2291 1473 2368 bene
1499 2289 1705 2398 judicasse,
1737 2307 1775 2368 et

352 2413 494 2493 dictum
509 2418 625 2495 Cante
647 2417 744 2508 male
765 2417 988 2524 appellasse,
1011 2434 1050 2495 et
1068 2420 1173 2524 quod
1192 2420 1273 2528 ipse
1292 2420 1366 2499 hoc
1385 2419 1615 2499 emendabit.

407 2547 564 2627 Veneris
578 2566 664 2646 ante
684 2550 969 2628 Pentheoosten.

406 2678 507 2787 Roya
522 2681 738 2787 reportavit.

404 2943 531 3020 XXIX.
564 2944 664 3024 Mota
684 2945 750 3023 lite
778 2945 818 3021 in
838 2906 947 3022 causa
973 2944 1241 3052 appellacionis
1263 2948 1366 3023 inter
1384 2945 1559 3025 consules
1583 2944 1632 3022 de
1652 2945 1772 3023 Pede·

348 3074 473 3163 nacio,
488 3103 530 3152 ex
547 3093 651 3181 parte
665 3105 756 3168 una,
774 3093 813 3152 et
827 3091 996 3153 nostrum
1012 3103 1054 3152 ac
1070 3077 1208 3154 domus
1222 3077 1332 3155 beate
1349 3077 1465 3156 Maria
1487 3077 1535 3155 de
1552 3077 1670 3155 Pratis
1684 3067 1773 3184 pro·

348 3223 553 3300 curatores,
578 3235 622 3282 ex
647 3206 780 3296 altera,
803 3233 925 3283 coram
953 3206 1158 3285 senescallo
1180 3207 1464 3287 Carcassonensi
1489 3225 1526 3285 et
1549 3207 1768 3296 Biterrensi,

348 3363 522 3443 supereo
542 3337 648 3442 quod
669 3336 757 3413 dicti
778 3337 952 3414 consules
964 3335 1143 3414 dicebant
1161 3365 1200 3414 se
1221 3337 1401 3443 legittime
1423 3338 1630 3445 appellasse
1647 3336 1696 3414 ad
1713 3365 1778 3424 se*

349 3468 553 3550 nescallum
561 3469 774 3574 predictum
786 3497 806 3545 a
818 3468 980 3575 quadam
995 3467 1237 3545 ordinacione
1247 3496 1315 3575 per
1325 3469 1504 3547 vicarium
1518 3469 1775 3547 Biterrensem

346 3627 413 3676 seu
434 3580 515 3706 eJ'us
528 3597 653 3676 mcum
668 3616 880 3690 tenentem,
896 3627 966 3705 pro
980 3598 1089 3676 dictis
1103 3599 1410 3706 procuratoribus
1429 3615 1559 3677 nostro
1572 3629 1615 3676 ac
1631 3600 1769 3677 domus

346 3730 528 3836 predicte,
549 3731 643 3808 lacta
662 3730 700 3806 in
721 3729 973 3838 prejudicium
992 3730 1162 3837 ipsorum
1182 3730 1400 3822 consulum,
1417 3748 1461 3808 ut
1479 3731 1550 3838 ipsi
1573 3729 1772 3817 dicebant,
1903 3827 1916 3836 ι

346 3862 434 3937 etin
451 3862 547 3940 dicta
562 3889 670 3940 causa
685 3861 813 3942 oblato
826 3861 958 3940 libello
972 3889 1042 3968 per
1061 3861 1183 3940 dictos
1197 3861 1372 3940 eonsules
1387 3890 1513 3940 coram
1530 3861 1631 3939 dicto
1643 3889 1770 3938 senes·

346 3991 457 4082 callo,
478 3991 620 4099 liteque
642 3991 825 4100 legittime
848 4009 1052 4072 contestata
1073 4021 1142 4100 per
1159 4011 1419 4099 procuratores
1438 3994 1664 4084 antedictos,
1683 3992 1769 4098 plu-

345 4123 526 4230 ribusque
553 4123 812 4201 instrumentis
838 4141 875 4200 et
900 4124 1058 4201 testibus
1086 4152 1200 4230 super
1223 4126 1296 4203 hoc
1321 4125 1409 4203 hinc
1439 4126 1528 4202 inde
1549 4125 1763 4231 productis,

343 4255 618 4362 publicatisque
644 4252 950 4361 deposicionibus
978 4253 1133 4331 testium
1156 4253 1432 4361 predictorum,
1464 4255 1619 4331 tandem
1643 4254 1770 4331 diuus

343 4385 568 4464 senescallus
587 4413 654 4464 seu
670 4386 752 4494 ejus
769 4371 903 4464 locum*
914 4401 1063 4474 tenens,
1079 4411 1148 4491 per
1162 4413 1272 4462 suum
1282 4384 1488 4492 judicium,
1505 4384 1766 4490 pronunciavit

342 4545 381 4595 se
393 4544 470 4597 non
487 4545 594 4624 posse
606 4516 831 4614 necdebere
843 4542 1066 4626 cognoscere
1083 4515 1131 4592 de
1144 4515 1243 4591 dicta
1256 4514 1523 4621 appellationis
1534 4541 1662 4600 causa,
1675 4513 1764 4620 quia

343 4649 463 4726 satalia
487 4665 592 4728 erant
615 4649 736 4755 lapsa,
760 4664 915 4755 propter
934 4645 1204 4756 negligenciam
1224 4645 1323 4724 dietc
1342 4645 1458 4752 partis
1478 4643 1720 4754 appellantis,
1743 4673 1764 4721 a

341 4808 417 4886 quo
426 4780 596 4886 judicato
615 4807 699 4887 pars
720 4778 908 4858 dictorum
924 4777 1121 4856 consulum
1137 4777 1183 4854 ad
1203 4766 1370 4854 nostram
1385 4777 1528 4854 curiam
1547 4775 1762 4882 appellauit:

341 4911 428 4989 Viso
456 4912 572 5020 igitur
594 4911 694 4988 dicte
716 4911 837 5017 prime
857 4909 1122 5016 appellacionis
1148 4935 1344 5015 processu,
1365 4907 1580 5015 auditisque
1598 4906 1637 4981 in
1661 4906 1764 4982 curia

342 5058 465 5118 nostra
476 5041 691 5120 racionibus
704 5042 871 5148 parcium
886 5041 1157 5146 predictarum,
1170 5039 1258 5146 quia
1267 5057 1460 5146 repertum
1474 5057 1531 5118 est
1544 5039 1664 5116 dictos
1677 5064 1767 5112 oon-¹
