<?xml version="1.0" encoding="UTF-8"?>
<!DOCTYPE html PUBLIC "-//W3C//DTD XHTML 1.0 Transitional//EN"
    "http://www.w3.org/TR/xhtml1/DTD/xhtml1-transitional.dtd">
<html xmlns="http://www.w3.org/1999/xhtml" xml:lang="en" lang="en">
 <head>
  <title>
</title>
<meta http-equiv="Content-Type" content="text/html;charset=utf-8" />
  <meta name='ocr-system' content='tesseract 3.04.00' />
  <meta name='ocr-capabilities' content='ocr_page ocr_carea ocr_par ocr_line ocrx_word'/>
</head>
<body>
  <div class='ocr_page' id='page_1' title='image "./lesolimouregist00parigoog_0349.png"; bbox 0 0 4450 6209; ppageno 0'>
   <div class='ocr_carea' id='block_1_1' title="bbox 498 741 1344 821">
    <p class='ocr_par' dir='ltr' id='par_1_1' title="bbox 498 741 1344 821">
     <span class='ocr_line' id='line_1_1' title="bbox 498 741 1344 821; baseline -0.008 0"><span class='ocrx_word' id='word_1_1' title='bbox 498 751 572 821; x_wconf 80' lang='lat'><strong>250</strong></span> <span class='ocrx_word' id='word_1_2' title='bbox 1077 745 1165 818; x_wconf 85' lang='lat' dir='ltr'><strong>LES</strong></span> <span class='ocrx_word' id='word_1_3' title='bbox 1200 741 1344 816; x_wconf 88' lang='lat' dir='ltr'><strong>OLIM.</strong></span> 
     </span>
    </p>
   </div>
   <div class='ocr_carea' id='block_1_2' title="bbox 269 881 1924 3092">
    <p class='ocr_par' dir='ltr' id='par_1_2' title="bbox 269 881 1924 2835">
     <span class='ocr_line' id='line_1_2' title="bbox 269 881 1924 998; baseline 0 -36"><span class='ocrx_word' id='word_1_4' title='bbox 269 910 400 962; x_wconf 72' lang='lat' dir='ltr'><strong>aarum</strong></span> <span class='ocrx_word' id='word_1_5' title='bbox 413 907 457 972; x_wconf 81' lang='lat' dir='ltr'><strong>tv,</strong></span> <span class='ocrx_word' id='word_1_6' title='bbox 496 892 709 998; x_wconf 82' lang='lat' dir='ltr'><strong>prepositus</strong></span> <span class='ocrx_word' id='word_1_7' title='bbox 735 888 951 967; x_wconf 87' lang='lat' dir='ltr'><strong>Parisieusis</strong></span> <span class='ocrx_word' id='word_1_8' title='bbox 973 887 1256 994; x_wconf 76' lang='lat' dir='ltr'><strong>pronunciasset</strong></span> <span class='ocrx_word' id='word_1_9' title='bbox 1280 884 1422 986; x_wconf 78' lang='lat' dir='ltr'><strong>litteras</strong></span> <span class='ocrx_word' id='word_1_10' title='bbox 1445 882 1534 962; x_wconf 89' lang='lat' dir='ltr'><strong>dicti</strong></span> <span class='ocrx_word' id='word_1_11' title='bbox 1556 881 1769 962; x_wconf 87' lang='lat' dir='ltr'><strong>Theobaldi</strong></span> <span class='ocrx_word' id='word_1_12' title='bbox 1790 911 1924 963; x_wconf 78' lang='lat' dir='ltr'><strong>execu-</strong></span> 
     </span>
     <span class='ocr_line' id='line_1_3' title="bbox 331 1003 1923 1124; baseline -0.005 -23"><span class='ocrx_word' id='word_1_13' title='bbox 331 1003 395 1044; x_wconf 53' lang='grc' dir='ltr'><strong>Μ’</strong></span> <span class='ocrx_word' id='word_1_14' title='bbox 496 1023 595 1100; x_wconf 86' lang='lat' dir='ltr'><strong>ciani</strong></span> <span class='ocrx_word' id='word_1_15' title='bbox 614 1022 695 1100; x_wconf 85' lang='lat' dir='ltr'><strong>sore</strong></span> <span class='ocrx_word' id='word_1_16' title='bbox 714 1019 994 1100; x_wconf 86' lang='lat' dir='ltr'><strong>demandandas</strong></span> <span class='ocrx_word' id='word_1_17' title='bbox 1007 1019 1047 1096; x_wconf 90' lang='lat' dir='ltr'><strong>in</strong></span> <span class='ocrx_word' id='word_1_18' title='bbox 1058 1017 1171 1097; x_wconf 90' lang='lat' dir='ltr'><strong>honis</strong></span> <span class='ocrx_word' id='word_1_19' title='bbox 1186 1016 1354 1124; x_wconf 84' lang='lat' dir='ltr'>predicte</span> <span class='ocrx_word' id='word_1_20' title='bbox 1368 1017 1495 1107; x_wconf 89' lang='lat' dir='ltr'><strong>firme,</strong></span> <span class='ocrx_word' id='word_1_21' title='bbox 1512 1045 1534 1092; x_wconf 90' lang='lat' dir='ltr'><strong>a</strong></span> <span class='ocrx_word' id='word_1_22' title='bbox 1552 1044 1626 1123; x_wconf 93' lang='lat' dir='ltr'><strong>qua</strong></span> <span class='ocrx_word' id='word_1_23' title='bbox 1641 1015 1830 1093; x_wconf 76' lang='lat' dir='ltr'><strong>sentencia</strong></span> <span class='ocrx_word' id='word_1_24' title='bbox 1848 1044 1923 1095; x_wconf 90' lang='lat' dir='ltr'><strong>non</strong></span> 
     </span>
     <span class='ocr_line' id='line_1_4' title="bbox 496 1147 1923 1261; baseline -0.006 -28"><span class='ocrx_word' id='word_1_25' title='bbox 496 1155 568 1233; x_wconf 82' lang='lat' dir='ltr'><strong>fuit</strong></span> <span class='ocrx_word' id='word_1_26' title='bbox 592 1153 840 1261; x_wconf 72' lang='lat' dir='ltr'><strong>appellatumr</strong></span> <span class='ocrx_word' id='word_1_27' title='bbox 870 1151 1024 1228; x_wconf 88' lang='lat' dir='ltr'><strong>taudem</strong></span> <span class='ocrx_word' id='word_1_28' title='bbox 1044 1149 1166 1228; x_wconf 89' lang='lat' dir='ltr'><strong>dictus</strong></span> <span class='ocrx_word' id='word_1_29' title='bbox 1193 1148 1407 1256; x_wconf 75' lang='lat' dir='ltr'><strong>Stephanus</strong></span> <span class='ocrx_word' id='word_1_30' title='bbox 1432 1148 1529 1226; x_wconf 86' lang='lat' dir='ltr'><strong>dicte</strong></span> <span class='ocrx_word' id='word_1_31' title='bbox 1551 1147 1768 1225; x_wconf 81' lang='lat' dir='ltr'><strong>crecucioni</strong></span> <span class='ocrx_word' id='word_1_32' title='bbox 1789 1175 1830 1224; x_wconf 89' lang='lat' dir='ltr'><strong>se</strong></span> <span class='ocrx_word' id='word_1_33' title='bbox 1856 1176 1923 1255; x_wconf 91' lang='lat' dir='ltr'><strong>op·</strong></span> 
     </span>
     <span class='ocr_line' id='line_1_5' title="bbox 495 1277 1922 1392; baseline -0.004 -28"><span class='ocrx_word' id='word_1_34' title='bbox 495 1287 640 1392; x_wconf 85' lang='lat' dir='ltr'><strong>posuit,</strong></span> <span class='ocrx_word' id='word_1_35' title='bbox 661 1286 791 1364; x_wconf 85' lang='lat' dir='ltr'><strong>dicens</strong></span> <span class='ocrx_word' id='word_1_36' title='bbox 809 1282 977 1392; x_wconf 86' lang='lat' dir='ltr'><strong>predicta</strong></span> <span class='ocrx_word' id='word_1_37' title='bbox 994 1282 1096 1361; x_wconf 89' lang='lat' dir='ltr'><strong>hona</strong></span> <span class='ocrx_word' id='word_1_38' title='bbox 1119 1281 1169 1358; x_wconf 91' lang='lat' dir='ltr'><strong>ad</strong></span> <span class='ocrx_word' id='word_1_39' title='bbox 1192 1306 1232 1359; x_wconf 89' lang='lat' dir='ltr'><strong>se</strong></span> <span class='ocrx_word' id='word_1_40' title='bbox 1255 1281 1463 1387; x_wconf 88' lang='lat' dir='ltr'><strong>pertinere,</strong></span> <span class='ocrx_word' id='word_1_41' title='bbox 1491 1297 1529 1358; x_wconf 86' lang='lat' dir='ltr'><strong>et</strong></span> <span class='ocrx_word' id='word_1_42' title='bbox 1553 1306 1770 1386; x_wconf 89' lang='lat' dir='ltr'><strong>proponens</strong></span> <span class='ocrx_word' id='word_1_43' title='bbox 1797 1277 1922 1385; x_wconf 89' lang='lat' dir='ltr'><strong>plures</strong></span> 
     </span>
     <span class='ocr_line' id='line_1_6' title="bbox 496 1411 1923 1524; baseline -0.003 -32"><span class='ocrx_word' id='word_1_44' title='bbox 496 1417 665 1494; x_wconf 84' lang='lat' dir='ltr'><strong>raciones</strong></span> <span class='ocrx_word' id='word_1_45' title='bbox 678 1433 834 1523; x_wconf 85' lang='lat' dir='ltr'><strong>propter</strong></span> <span class='ocrx_word' id='word_1_46' title='bbox 844 1443 938 1524; x_wconf 88' lang='lat' dir='ltr'><strong>quas</strong></span> <span class='ocrx_word' id='word_1_47' title='bbox 953 1413 1104 1492; x_wconf 87' lang='lat' dir='ltr'><strong>dicebat</strong></span> <span class='ocrx_word' id='word_1_48' title='bbox 1121 1412 1225 1521; x_wconf 84' lang='lat' dir='ltr'><strong>quod</strong></span> <span class='ocrx_word' id='word_1_49' title='bbox 1238 1441 1316 1491; x_wconf 88' lang='lat' dir='ltr'><strong>non</strong></span> <span class='ocrx_word' id='word_1_50' title='bbox 1331 1412 1515 1492; x_wconf 86' lang='lat' dir='ltr'><strong>deberent</strong></span> <span class='ocrx_word' id='word_1_51' title='bbox 1530 1411 1628 1488; x_wconf 88' lang='lat' dir='ltr'><strong>dicte</strong></span> <span class='ocrx_word' id='word_1_52' title='bbox 1647 1411 1770 1488; x_wconf 86' lang='lat' dir='ltr'><strong>littere</strong></span> <span class='ocrx_word' id='word_1_53' title='bbox 1794 1437 1923 1488; x_wconf 79' lang='lat' dir='ltr'><strong>execu-</strong></span> 
     </span>
     <span class='ocr_line' id='line_1_7' title="bbox 496 1541 1923 1651; baseline -0.004 -27"><span class='ocrx_word' id='word_1_54' title='bbox 496 1548 596 1626; x_wconf 90' lang='lat' dir='ltr'><strong>cioni</strong></span> <span class='ocrx_word' id='word_1_55' title='bbox 612 1547 830 1626; x_wconf 88' lang='lat' dir='ltr'><strong>demandari</strong></span> <span class='ocrx_word' id='word_1_56' title='bbox 846 1545 1012 1624; x_wconf 87' lang='lat' dir='ltr'><strong>inbonis</strong></span> <span class='ocrx_word' id='word_1_57' title='bbox 1027 1543 1224 1651; x_wconf 73' lang='lat' dir='ltr'><strong>predictisr</strong></span> <span class='ocrx_word' id='word_1_58' title='bbox 1241 1543 1364 1624; x_wconf 89' lang='lat' dir='ltr'><strong>dietus</strong></span> <span class='ocrx_word' id='word_1_59' title='bbox 1378 1561 1505 1622; x_wconf 88' lang='lat' dir='ltr'><strong>autem</strong></span> <span class='ocrx_word' id='word_1_60' title='bbox 1520 1541 1765 1621; x_wconf 87' lang='lat' dir='ltr'><strong>Theobaldus</strong></span> <span class='ocrx_word' id='word_1_61' title='bbox 1779 1542 1819 1618; x_wconf 90' lang='lat' dir='ltr'><strong>in</strong></span> <span class='ocrx_word' id='word_1_62' title='bbox 1835 1569 1923 1620; x_wconf 87' lang='lat' dir='ltr'><strong>con-</strong></span> 
     </span>
     <span class='ocr_line' id='line_1_8' title="bbox 495 1671 1922 1786; baseline -0.003 -32"><span class='ocrx_word' id='word_1_63' title='bbox 495 1678 652 1756; x_wconf 89' lang='lat' dir='ltr'><strong>trarium</strong></span> <span class='ocrx_word' id='word_1_64' title='bbox 671 1679 868 1786; x_wconf 86' lang='lat' dir='ltr'><strong>proposuit</strong></span> <span class='ocrx_word' id='word_1_65' title='bbox 889 1677 1018 1784; x_wconf 88' lang='lat' dir='ltr'><strong>plures</strong></span> <span class='ocrx_word' id='word_1_66' title='bbox 1036 1677 1204 1754; x_wconf 80' lang='lat' dir='ltr'><strong>raciones</strong></span> <span class='ocrx_word' id='word_1_67' title='bbox 1223 1691 1377 1782; x_wconf 91' lang='lat' dir='ltr'><strong>propter</strong></span> <span class='ocrx_word' id='word_1_68' title='bbox 1396 1703 1490 1783; x_wconf 89' lang='lat' dir='ltr'><strong>quas</strong></span> <span class='ocrx_word' id='word_1_69' title='bbox 1509 1673 1659 1754; x_wconf 91' lang='lat' dir='ltr'><strong>dicebat</strong></span> <span class='ocrx_word' id='word_1_70' title='bbox 1678 1671 1822 1750; x_wconf 90' lang='lat' dir='ltr'><strong>dictum</strong></span> <span class='ocrx_word' id='word_1_71' title='bbox 1839 1673 1922 1752; x_wconf 79' lang='lat' dir='ltr'><strong>Ste-</strong></span> 
     </span>
     <span class='ocr_line' id='line_1_9' title="bbox 496 1803 1923 1918; baseline -0.004 -30"><span class='ocrx_word' id='word_1_72' title='bbox 496 1811 666 1917; x_wconf 85' lang='lat' dir='ltr'><strong>phanum</strong></span> <span class='ocrx_word' id='word_1_73' title='bbox 680 1839 794 1918; x_wconf 89' lang='lat' dir='ltr'><strong>super</strong></span> <span class='ocrx_word' id='word_1_74' title='bbox 812 1812 886 1888; x_wconf 89' lang='lat' dir='ltr'><strong>hoc</strong></span> <span class='ocrx_word' id='word_1_75' title='bbox 899 1837 977 1890; x_wconf 90' lang='lat' dir='ltr'><strong>non</strong></span> <span class='ocrx_word' id='word_1_76' title='bbox 997 1806 1139 1886; x_wconf 90' lang='lat' dir='ltr'><strong>dehere</strong></span> <span class='ocrx_word' id='word_1_77' title='bbox 1154 1807 1276 1884; x_wconf 88' lang='lat' dir='ltr'><strong>audiri</strong></span> <span class='ocrx_word' id='word_1_78' title='bbox 1289 1840 1299 1898; x_wconf 73' lang='grc' dir='ltr'><strong>ς</strong></span> <span class='ocrx_word' id='word_1_79' title='bbox 1320 1805 1443 1885; x_wconf 88' lang='lat' dir='ltr'><strong>dietus</strong></span> <span class='ocrx_word' id='word_1_80' title='bbox 1457 1834 1546 1884; x_wconf 90' lang='lat' dir='ltr'><strong>vero</strong></span> <span class='ocrx_word' id='word_1_81' title='bbox 1560 1803 1789 1914; x_wconf 87' lang='lat' dir='ltr'><strong>prepositus,</strong></span> <span class='ocrx_word' id='word_1_82' title='bbox 1811 1831 1923 1911; x_wconf 90' lang='lat' dir='ltr'><strong>super</strong></span> 
     </span>
     <span class='ocr_line' id='line_1_10' title="bbox 497 1931 1923 2045; baseline -0.003 -31"><span class='ocrx_word' id='word_1_83' title='bbox 497 1940 570 2016; x_wconf 91' lang='lat' dir='ltr'><strong>hoc</strong></span> <span class='ocrx_word' id='word_1_84' title='bbox 589 1938 726 2016; x_wconf 91' lang='lat' dir='ltr'><strong>auditis</strong></span> <span class='ocrx_word' id='word_1_85' title='bbox 743 1938 928 2045; x_wconf 79' lang='lat' dir='ltr'><strong>partibus,</strong></span> <span class='ocrx_word' id='word_1_86' title='bbox 949 1936 1210 2044; x_wconf 82' lang='lat' dir='ltr'><strong>pronunciavit</strong></span> <span class='ocrx_word' id='word_1_87' title='bbox 1230 1935 1347 2016; x_wconf 86' lang='lat' dir='ltr'><strong>dictas</strong></span> <span class='ocrx_word' id='word_1_88' title='bbox 1363 1934 1506 2014; x_wconf 87' lang='lat' dir='ltr'><strong>litteras</strong></span> <span class='ocrx_word' id='word_1_89' title='bbox 1526 1931 1740 2012; x_wconf 84' lang='lat' dir='ltr'><strong>execucioni</strong></span> <span class='ocrx_word' id='word_1_90' title='bbox 1755 1931 1837 2010; x_wconf 84' lang='lat' dir='ltr'><strong>iore</strong></span> <span class='ocrx_word' id='word_1_91' title='bbox 1858 1932 1923 2010; x_wconf 90' lang='lat' dir='ltr'><strong>de·</strong></span> 
     </span>
     <span class='ocr_line' id='line_1_11' title="bbox 497 2062 1922 2174; baseline -0.005 -27"><span class='ocrx_word' id='word_1_92' title='bbox 497 2068 725 2147; x_wconf 83' lang='lat' dir='ltr'><strong>mandandas</strong></span> <span class='ocrx_word' id='word_1_93' title='bbox 750 2069 790 2145; x_wconf 87' lang='lat' dir='ltr'><strong>in</strong></span> <span class='ocrx_word' id='word_1_94' title='bbox 813 2068 927 2147; x_wconf 90' lang='lat' dir='ltr'><strong>honis</strong></span> <span class='ocrx_word' id='word_1_95' title='bbox 947 2068 1055 2146; x_wconf 82' lang='lat' dir='ltr'><strong>firme</strong></span> <span class='ocrx_word' id='word_1_96' title='bbox 1075 2067 1263 2174; x_wconf 86' lang='lat' dir='ltr'><strong>predicte,</strong></span> <span class='ocrx_word' id='word_1_97' title='bbox 1288 2095 1364 2146; x_wconf 87' lang='lat' dir='ltr'><strong>non</strong></span> <span class='ocrx_word' id='word_1_98' title='bbox 1395 2064 1633 2145; x_wconf 81' lang='lat' dir='ltr'><strong>obstantibus</strong></span> <span class='ocrx_word' id='word_1_99' title='bbox 1656 2062 1858 2171; x_wconf 85' lang='lat' dir='ltr'><strong>propositis</strong></span> <span class='ocrx_word' id='word_1_100' title='bbox 1879 2091 1922 2141; x_wconf 82' lang='lat' dir='ltr'><strong>ex</strong></span> 
     </span>
     <span class='ocr_line' id='line_1_12' title="bbox 496 2195 1922 2308; baseline -0.006 -30"><span class='ocrx_word' id='word_1_101' title='bbox 496 2218 601 2308; x_wconf 89' lang='lat' dir='ltr'><strong>parte</strong></span> <span class='ocrx_word' id='word_1_102' title='bbox 618 2200 709 2280; x_wconf 89' lang='lat' dir='ltr'><strong>dicti</strong></span> <span class='ocrx_word' id='word_1_103' title='bbox 722 2200 924 2307; x_wconf 66' lang='lat' dir='ltr'><strong>stephania</strong></span> <span class='ocrx_word' id='word_1_104' title='bbox 938 2227 959 2277; x_wconf 91' lang='lat' dir='ltr'><strong>a</strong></span> <span class='ocrx_word' id='word_1_105' title='bbox 974 2200 1083 2308; x_wconf 88' lang='lat' dir='ltr'><strong>cujus</strong></span> <span class='ocrx_word' id='word_1_106' title='bbox 1091 2199 1277 2307; x_wconf 87' lang='lat' dir='ltr'><strong>judicato,</strong></span> <span class='ocrx_word' id='word_1_107' title='bbox 1293 2215 1485 2304; x_wconf 89' lang='lat' dir='ltr'><strong>tamquam</strong></span> <span class='ocrx_word' id='word_1_108' title='bbox 1497 2195 1591 2274; x_wconf 84' lang='lat' dir='ltr'><strong>salso</strong></span> <span class='ocrx_word' id='word_1_109' title='bbox 1605 2212 1643 2272; x_wconf 91' lang='lat' dir='ltr'><strong>et</strong></span> <span class='ocrx_word' id='word_1_110' title='bbox 1657 2222 1786 2301; x_wconf 87' lang='lat' dir='ltr'><strong>pravo,</strong></span> <span class='ocrx_word' id='word_1_111' title='bbox 1801 2195 1922 2271; x_wconf 91' lang='lat' dir='ltr'><strong>dictus</strong></span> 
     </span>
     <span class='ocr_line' id='line_1_13' title="bbox 498 2324 1922 2438; baseline -0.006 -28"><span class='ocrx_word' id='word_1_112' title='bbox 498 2331 712 2438; x_wconf 86' lang='lat' dir='ltr'><strong>Stephanus</strong></span> <span class='ocrx_word' id='word_1_113' title='bbox 726 2331 774 2410; x_wconf 89' lang='lat' dir='ltr'><strong>ad</strong></span> <span class='ocrx_word' id='word_1_114' title='bbox 787 2347 953 2410; x_wconf 88' lang='lat' dir='ltr'><strong>nostram</strong></span> <span class='ocrx_word' id='word_1_115' title='bbox 973 2330 1115 2408; x_wconf 85' lang='lat' dir='ltr'><strong>curiam</strong></span> <span class='ocrx_word' id='word_1_116' title='bbox 1138 2328 1337 2437; x_wconf 82' lang='lat' dir='ltr'><strong>appellauit</strong></span> <span class='ocrx_word' id='word_1_117' title='bbox 1358 2361 1367 2406; x_wconf 90' lang='lat'>:</span> <span class='ocrx_word' id='word_1_118' title='bbox 1389 2326 1538 2406; x_wconf 81' lang='lat' dir='ltr'><strong>Auditis</strong></span> <span class='ocrx_word' id='word_1_119' title='bbox 1559 2327 1674 2433; x_wconf 87' lang='lat' dir='ltr'><strong>igitur</strong></span> <span class='ocrx_word' id='word_1_120' title='bbox 1688 2324 1797 2402; x_wconf 86' lang='lat' dir='ltr'><strong>dictis</strong></span> <span class='ocrx_word' id='word_1_121' title='bbox 1811 2325 1922 2431; x_wconf 82' lang='lat' dir='ltr'><strong>parti·</strong></span> 
     </span>
     <span class='ocr_line' id='line_1_14' title="bbox 499 2455 1921 2570; baseline -0.004 -31"><span class='ocrx_word' id='word_1_122' title='bbox 499 2462 572 2540; x_wconf 91' lang='lat' dir='ltr'><strong>bus</strong></span> <span class='ocrx_word' id='word_1_123' title='bbox 592 2463 633 2540; x_wconf 92' lang='lat' dir='ltr'><strong>in</strong></span> <span class='ocrx_word' id='word_1_124' title='bbox 656 2491 765 2542; x_wconf 90' lang='lat' dir='ltr'><strong>causa</strong></span> <span class='ocrx_word' id='word_1_125' title='bbox 784 2461 1050 2570; x_wconf 85' lang='lat' dir='ltr'><strong>appellacionis</strong></span> <span class='ocrx_word' id='word_1_126' title='bbox 1068 2461 1252 2568; x_wconf 86' lang='lat' dir='ltr'><strong>predicte,</strong></span> <span class='ocrx_word' id='word_1_127' title='bbox 1276 2477 1314 2538; x_wconf 89' lang='lat' dir='ltr'><strong>et</strong></span> <span class='ocrx_word' id='word_1_128' title='bbox 1332 2459 1419 2538; x_wconf 82' lang='lat' dir='ltr'><strong>visis</strong></span> <span class='ocrx_word' id='word_1_129' title='bbox 1438 2458 1675 2567; x_wconf 86' lang='lat' dir='ltr'><strong>processibus</strong></span> <span class='ocrx_word' id='word_1_130' title='bbox 1694 2473 1733 2534; x_wconf 90' lang='lat' dir='ltr'><strong>et</strong></span> <span class='ocrx_word' id='word_1_131' title='bbox 1743 2455 1921 2563; x_wconf 86' lang='lat' dir='ltr'><strong>judicatis</strong></span> 
     </span>
     <span class='ocr_line' id='line_1_15' title="bbox 497 2587 1923 2700; baseline -0.005 -31"><span class='ocrx_word' id='word_1_132' title='bbox 497 2593 620 2682; x_wconf 90' lang='lat' dir='ltr'><strong>dictis,</strong></span> <span class='ocrx_word' id='word_1_133' title='bbox 648 2594 940 2700; x_wconf 87' lang='lat' dir='ltr'><strong>pronunciatum</strong></span> <span class='ocrx_word' id='word_1_134' title='bbox 965 2593 1052 2683; x_wconf 81' lang='lat' dir='ltr'><strong>fuit,</strong></span> <span class='ocrx_word' id='word_1_135' title='bbox 1079 2621 1148 2699; x_wconf 86' lang='lat' dir='ltr'><strong>per</strong></span> <span class='ocrx_word' id='word_1_136' title='bbox 1172 2591 1275 2670; x_wconf 88' lang='lat' dir='ltr'><strong>curie</strong></span> <span class='ocrx_word' id='word_1_137' title='bbox 1304 2607 1430 2669; x_wconf 85' lang='lat' dir='ltr'><strong>nostre</strong></span> <span class='ocrx_word' id='word_1_138' title='bbox 1445 2590 1650 2700; x_wconf 88' lang='lat' dir='ltr'><strong>judicium,</strong></span> <span class='ocrx_word' id='word_1_139' title='bbox 1675 2587 1819 2666; x_wconf 91' lang='lat' dir='ltr'><strong>dictum</strong></span> <span class='ocrx_word' id='word_1_140' title='bbox 1839 2613 1923 2694; x_wconf 92' lang='lat' dir='ltr'><strong>pre-</strong></span> 
     </span>
     <span class='ocr_line' id='line_1_16' title="bbox 497 2718 1922 2835; baseline -0.006 -31"><span class='ocrx_word' id='word_1_141' title='bbox 497 2726 664 2830; x_wconf 90' lang='lat' dir='ltr'><strong>positum</strong></span> <span class='ocrx_word' id='word_1_142' title='bbox 682 2725 782 2803; x_wconf 89' lang='lat' dir='ltr'><strong>bene</strong></span> <span class='ocrx_word' id='word_1_143' title='bbox 802 2726 1009 2835; x_wconf 87' lang='lat' dir='ltr'><strong>judicasse,</strong></span> <span class='ocrx_word' id='word_1_144' title='bbox 1031 2742 1069 2802; x_wconf 89' lang='lat' dir='ltr'><strong>et</strong></span> <span class='ocrx_word' id='word_1_145' title='bbox 1090 2723 1233 2802; x_wconf 90' lang='lat' dir='ltr'><strong>dictum</strong></span> <span class='ocrx_word' id='word_1_146' title='bbox 1264 2723 1499 2830; x_wconf 84' lang='lat' dir='ltr'><strong>Stephanum</strong></span> <span class='ocrx_word' id='word_1_147' title='bbox 1525 2721 1623 2800; x_wconf 86' lang='lat' dir='ltr'><strong>male</strong></span> <span class='ocrx_word' id='word_1_148' title='bbox 1645 2718 1869 2828; x_wconf 84' lang='lat' dir='ltr'><strong>appellasse,</strong></span> <span class='ocrx_word' id='word_1_149' title='bbox 1885 2737 1922 2797; x_wconf 87' lang='lat' dir='ltr'><strong>et</strong></span> 
     </span>
    </p>

    <p class='ocr_par' dir='ltr' id='par_1_3' title="bbox 497 2854 1039 2960">
     <span class='ocr_line' id='line_1_17' title="bbox 497 2854 1039 2960; baseline -0.002 -27"><span class='ocrx_word' id='word_1_150' title='bbox 497 2855 603 2960; x_wconf 89' lang='lat' dir='ltr'><strong>quod</strong></span> <span class='ocrx_word' id='word_1_151' title='bbox 621 2856 701 2960; x_wconf 89' lang='lat' dir='ltr'><strong>ipse</strong></span> <span class='ocrx_word' id='word_1_152' title='bbox 720 2855 794 2933; x_wconf 92' lang='lat' dir='ltr'><strong>hoc</strong></span> <span class='ocrx_word' id='word_1_153' title='bbox 815 2854 1039 2933; x_wconf 85' lang='lat' dir='ltr'><strong>emendavit.</strong></span> 
     </span>
    </p>

    <p class='ocr_par' dir='ltr' id='par_1_4' title="bbox 554 2984 1331 3092">
     <span class='ocr_line' id='line_1_18' title="bbox 554 2984 1331 3092; baseline -0.001 -30"><span class='ocrx_word' id='word_1_154' title='bbox 554 2984 684 3063; x_wconf 89' lang='lat' dir='ltr'><strong>Martis</strong></span> <span class='ocrx_word' id='word_1_155' title='bbox 703 3002 790 3092; x_wconf 89' lang='lat' dir='ltr'><strong>post</strong></span> <span class='ocrx_word' id='word_1_156' title='bbox 805 2984 1142 3064; x_wconf 87' lang='lat' dir='ltr'><strong>Circumcisionem</strong></span> <span class='ocrx_word' id='word_1_157' title='bbox 1164 2985 1331 3063; x_wconf 90' lang='lat' dir='ltr'><strong>Domini.</strong></span> 
     </span>
    </p>
   </div>
   <div class='ocr_carea' id='block_1_3' title="bbox 555 3113 943 3222">
    <p class='ocr_par' dir='ltr' id='par_1_5' title="bbox 555 3113 943 3222">
     <span class='ocr_line' id='line_1_19' title="bbox 555 3113 943 3222; baseline 0 -31"><span class='ocrx_word' id='word_1_158' title='bbox 555 3113 713 3192; x_wconf 87' lang='lat' dir='ltr'><strong>Cuillier</strong></span> <span class='ocrx_word' id='word_1_159' title='bbox 731 3116 943 3222; x_wconf 86' lang='lat' dir='ltr'><strong>reportavit.</strong></span> 
     </span>
    </p>
   </div>
   <div class='ocr_carea' id='block_1_4' title="bbox 493 3377 1919 5186">
    <p class='ocr_par' dir='ltr' id='par_1_6' title="bbox 493 3377 1919 5186">
     <span class='ocr_line' id='line_1_20' title="bbox 553 3377 1917 3484; baseline -0.001 -30"><span class='ocrx_word' id='word_1_160' title='bbox 553 3377 695 3457; x_wconf 85' lang='lat' dir='ltr'><strong>XXXV.</strong></span> <span class='ocrx_word' id='word_1_161' title='bbox 726 3379 826 3456; x_wconf 91' lang='lat' dir='ltr'><strong>Mota</strong></span> <span class='ocrx_word' id='word_1_162' title='bbox 847 3379 1097 3457; x_wconf 85' lang='lat' dir='ltr'><strong>controversia</strong></span> <span class='ocrx_word' id='word_1_163' title='bbox 1116 3380 1215 3456; x_wconf 88' lang='lat' dir='ltr'><strong>inter</strong></span> <span class='ocrx_word' id='word_1_164' title='bbox 1240 3379 1435 3455; x_wconf 87' lang='lat' dir='ltr'><strong>Huardum</strong></span> <span class='ocrx_word' id='word_1_165' title='bbox 1461 3379 1616 3484; x_wconf 88' lang='lat' dir='ltr'><strong>Hapart,</strong></span> <span class='ocrx_word' id='word_1_166' title='bbox 1639 3405 1683 3456; x_wconf 85' lang='lat' dir='ltr'><strong>cx</strong></span> <span class='ocrx_word' id='word_1_167' title='bbox 1703 3403 1779 3456; x_wconf 87' lang='lat' dir='ltr'><strong>una</strong></span> <span class='ocrx_word' id='word_1_168' title='bbox 1798 3395 1917 3484; x_wconf 88' lang='lat' dir='ltr'><strong>parte,</strong></span> 
     </span>
     <span class='ocr_line' id='line_1_21' title="bbox 498 3505 1917 3595; baseline 0.002 -12"><span class='ocrx_word' id='word_1_169' title='bbox 498 3521 535 3583; x_wconf 88' lang='lat' dir='ltr'><strong>et</strong></span> <span class='ocrx_word' id='word_1_170' title='bbox 558 3505 743 3585; x_wconf 90' lang='lat' dir='ltr'><strong>Guiotum</strong></span> <span class='ocrx_word' id='word_1_171' title='bbox 772 3505 965 3586; x_wconf 87' lang='lat' dir='ltr'><strong>Robinum</strong></span> <span class='ocrx_word' id='word_1_172' title='bbox 991 3525 1030 3585; x_wconf 91' lang='lat' dir='ltr'><strong>et</strong></span> <span class='ocrx_word' id='word_1_173' title='bbox 1058 3510 1284 3594; x_wconf 81' lang='lat' dir='ltr'><strong>Martinam,</strong></span> <span class='ocrx_word' id='word_1_174' title='bbox 1313 3507 1443 3586; x_wconf 85' lang='lat' dir='ltr'><strong>fratres</strong></span> <span class='ocrx_word' id='word_1_175' title='bbox 1468 3525 1504 3586; x_wconf 87' lang='lat' dir='ltr'><strong>et</strong></span> <span class='ocrx_word' id='word_1_176' title='bbox 1536 3509 1696 3587; x_wconf 88' lang='lat' dir='ltr'><strong>heredes</strong></span> <span class='ocrx_word' id='word_1_177' title='bbox 1721 3507 1917 3595; x_wconf 87' lang='lat' dir='ltr'><strong>Ysabcllis,</strong></span> 
     </span>
     <span class='ocr_line' id='line_1_22' title="bbox 497 3637 1919 3747; baseline 0 -31"><span class='ocrx_word' id='word_1_178' title='bbox 497 3639 622 3716; x_wconf 81' lang='lat' dir='ltr'><strong>uxoris</strong></span> <span class='ocrx_word' id='word_1_179' title='bbox 637 3637 832 3744; x_wconf 86' lang='lat' dir='ltr'><strong>quondam</strong></span> <span class='ocrx_word' id='word_1_180' title='bbox 844 3639 933 3716; x_wconf 87' lang='lat' dir='ltr'><strong>dicti</strong></span> <span class='ocrx_word' id='word_1_181' title='bbox 948 3639 1089 3717; x_wconf 87' lang='lat' dir='ltr'><strong>Huardi</strong></span> <span class='ocrx_word' id='word_1_182' title='bbox 1106 3638 1300 3727; x_wconf 80' lang='lat' dir='ltr'><strong>defuncte,</strong></span> <span class='ocrx_word' id='word_1_183' title='bbox 1321 3655 1359 3716; x_wconf 89' lang='lat' dir='ltr'><strong>et</strong></span> <span class='ocrx_word' id='word_1_184' title='bbox 1377 3667 1461 3728; x_wconf 90' lang='lat' dir='ltr'><strong>nos,</strong></span> <span class='ocrx_word' id='word_1_185' title='bbox 1479 3669 1525 3718; x_wconf 79' lang='lat' dir='ltr'><strong>er</strong></span> <span class='ocrx_word' id='word_1_186' title='bbox 1536 3640 1671 3729; x_wconf 89' lang='lat' dir='ltr'><strong>altera,</strong></span> <span class='ocrx_word' id='word_1_187' title='bbox 1687 3669 1799 3747; x_wconf 89' lang='lat' dir='ltr'><strong>super</strong></span> <span class='ocrx_word' id='word_1_188' title='bbox 1811 3639 1919 3718; x_wconf 90' lang='lat' dir='ltr'><strong>bonis</strong></span> 
     </span>
     <span class='ocr_line' id='line_1_23' title="bbox 497 3765 1918 3873; baseline 0.004 -30"><span class='ocrx_word' id='word_1_189' title='bbox 497 3765 667 3844; x_wconf 83' lang='lat' dir='ltr'><strong>recolatis</strong></span> <span class='ocrx_word' id='word_1_190' title='bbox 685 3795 754 3873; x_wconf 88' lang='lat' dir='ltr'><strong>per</strong></span> <span class='ocrx_word' id='word_1_191' title='bbox 770 3767 916 3846; x_wconf 91' lang='lat' dir='ltr'><strong>dictum</strong></span> <span class='ocrx_word' id='word_1_192' title='bbox 933 3768 1131 3846; x_wconf 89' lang='lat' dir='ltr'><strong>Huardum</strong></span> <span class='ocrx_word' id='word_1_193' title='bbox 1151 3799 1227 3848; x_wconf 88' lang='lat' dir='ltr'><strong>non</strong></span> <span class='ocrx_word' id='word_1_194' title='bbox 1242 3769 1430 3849; x_wconf 90' lang='lat' dir='ltr'><strong>contentis</strong></span> <span class='ocrx_word' id='word_1_195' title='bbox 1448 3771 1486 3847; x_wconf 89' lang='lat' dir='ltr'><strong>in</strong></span> <span class='ocrx_word' id='word_1_196' title='bbox 1506 3771 1713 3850; x_wconf 85' lang='lat' dir='ltr'><strong>inventario</strong></span> <span class='ocrx_word' id='word_1_197' title='bbox 1727 3771 1918 3850; x_wconf 85' lang='lat' dir='ltr'><strong>bonomrn</strong></span> 
     </span>
     <span class='ocr_line' id='line_1_24' title="bbox 497 3895 1919 4008; baseline 0.001 -34"><span class='ocrx_word' id='word_1_198' title='bbox 497 3897 596 3974; x_wconf 92' lang='lat' dir='ltr'><strong>dicte</strong></span> <span class='ocrx_word' id='word_1_199' title='bbox 618 3895 814 3986; x_wconf 78' lang='lat' dir='ltr'><strong>defuncte,</strong></span> <span class='ocrx_word' id='word_1_200' title='bbox 837 3925 912 4005; x_wconf 91' lang='lat' dir='ltr'><strong>que</strong></span> <span class='ocrx_word' id='word_1_201' title='bbox 939 3898 1038 3978; x_wconf 88' lang='lat' dir='ltr'><strong>bona</strong></span> <span class='ocrx_word' id='word_1_202' title='bbox 1060 3899 1169 3976; x_wconf 91' lang='lat' dir='ltr'><strong>nobis</strong></span> <span class='ocrx_word' id='word_1_203' title='bbox 1197 3917 1235 3978; x_wconf 88' lang='lat' dir='ltr'><strong>et</strong></span> <span class='ocrx_word' id='word_1_204' title='bbox 1262 3895 1371 3978; x_wconf 91' lang='lat' dir='ltr'><strong>dictis</strong></span> <span class='ocrx_word' id='word_1_205' title='bbox 1395 3900 1621 3994; x_wconf 86' lang='lat' dir='ltr'><strong>heredibus,</strong></span> <span class='ocrx_word' id='word_1_206' title='bbox 1649 3931 1716 4008; x_wconf 90' lang='lat' dir='ltr'><strong>per</strong></span> <span class='ocrx_word' id='word_1_207' title='bbox 1735 3919 1919 3980; x_wconf 85' lang='lat' dir='ltr'><strong>arrestum</strong></span> 
     </span>
     <span class='ocr_line' id='line_1_25' title="bbox 496 4027 1919 4138; baseline 0.005 -36"><span class='ocrx_word' id='word_1_208' title='bbox 496 4043 624 4105; x_wconf 70' lang='lat' dir='ltr'><strong>nosue</strong></span> <span class='ocrx_word' id='word_1_209' title='bbox 641 4028 762 4116; x_wconf 82' lang='lat' dir='ltr'><strong>crrrie,</strong></span> <span class='ocrx_word' id='word_1_210' title='bbox 781 4027 971 4106; x_wconf 88' lang='lat' dir='ltr'><strong>debebant</strong></span> <span class='ocrx_word' id='word_1_211' title='bbox 983 4029 1181 4138; x_wconf 86' lang='lat' dir='ltr'><strong>applicari,</strong></span> <span class='ocrx_word' id='word_1_212' title='bbox 1200 4048 1237 4110; x_wconf 88' lang='lat' dir='ltr'><strong>et</strong></span> <span class='ocrx_word' id='word_1_213' title='bbox 1252 4043 1364 4138; x_wconf 84' lang='lat' dir='ltr'><strong>super</strong></span> <span class='ocrx_word' id='word_1_214' title='bbox 1377 4031 1606 4138; x_wconf 85' lang='lat' dir='ltr'><strong>quibusdam</strong></span> <span class='ocrx_word' id='word_1_215' title='bbox 1621 4032 1799 4122; x_wconf 77' lang='lat' dir='ltr'><strong>reserassis</strong></span> <span class='ocrx_word' id='word_1_216' title='bbox 1813 4031 1919 4110; x_wconf 87' lang='lat' dir='ltr'><strong>factis</strong></span> 
     </span>
     <span class='ocr_line' id='line_1_26' title="bbox 496 4156 1918 4270; baseline 0.005 -37"><span class='ocrx_word' id='word_1_217' title='bbox 496 4156 707 4262; x_wconf 88' lang='lat' dir='ltr'><strong>peripsum</strong></span> <span class='ocrx_word' id='word_1_218' title='bbox 729 4158 945 4249; x_wconf 89' lang='lat' dir='ltr'><strong>Huardum,</strong></span> <span class='ocrx_word' id='word_1_219' title='bbox 971 4178 1015 4239; x_wconf 90' lang='lat' dir='ltr'><strong>ut</strong></span> <span class='ocrx_word' id='word_1_220' title='bbox 1038 4159 1186 4252; x_wconf 87' lang='lat' dir='ltr'><strong>dicitur,</strong></span> <span class='ocrx_word' id='word_1_221' title='bbox 1209 4181 1339 4241; x_wconf 88' lang='lat' dir='ltr'><strong>contra</strong></span> <span class='ocrx_word' id='word_1_222' title='bbox 1359 4182 1490 4270; x_wconf 84' lang='lat' dir='ltr'><strong>gentes</strong></span> <span class='ocrx_word' id='word_1_223' title='bbox 1509 4182 1654 4243; x_wconf 90' lang='lat' dir='ltr'><strong>nostras</strong></span> <span class='ocrx_word' id='word_1_224' title='bbox 1673 4163 1842 4242; x_wconf 86' lang='lat' dir='ltr'><strong>volentes</strong></span> <span class='ocrx_word' id='word_1_225' title='bbox 1862 4191 1918 4242; x_wconf 90' lang='lat' dir='ltr'><strong>ca-</strong></span> 
     </span>
     <span class='ocr_line' id='line_1_27' title="bbox 495 4289 1919 4400; baseline 0.005 -37"><span class='ocrx_word' id='word_1_226' title='bbox 495 4315 586 4392; x_wconf 90' lang='lat' dir='ltr'><strong>pere</strong></span> <span class='ocrx_word' id='word_1_227' title='bbox 598 4303 636 4364; x_wconf 86' lang='lat' dir='ltr'><strong>et</strong></span> <span class='ocrx_word' id='word_1_228' title='bbox 645 4289 807 4368; x_wconf 89' lang='lat' dir='ltr'><strong>vendere</strong></span> <span class='ocrx_word' id='word_1_229' title='bbox 820 4290 921 4368; x_wconf 90' lang='lat' dir='ltr'><strong>bona</strong></span> <span class='ocrx_word' id='word_1_230' title='bbox 931 4321 998 4370; x_wconf 87' lang='lat' dir='ltr'><strong>sua</strong></span> <span class='ocrx_word' id='word_1_231' title='bbox 1009 4322 1079 4400; x_wconf 94' lang='lat' dir='ltr'><strong>pro</strong></span> <span class='ocrx_word' id='word_1_232' title='bbox 1092 4293 1253 4372; x_wconf 90' lang='lat' dir='ltr'><strong>emenda</strong></span> <span class='ocrx_word' id='word_1_233' title='bbox 1267 4311 1393 4372; x_wconf 85' lang='lat' dir='ltr'><strong>nostra</strong></span> <span class='ocrx_word' id='word_1_234' title='bbox 1407 4295 1512 4374; x_wconf 90' lang='lat' dir='ltr'><strong>mille</strong></span> <span class='ocrx_word' id='word_1_235' title='bbox 1529 4295 1711 4374; x_wconf 89' lang='lat' dir='ltr'><strong>librarum</strong></span> <span class='ocrx_word' id='word_1_236' title='bbox 1720 4297 1919 4373; x_wconf 88' lang='lat' dir='ltr'><strong>Turonen-</strong></span> 
     </span>
     <span class='ocr_line' id='line_1_28' title="bbox 495 4418 1918 4530; baseline 0.007 -37"><span class='ocrx_word' id='word_1_237' title='bbox 495 4418 610 4508; x_wconf 91' lang='lat' dir='ltr'><strong>sium,</strong></span> <span class='ocrx_word' id='word_1_238' title='bbox 628 4419 667 4496; x_wconf 93' lang='lat' dir='ltr'><strong>in</strong></span> <span class='ocrx_word' id='word_1_239' title='bbox 677 4449 752 4527; x_wconf 90' lang='lat' dir='ltr'><strong>qua</strong></span> <span class='ocrx_word' id='word_1_240' title='bbox 761 4421 922 4528; x_wconf 84' lang='lat' dir='ltr'><strong>pecunie</strong></span> <span class='ocrx_word' id='word_1_241' title='bbox 933 4451 1082 4503; x_wconf 86' lang='lat' dir='ltr'><strong>summa</strong></span> <span class='ocrx_word' id='word_1_242' title='bbox 1094 4424 1216 4504; x_wconf 92' lang='lat' dir='ltr'><strong>dictus</strong></span> <span class='ocrx_word' id='word_1_243' title='bbox 1231 4425 1404 4503; x_wconf 88' lang='lat' dir='ltr'><strong>Huardus</strong></span> <span class='ocrx_word' id='word_1_244' title='bbox 1416 4424 1488 4502; x_wconf 84' lang='lat' dir='ltr'><strong>fuit</strong></span> <span class='ocrx_word' id='word_1_245' title='bbox 1500 4425 1611 4505; x_wconf 89' lang='lat' dir='ltr'><strong>nobis</strong></span> <span class='ocrx_word' id='word_1_246' title='bbox 1621 4425 1918 4530; x_wconf 88' lang='lat' dir='ltr'><strong>condempnatus</strong></span> 
     </span>
     <span class='ocr_line' id='line_1_29' title="bbox 493 4554 1917 4662; baseline 0.006 -38"><span class='ocrx_word' id='word_1_247' title='bbox 493 4575 563 4654; x_wconf 89' lang='lat' dir='ltr'><strong>per</strong></span> <span class='ocrx_word' id='word_1_248' title='bbox 575 4567 759 4630; x_wconf 86' lang='lat' dir='ltr'><strong>arrestum</strong></span> <span class='ocrx_word' id='word_1_249' title='bbox 774 4569 902 4631; x_wconf 89' lang='lat' dir='ltr'><strong>nostre</strong></span> <span class='ocrx_word' id='word_1_250' title='bbox 920 4555 1044 4644; x_wconf 88' lang='lat' dir='ltr'><strong>curie,</strong></span> <span class='ocrx_word' id='word_1_251' title='bbox 1062 4557 1211 4634; x_wconf 90' lang='lat' dir='ltr'><strong>racione</strong></span> <span class='ocrx_word' id='word_1_252' title='bbox 1228 4556 1500 4636; x_wconf 87' lang='lat' dir='ltr'><strong>combustionis</strong></span> <span class='ocrx_word' id='word_1_253' title='bbox 1516 4556 1712 4662; x_wconf 87' lang='lat' dir='ltr'><strong>cujusdam</strong></span> <span class='ocrx_word' id='word_1_254' title='bbox 1726 4554 1865 4662; x_wconf 83' lang='lat' dir='ltr'><strong>papiri,</strong></span> <span class='ocrx_word' id='word_1_255' title='bbox 1881 4571 1917 4632; x_wconf 88' lang='lat' dir='ltr'><strong>ct</strong></span> 
     </span>
     <span class='ocr_line' id='line_1_30' title="bbox 494 4679 1915 4791; baseline 0.006 -38"><span class='ocrx_word' id='word_1_256' title='bbox 494 4705 607 4783; x_wconf 87' lang='lat' dir='ltr'><strong>super</strong></span> <span class='ocrx_word' id='word_1_257' title='bbox 622 4679 795 4788; x_wconf 88' lang='lat' dir='ltr'><strong>dampnis</strong></span> <span class='ocrx_word' id='word_1_258' title='bbox 806 4714 881 4791; x_wconf 92' lang='lat' dir='ltr'><strong>que</strong></span> <span class='ocrx_word' id='word_1_259' title='bbox 895 4685 986 4763; x_wconf 90' lang='lat' dir='ltr'><strong>dicti</strong></span> <span class='ocrx_word' id='word_1_260' title='bbox 1000 4686 1162 4764; x_wconf 90' lang='lat' dir='ltr'><strong>heredes</strong></span> <span class='ocrx_word' id='word_1_261' title='bbox 1176 4686 1350 4766; x_wconf 88' lang='lat' dir='ltr'><strong>dicebant</strong></span> <span class='ocrx_word' id='word_1_262' title='bbox 1365 4716 1404 4765; x_wconf 92' lang='lat' dir='ltr'><strong>se</strong></span> <span class='ocrx_word' id='word_1_263' title='bbox 1420 4686 1638 4766; x_wconf 87' lang='lat' dir='ltr'><strong>sustinuisse</strong></span> <span class='ocrx_word' id='word_1_264' title='bbox 1651 4683 1800 4764; x_wconf 86' lang='lat' dir='ltr'><strong>racione</strong></span> <span class='ocrx_word' id='word_1_265' title='bbox 1815 4684 1915 4762; x_wconf 87' lang='lat' dir='ltr'><strong>dicte</strong></span> 
     </span>
     <span class='ocr_line' id='line_1_31' title="bbox 494 4808 1913 4925; baseline 0.007 -42"><span class='ocrx_word' id='word_1_266' title='bbox 494 4808 766 4892; x_wconf 88' lang='lat' dir='ltr'><strong>combustionis</strong></span> <span class='ocrx_word' id='word_1_267' title='bbox 780 4844 789 4888; x_wconf 74' lang='grc' dir='ltr'><em>τ</em></span> <span class='ocrx_word' id='word_1_268' title='bbox 803 4817 990 4905; x_wconf 89' lang='lat' dir='ltr'><strong>Tandem,</strong></span> <span class='ocrx_word' id='word_1_269' title='bbox 1005 4817 1178 4924; x_wconf 85' lang='lat' dir='ltr'><strong>inquesta</strong></span> <span class='ocrx_word' id='word_1_270' title='bbox 1192 4847 1304 4925; x_wconf 87' lang='lat' dir='ltr'><strong>super</strong></span> <span class='ocrx_word' id='word_1_271' title='bbox 1319 4819 1391 4896; x_wconf 89' lang='lat' dir='ltr'><strong>hoc</strong></span> <span class='ocrx_word' id='word_1_272' title='bbox 1406 4818 1454 4896; x_wconf 92' lang='lat' dir='ltr'><strong>de</strong></span> <span class='ocrx_word' id='word_1_273' title='bbox 1470 4819 1647 4896; x_wconf 87' lang='lat' dir='ltr'><strong>mandato</strong></span> <span class='ocrx_word' id='word_1_274' title='bbox 1663 4817 1764 4896; x_wconf 84' lang='lat' dir='ltr'><strong>curie</strong></span> <span class='ocrx_word' id='word_1_275' title='bbox 1783 4833 1913 4894; x_wconf 88' lang='lat' dir='ltr'><strong>nostre</strong></span> 
     </span>
     <span class='ocr_line' id='line_1_32' title="bbox 493 4936 1914 5058; baseline 0.008 -45"><span class='ocrx_word' id='word_1_276' title='bbox 493 4936 588 5014; x_wconf 87' lang='lat' dir='ltr'><strong>sacta</strong></span> <span class='ocrx_word' id='word_1_277' title='bbox 606 4940 681 5018; x_wconf 87' lang='lat' dir='ltr'><strong>visa</strong></span> <span class='ocrx_word' id='word_1_278' title='bbox 700 4961 739 5020; x_wconf 93' lang='lat' dir='ltr'><strong>et</strong></span> <span class='ocrx_word' id='word_1_279' title='bbox 758 4944 957 5054; x_wconf 79' lang='lat' dir='ltr'><strong>diligenter</strong></span> <span class='ocrx_word' id='word_1_280' title='bbox 974 4948 1195 5040; x_wconf 81' lang='lat' dir='ltr'><strong>examinata,</strong></span> <span class='ocrx_word' id='word_1_281' title='bbox 1217 4949 1304 5058; x_wconf 89' lang='lat' dir='ltr'><strong>quia</strong></span> <span class='ocrx_word' id='word_1_282' title='bbox 1328 4950 1524 5028; x_wconf 89' lang='lat' dir='ltr'><strong>inventum</strong></span> <span class='ocrx_word' id='word_1_283' title='bbox 1549 4967 1605 5028; x_wconf 89' lang='lat' dir='ltr'><strong>cst</strong></span> <span class='ocrx_word' id='word_1_284' title='bbox 1629 4949 1772 5026; x_wconf 86' lang='lat' dir='ltr'><strong>dictum</strong></span> <span class='ocrx_word' id='word_1_285' title='bbox 1791 4947 1914 5024; x_wconf 89' lang='lat' dir='ltr'><strong>Huar-</strong></span> 
     </span>
     <span class='ocr_line' id='line_1_33' title="bbox 493 5067 1911 5186; baseline 0.008 -42"><span class='ocrx_word' id='word_1_286' title='bbox 493 5067 587 5146; x_wconf 92' lang='lat' dir='ltr'><strong>dum</strong></span> <span class='ocrx_word' id='word_1_287' title='bbox 604 5072 715 5151; x_wconf 89' lang='lat' dir='ltr'><strong>nohis</strong></span> <span class='ocrx_word' id='word_1_288' title='bbox 731 5074 882 5156; x_wconf 85' lang='lat' dir='ltr'><strong>solvisse</strong></span> <span class='ocrx_word' id='word_1_289' title='bbox 900 5078 1017 5158; x_wconf 86' lang='lat' dir='ltr'><strong>dictas</strong></span> <span class='ocrx_word' id='word_1_290' title='bbox 1033 5079 1138 5158; x_wconf 84' lang='lat' dir='ltr'><strong>urille</strong></span> <span class='ocrx_word' id='word_1_291' title='bbox 1158 5080 1290 5168; x_wconf 86' lang='lat' dir='ltr'><strong>libras,</strong></span> <span class='ocrx_word' id='word_1_292' title='bbox 1314 5110 1383 5160; x_wconf 90' lang='lat' dir='ltr'><strong>nec</strong></span> <span class='ocrx_word' id='word_1_293' title='bbox 1403 5080 1531 5160; x_wconf 82' lang='lat' dir='ltr'><strong>iecisse</strong></span> <span class='ocrx_word' id='word_1_294' title='bbox 1548 5108 1662 5186; x_wconf 86' lang='lat' dir='ltr'><strong>super</strong></span> <span class='ocrx_word' id='word_1_295' title='bbox 1675 5081 1748 5158; x_wconf 89' lang='lat' dir='ltr'><strong>hoc</strong></span> <span class='ocrx_word' id='word_1_296' title='bbox 1768 5077 1911 5184; x_wconf 83' lang='lat' dir='ltr'><strong>aliquas</strong></span> 
     </span>
    </p>
   </div>
   <div class='ocr_carea' id='block_1_5' title="bbox 0 0 2230 6209">
    <p class='ocr_par' dir='ltr' id='par_1_7' title="bbox 0 0 2230 6209">
     <span class='ocr_line' id='line_1_34' title="bbox 0 0 2230 6209; baseline 0 2"><span class='ocrx_word' id='word_1_297' title='bbox 0 0 2230 6209; x_wconf 95' lang='lat' dir='ltr'><strong> </strong></span> 
     </span>
    </p>
   </div>
  </div>
 </body>
</html>
