4450 6209
529 738 601 808 116
1111 733 1203 807 LES
1235 731 1376 808 OLIM.

300 887 433 942 Perurrn
443 885 486 949 tv,

362 978 425 1021 rsos.
477 969 484 984 “

1046 1052 1135 1108 Post
1163 1053 1434 1106 remansurum

582 1274 608 1351 1.
640 1273 828 1353 Gentibus
842 1271 1017 1350 scacarii:
1037 1271 1135 1351 Cum
1153 1271 1376 1350 informacio
1392 1299 1460 1380 per
1472 1271 1726 1352 Guillclmum
1742 1271 1780 1350 le
1795 1273 1947 1352 Ferrom

523 1405 634 1496 facta,
656 1403 704 1481 ad
723 1402 944 1481 instanciam
966 1403 1119 1480 Henrici
1141 1403 1190 1480 de
1210 1402 1504 1511 Heugue·Villa,
1526 1430 1639 1510 super
1660 1401 1879 1509 serjcnten'a
1902 1401 1946 1482 de

523 1534 750 1624 Pavelliaoo,
776 1563 890 1641 mam
917 1533 1176 1642 serienteriam
1204 1533 1327 1612 dictus
1351 1531 1535 1612 Henricus
1554 1532 1685 1612 asserit
1708 1531 1758 1612 ad
1784 1561 1842 1626 se,
1865 1533 1948 1640 jure

523 1667 771 1755 hereditario,
787 1666 994 1774 pertinere,
1010 1664 1163 1742 Nicoiao
1184 1665 1231 1742 de
1247 1663 1352 1744 Valle
1371 1663 1531 1742 eandem
1548 1662 1597 1742 ad
1611 1689 1697 1754 nos,
1715 1689 1795 1740 non
1813 1661 1862 1740 ad
1876 1661 1949 1740 dio-

522 1819 607 1878 tum
617 1798 841 1889 Henricum,
853 1795 1044 1905 pertinere
1055 1796 1221 1885 dicente,
1232 1795 1517 1902 presentibuset
1529 1793 1790 1874 auditisdiotis
1799 1795 1948 1872 Nicolao

525 1949 564 2010 et
576 1930 759 2018 Henrico,
773 1927 888 2006 fuerit
905 1955 950 2005 ex
963 1929 1075 2006 certis
1093 1927 1213 2008 causis
1228 1955 1297 2034 per
1313 1944 1480 2007 nostram
1495 1927 1639 2006 curiam
1651 1925 1837 2015 anullata,
1851 1926 1947 2004 salvo

519 2062 607 2170 jure
624 2061 715 2140 dicti
730 2058 900 2149 Henrici,
917 2059 1068 2166 siquod
1086 2059 1215 2137 eidem
1229 2075 1419 2166 competat
1431 2059 1471 2136 in
1484 2057 1706 2167 serjenteria
1725 2057 1944 2166 supradicta,

523 2193 748 2270 mandamus
763 2189 871 2269 robis
890 2188 1084 2296 quatinus,
1099 2191 1149 2268 ad
1164 2189 1488 2270 conservacionem
1500 2189 1597 2298 juris
1613 2189 1733 2270 nostri
1746 2217 1863 2298 super
1881 2189 1949 2268 hoc

433 2347 436 2354 ·
523 2323 782 2416 intendentes,
796 2321 828 2400 si
845 2319 970 2399 dictus
983 2322 1168 2400 Heuricus
1182 2351 1297 2428 super
1314 2323 1413 2400 dicta
1431 2321 1649 2430 serjenterie
1667 2319 1813 2430 aliquid
1823 2337 1947 2428 petere

523 2454 702 2546 voluerit,
714 2453 841 2561 ipsum
853 2480 920 2558 per
928 2452 993 2560 jus
1006 2450 1168 2542 ducatis,
1185 2469 1238 2543 et,
1255 2453 1391 2530 vocatis
1406 2451 1605 2532 defensore
1620 2469 1766 2541 nostro,
1781 2479 1850 2559 pro
1866 2451 1948 2559 jure

523 2603 655 2664 nostro
671 2583 933 2672 defendendo,
951 2601 990 2660 et
1008 2583 1091 2662 aiiis
1104 2583 1320 2676 evocandis,
1337 2611 1451 2695 super
1469 2583 1543 2664 hoo
1563 2580 1769 2662 exhibeatis
1785 2579 1949 2688 partibus

518 2717 671 2823 justicie
688 2715 1027 2823 complementum.

582 2847 748 2925 Sabbato
766 2861 854 2953 post
870 2843 1165 2938 Pentbecosten,
1186 2872 1286 2924 anno
1302 2847 1566 2928 trecentesimo
1584 2843 1715 2924 tercio.

582 3111 625 3186 Π.
655 3110 754 3188 Cum
774 3108 902 3186 dilecti
918 3125 959 3186 et
975 3108 1112 3186 fideles
1129 3109 1247 3186 nostri
1267 3109 1461 3217 quondam
1482 3109 1676 3198 Mothous,
1703 3107 1818 3186 abbas
1837 3107 1949 3186 eecle-

526 3241 579 3320 sie
599 3240 701 3320 beati
721 3242 893 3350 Dyonisii
913 3241 955 3318 in
973 3241 1146 3332 Francia,
1165 3259 1204 3320 et
1220 3242 1379 3350 Syneon,
1396 3241 1574 3322 dominus
1587 3239 1748 3352 Nigelle,
1766 3238 1945 3326 destructi,

525 3373 680 3452 nornine
694 3390 826 3452 nostro
840 3389 879 3450 et
887 3400 959 3480 pro
972 3372 1100 3461 nobis,
1120 3371 1267 3450 dudum
1280 3390 1417 3453 mutuo
1429 3373 1657 3481 recepissent
1669 3401 1690 3450 a
1700 3369 1948 3478 burgensibus
2021 3368 2026 3388 '

524 3505 612 3583 ville
630 3505 677 3582 de
690 3502 886 3594 Gandavo,
900 3532 971 3611 per
986 3532 1122 3582 manus
1137 3503 1377 3584 scabinorum
1394 3505 1566 3613 ejusdem
1579 3503 1684 3594 ville,
1704 3517 1851 3611 septem
1867 3500 1947 3578 mil-

525 3636 575 3714 lia
596 3652 634 3713 et
652 3636 877 3742 quingentas
895 3633 1010 3713 libras
1029 3638 1288 3726 Turonenses,
1311 3653 1349 3713 et
1367 3663 1481 3743 super
1497 3633 1719 3743 hujusmodi
1738 3633 1947 3739 receptione

526 3765 651 3842 mutui
672 3783 819 3843 nostras
840 3765 986 3842 eisdem
1004 3765 1075 3843 sub
1100 3765 1226 3873 sigillo
1247 3764 1295 3842 ad
1313 3793 1492 3844 coronam
1510 3782 1681 3872 patentes
1704 3763 1848 3843 litteras
1867 3791 1947 3842 con-

527 3896 740 3986 cessisseut3
767 3911 807 3972 et
824 3910 956 4001 postea
975 3895 1147 3973 debiturn
1172 3896 1247 3974 sive
1278 3895 1465 3974 creditum
1487 3895 1708 4003 hujusmodi
1736 3923 1824 3972 cum
1845 3893 1947 3972 certis

526 4025 835 4134 bonisipsorum
860 4027 1124 4135 burgensium,
1149 4044 1305 4135 propter
1329 4055 1462 4107 eorum
1488 4007 1756 4116 rebellionem,
1781 4024 1891 4103 nobis
1912 4024 1947 4100 in

528 4159 772 4237 commissum
790 4157 971 4247 venisset,
991 4157 1184 4238 intellecto
1202 4188 1327 4266 nuper
1345 4159 1451 4266 quod
1471 4157 1571 4236 dicta
1586 4150 1710 4239 littera
1729 4157 1854 4239 mutui
1869 4183 1946 4264 prc-

528 4291 619 4368 dicti
638 4290 687 4367 ad
704 4291 1030 4369 manus-Tassardi
1055 4291 1104 4370 de
1127 4289 1416 4370 Ribodi-Monte
1436 4290 1655 4382 devenerat,
1679 4288 1783 4366 idem
1807 4291 1947 4367 Tesser-

528 4421 600 4499 dus
617 4451 731 4528 super
750 4421 825 4499 boc
842 4447 912 4527 per
928 4429 1060 4528 gentes
1073 4439 1219 4508 nostras
1234 4422 1355 4531 adjus
1373 4421 1445 4500 suit
1463 4438 1630 4512 vocatusr
1653 4437 1692 4504 et
1709 4419 1869 4527 petitum
1883 4415 1948 4494 suit

527 4553 575 4630 ab
594 4554 676 4660 ipso
691 4581 761 4662 pro
777 4551 1133 4661 nobis-quodipse,
1149 4553 1298 4634 racione
1315 4554 1406 4632 dicti
1423 4553 1635 4640 commissi,
1653 4551 1764 4630 nobis
1778 4549 1948 4630 redderet

527 4683 691 4762 litteram
718 4685 946 4763 antedictam
968 4683 1029 4762 vei
1056 4714 1243 4762 summam
1267 4685 1427 4793 pecunie
1447 4684 1658 4793 predictam
1675 4683 1714 4760 in
1739 4711 1783 4764 ea
1802 4697 1947 4762 conteu-

527 4833 621 4906 tam,
644 4816 674 4892 si
696 4845 776 4894 eam
798 4816 975 4923 magister
992 4816 1199 4906 Johannos,
1223 4817 1304 4925 ejus
1318 4833 1435 4924 pater,
1459 4816 1566 4923 cujus
1585 4833 1643 4894 est
1656 4815 1782 4905 heres,
1798 4810 1948 4917 recepis-
2022 4805 2032 4866 ι’

527 4963 600 5036 set;
623 4963 789 5054 exparte
808 4975 896 5024 vero
919 4947 1009 5025 dicti
1028 4948 1219 5038 Tassardi‚
1237 4948 1412 5056 pluribus
1432 4946 1669 5035 racionibus,
1692 4945 1765 5024 suit
1783 4939 1947 5052 proposi-

526 5095 609 5156 tum
627 5107 667 5156 se
688 5077 735 5156 ad
754 5077 828 5156 hoc
842 5106 922 5156 non
940 5079 1079 5157 teneri:
1096 5079 1285 5172 Tandem,
1304 5080 1441 5188 auditis
1455 5078 1669 5158 racionibus
1681 5077 1849 5184 parcium
1865 5071 1946 5152 binc
