4450 6209
751 718 1023 830 nnourrrs
1047 736 1112 809 ur
1138 713 1347 812 proces.
1583 695 1595 707 ’
1691 735 1761 812 ιιι

336 909 431 962 num
446 897 486 979 ‚et
498 877 705 986 capitulum
720 877 979 959 Noviomensis
993 876 1168 969 ecclesie,
1186 907 1230 956 ex
1247 895 1351 986 parte
1369 905 1461 968 unu,
1486 895 1523 956 et
1543 876 1763 987 episcopum
1800 885 1931 942 enum
1943 888 1987 952 lv,

335 1011 626 1092 Noviomensem
650 1025 691 1092 et
719 1008 926 1088 Colsrdum
957 1009 1103 1088 dictum
1128 1009 1346 1098 Pocheron‚
1374 1008 1585 1088 Jobennem
1617 1008 1763 1088 dictum
1862 978 1927 1022 Μ’

338 1143 387 1224 de
402 1145 495 1254 Roy,
516 1158 556 1221 et
574 1139 760 1249 quosdam
778 1141 872 1220 dios
890 1139 1066 1220 homines
1083 1141 1171 1219 ville
1191 1140 1545 1252 Pontis-Episcopi,
1568 1170 1611 1220 ex
1629 1140 1760 1231 ebera,

336 1301 452 1384 super
472 1301 519 1352 eo
542 1272 648 1380 quod
665 1271 758 1350 dicti
781 1272 944 1350 decanus
965 1288 1003 1350 et
1023 1271 1231 1379 capitulum
1253 1271 1468 1352 asserebant
1487 1301 1526 1352 se
1544 1301 1624 1352 esse
1644 1289 1682 1351 et
1696 1273 1764 1352 diu

336 1405 452 1486 fluisse
470 1404 512 1482 in
531 1403 668 1482 saisina
681 1400 836 1509 pacifice
849 1402 997 1481 levandi
1012 1421 1053 1484 et
1066 1403 1300 1511 percipiendi
1315 1401 1556 1494 theloneum,
1572 1403 1674 1513 apud
1689 1406 1764 1482 No-

336 1537 506 1616 viomum
538 1550 578 1613 et
602 1533 703 1641 apud
726 1533 1112 1642 Pontem-Episcopi,
1139 1563 1159 1610 a
1182 1535 1355 1641 personis
1374 1535 1441 1644 qui
1460 1535 1764 1644 negociacionem

338 1667 491 1748 emendi
514 1683 553 1744 et
574 1663 766 1753 vendendi
787 1683 1005 1745 exercerent
1024 1663 1186 1756 ibidem,
1207 1693 1355 1744 necnon
1373 1665 1578 1745 emestandi
1599 1683 1637 1744 et
1651 1667 1765 1776 justi·

336 1798 462 1878 ciandi
481 1799 522 1876 in
542 1795 636 1876 locis
654 1797 696 1873 in
714 1795 855 1902 quibus
873 1796 946 1903 ipsi
968 1796 1185 1904 percipiunt
1209 1813 1246 1875 et
1269 1796 1462 1904 percipere
1488 1813 1766 1876 consueverunt

335 1931 577 2019 theloneum,
602 1928 800 2008 occasione
821 1927 993 2006 thelonei
1011 1955 1090 2006 non
1110 1927 1245 2017 soluti,
1268 1945 1362 2006 etse
1382 1955 1463 2014 esse
1482 1927 1686 2035 impeditos
1708 1929 1766 2008 in-

336 2061 465 2142 debite
485 2077 525 2139 et
542 2059 683 2170 injuste
703 2057 744 2136 in
766 2057 960 2166 premissis
983 2086 1052 2166 per
1076 2059 1197 2138 dictos
1216 2059 1435 2167 episcopum
1458 2076 1496 2138 et
1515 2059 1706 2151 homines,
1729 2074 1768 2140 et

335 2193 387 2273 ob
402 2191 477 2272 hoc
494 2207 668 2300 peterent
688 2190 778 2268 dicti
798 2190 964 2271 decanus
982 2206 1022 2268 et
1041 2188 1249 2296 capitulum
1277 2189 1421 2270 dictum
1447 2190 1766 2298 impedimentum

336 2342 375 2404 et
396 2351 552 2402 manum
576 2339 762 2415 nostram,
788 2322 829 2398 in
851 2321 1044 2430 premissis
1067 2321 1275 2428 appositam
1299 2340 1455 2430 propter
1480 2323 1660 2401 debetnm
1680 2351 1767 2431 par·

336 2456 459 2550 cium,
485 2454 669 2545 amoreri3
696 2453 806 2531 dictis
836 2452 1013 2561 episeopo
1041 2470 1080 2531 et
1103 2452 1325 2534 horninibus
1354 2481 1394 2532 se
1420 2454 1701 2561 opponentibus
1728 2471 1767 2532 et

337 2587 550 2667 dicentibus
573 2584 695 2664 dictos
715 2584 902 2663 decanum
923 2601 961 2664 et
980 2584 1188 2692 capitulum
1209 2613 1288 2666 non
1307 2585 1447 2664 habere
1462 2587 1528 2694 jus
1546 2585 1587 2664 in
1605 2588 1766 2694 premis-

335 2720 402 2813 sis,
421 2747 494 2797 nec
507 2745 588 2797 esse
609 2709 650 2794 in
669 2715 806 2794 saisina
830 2713 1104 2824 premissorum
1122 2745 1131 2794 ι
1148 2701 1526 2828 Τιιιάθιιιιιιιίοιιιὶι
1550 2745 1664 2825 super
1682 2745 1767 2824 pre-

336 2850 460 2930 missis
475 2847 625 2928 traditis
639 2864 678 2927 et
691 2845 986 2954 probationibus
1003 2846 1216 2955 productis,
1233 2847 1322 2926 visis
1339 2847 1578 2956 processibus
1591 2846 1766 2956 pluribus

337 2997 376 3060 et
398 2981 582 3090 inquestis
604 3008 719 3088 super
744 2978 937 3087 premissis
960 2977 1067 3058 sactis
1096 2998 1134 3058 et
1161 3009 1230 3088 per
1255 2979 1394 3059 dictam
1427 2979 1569 3059 curiam
1599 2997 1765 3059 nostram

337 3112 539 3222 diligenter
558 3108 793 3198 examinatis,
818 3109 906 3216 quia
927 3110 1124 3188 inventum
1151 3109 1273 3190 extitit
1295 3110 1415 3189 dictos
1436 3109 1623 3188 decanum
1647 3099 1685 3188 et
1706 3139 1766 3188 ca·

337 3244 501 3351 pitulum
515 3240 756 3352 sufficienter
777 3241 955 3349 probasse
980 3269 1021 3320 se
1041 3271 1121 3322 esse
1144 3243 1185 3321 in
1205 3242 1339 3322 saisina
1365 3241 1513 3320 levandi
1535 3259 1573 3320 et
1598 3241 1765 3320 habendi

336 3375 562 3454 theloneum
581 3375 622 3452 in
645 3373 734 3451 villa
759 3371 1108 3480 Pontis-Episcopi,
1135 3401 1213 3452 non
1240 3391 1369 3452 tamen
1393 3372 1600 3451 arrestandi
1626 3388 1664 3449 et
1685 3373 1767 3481 jus-

336 3506 512 3599 ticiandi,
534 3505 826 3612 pronunciatum
848 3502 936 3594 fuit,
961 3489 1031 3612 por
1055 3503 1158 3582 curie
1182 3522 1310 3583 nostre
1330 3503 1535 3614 judicium,
1562 3503 1681 3580 dictos
1702 3503 1767 3582 de-

338 3665 473 3717 canum
501 3654 539 3716 et
564 3636 774 3745 capitulum
799 3663 995 3714 remanere
1019 3635 1159 3715 debere
1190 3637 1230 3716 in
1256 3635 1392 3715 saisina
1412 3635 1581 3742 predicta
1602 3635 1642 3711 in
1668 3634 1767 3712 dicu

335 3769 424 3848 villa
454 3766 822 3875 Pontis-Episcopi,
857 3784 896 3845 et
922 3767 1194 3875 impedimenta
1226 3767 1395 3875 predicta
1425 3781 1464 3844 et
1492 3793 1646 3843 manum
1677 3791 1766 3844 nos·
1861 3821 1863 3826 -

335 3917 450 3996 tram,
471 3901 511 3980 in
529 3899 724 4009 premissis
740 3916 894 4006 propter
909 3889 1054 3978 dictum
1073 3899 1255 3978 debatum
1274 3896 1498 4007 appositum,
1516 3896 1679 3975 amoveri
1699 3895 1766 3975 de-
1833 3925 1836 3932 ’

336 4031 440 4111 bere.
466 4033 525 4112 De
545 4031 679 4110 ceteris
699 4057 788 4108 vero
809 4029 994 4119 articulis,
1015 4029 1191 4108 videlicet
1209 4028 1416 4108 arrestsndi
1437 4045 1476 4107 et
1489 4021 1707 4136 justiciandi
1727 4027 1767 4105 in
1869 4087 1872 4096 ,

338 4162 436 4242 dicta
462 4163 550 4242 villa
573 4159 909 4268 Pontis-Episcopi,
935 4189 1004 4268 per
1032 4159 1154 4239 dictos
1173 4161 1358 4246 decanum
1382 4175 1421 4239 et
1444 4158 1652 4266 capitulum
1679 4185 1767 4266 pro-

336 4293 484 4401 positis,
502 4293 623 4371 dictos
644 4292 864 4401 episcopum
885 4308 924 4368 et
946 4290 1122 4370 homines
1142 4289 1248 4368 duxit
1273 4291 1405 4369 eadem
1428 4290 1531 4368 curia
1552 4305 1677 4367 nostra
1704 4290 1768 4366 eb-

337 4426 552 4505 solvendos.

394 4559 501 4636 Luue
515 4573 603 4664 post
620 4557 852 4666 quindenam
867 4555 1143 4636 Penthecostes.

394 4689 627 4769 Rosselletus
645 4688 860 4796 reportavit.

394 4955 452 5032 u,
483 4954 582 5033 Cum
601 4952 836 5060 Haquinetus
856 4967 895 5030 et
907 4949 1128 5039 Vinancius,
1145 4947 1254 5059 judei
1279 4949 1325 5027 de
1340 4947 1505 5057 Dysisia,
1521 4945 1676 5039 tratres,
1695 4975 1767 5024 una

341 5113 426 5162 curn
445 5101 550 5194 patre
566 5086 752 5192 ipsorum,
775 5097 1097 5190 conquererentur
1118 5082 1166 5160 de
1186 5080 1323 5159 ballivo
1342 5079 1584 5171 Bituricensi,
1602 5077 1769 5157 dicentes

446 5262 500 5305 us
521 5262 603 5306 οιιιι.
626 5264 674 5304 ιιι.
1602 5239 1643 5304 ult
