<?xml version="1.0" encoding="UTF-8"?>
<!DOCTYPE html PUBLIC "-//W3C//DTD XHTML 1.0 Transitional//EN"
    "http://www.w3.org/TR/xhtml1/DTD/xhtml1-transitional.dtd">
<html xmlns="http://www.w3.org/1999/xhtml" xml:lang="en" lang="en">
 <head>
  <title>
</title>
<meta http-equiv="Content-Type" content="text/html;charset=utf-8" />
  <meta name='ocr-system' content='tesseract 3.04.00' />
  <meta name='ocr-capabilities' content='ocr_page ocr_carea ocr_par ocr_line ocrx_word'/>
</head>
<body>
  <div class='ocr_page' id='page_1' title='image "./lesolimouregist00parigoog_0240.png"; bbox 0 0 4450 6209; ppageno 0'>
   <div class='ocr_carea' id='block_1_1' title="bbox 766 685 1772 796">
    <p class='ocr_par' dir='ltr' id='par_1_1' title="bbox 766 685 1772 796">
     <span class='ocr_line' id='line_1_1' title="bbox 766 685 1772 796; baseline -0.006 -17"><span class='ocrx_word' id='word_1_1' title='bbox 766 687 1035 796; x_wconf 72' lang='lat' dir='ltr'><strong>nuoutrss</strong></span> <span class='ocrx_word' id='word_1_2' title='bbox 1062 705 1127 778; x_wconf 84' lang='lat' dir='ltr'><strong>nr</strong></span> <span class='ocrx_word' id='word_1_3' title='bbox 1153 685 1361 778; x_wconf 77' lang='lat' dir='ltr'><strong>rnocns.</strong></span> <span class='ocrx_word' id='word_1_4' title='bbox 1398 781 1402 790; x_wconf 72' lang='grc'><em>,</em></span> <span class='ocrx_word' id='word_1_5' title='bbox 1707 700 1772 775; x_wconf 81' lang='lat' dir='ltr'><strong>uu</strong></span> 
     </span>
    </p>
   </div>
   <div class='ocr_carea' id='block_1_2' title="bbox 347 842 2003 1217">
    <p class='ocr_par' dir='ltr' id='par_1_2' title="bbox 347 842 2003 1217">
     <span class='ocr_line' id='line_1_2' title="bbox 349 842 2003 955; baseline -0.008 -29"><span class='ocrx_word' id='word_1_6' title='bbox 349 864 389 926; x_wconf 88' lang='lat' dir='ltr'><strong>et</strong></span> <span class='ocrx_word' id='word_1_7' title='bbox 403 844 696 955; x_wconf 87' lang='lat' dir='ltr'><strong>pronunciatum</strong></span> <span class='ocrx_word' id='word_1_8' title='bbox 713 847 834 924; x_wconf 91' lang='lat' dir='ltr'><strong>dictos</strong></span> <span class='ocrx_word' id='word_1_9' title='bbox 846 846 1023 924; x_wconf 86' lang='lat' dir='ltr'><strong>homines</strong></span> <span class='ocrx_word' id='word_1_10' title='bbox 1042 845 1141 924; x_wconf 90' lang='lat' dir='ltr'><strong>male</strong></span> <span class='ocrx_word' id='word_1_11' title='bbox 1156 845 1363 955; x_wconf 89' lang='lat' dir='ltr'><strong>judicasse,</strong></span> <span class='ocrx_word' id='word_1_12' title='bbox 1388 861 1427 922; x_wconf 90' lang='lat' dir='ltr'><strong>et</strong></span> <span class='ocrx_word' id='word_1_13' title='bbox 1444 843 1613 922; x_wconf 88' lang='lat' dir='ltr'><strong>relictam</strong></span> <span class='ocrx_word' id='word_1_14' title='bbox 1632 842 1781 948; x_wconf 70' lang='lat' dir='ltr'><strong>predic</strong></span> <span class='ocrx_word' id='word_1_15' title='bbox 1811 849 1941 904; x_wconf 58' lang='lat' dir='ltr'><strong>Pauus·</strong></span> <span class='ocrx_word' id='word_1_16' title='bbox 1960 849 2003 913; x_wconf 85' lang='lat' dir='ltr'><strong>tv,</strong></span> 
     </span>
     <span class='ocr_line' id='line_1_3' title="bbox 347 940 1943 1086; baseline -0.004 -30"><span class='ocrx_word' id='word_1_17' title='bbox 347 995 426 1056; x_wconf 91' lang='lat' dir='ltr'><strong>tam</strong></span> <span class='ocrx_word' id='word_1_18' title='bbox 448 977 547 1056; x_wconf 91' lang='lat' dir='ltr'><strong>bene</strong></span> <span class='ocrx_word' id='word_1_19' title='bbox 572 977 799 1086; x_wconf 80' lang='lat' dir='ltr'><strong>appellasse,</strong></span> <span class='ocrx_word' id='word_1_20' title='bbox 821 977 927 1054; x_wconf 89' lang='lat' dir='ltr'><strong>etad</strong></span> <span class='ocrx_word' id='word_1_21' title='bbox 947 979 1169 1056; x_wconf 90' lang='lat' dir='ltr'><strong>mandatum</strong></span> <span class='ocrx_word' id='word_1_22' title='bbox 1189 993 1317 1055; x_wconf 88' lang='lat' dir='ltr'><strong>nostre</strong></span> <span class='ocrx_word' id='word_1_23' title='bbox 1341 976 1443 1053; x_wconf 93' lang='lat' dir='ltr'><strong>curie</strong></span> <span class='ocrx_word' id='word_1_24' title='bbox 1462 991 1682 1082; x_wconf 86' lang='lat' dir='ltr'><strong>procurator</strong></span> <span class='ocrx_word' id='word_1_25' title='bbox 1703 972 1781 1050; x_wconf 90' lang='lat' dir='ltr'><strong>dic·</strong></span> <span class='ocrx_word' id='word_1_26' title='bbox 1879 940 1943 984; x_wconf 54' lang='lat' dir='ltr'><strong>lm</strong></span> 
     </span>
     <span class='ocr_line' id='line_1_4' title="bbox 347 1106 1449 1217; baseline -0.004 -30"><span class='ocrx_word' id='word_1_27' title='bbox 347 1125 476 1187; x_wconf 89' lang='lat' dir='ltr'><strong>torum</strong></span> <span class='ocrx_word' id='word_1_28' title='bbox 491 1106 694 1185; x_wconf 91' lang='lat' dir='ltr'><strong>bominum</strong></span> <span class='ocrx_word' id='word_1_29' title='bbox 713 1136 828 1213; x_wconf 89' lang='lat' dir='ltr'><strong>super</strong></span> <span class='ocrx_word' id='word_1_30' title='bbox 841 1108 917 1185; x_wconf 88' lang='lat' dir='ltr'><strong>boc</strong></span> <span class='ocrx_word' id='word_1_31' title='bbox 930 1107 1043 1186; x_wconf 89' lang='lat' dir='ltr'><strong>nobis</strong></span> <span class='ocrx_word' id='word_1_32' title='bbox 1063 1108 1222 1217; x_wconf 87' lang='lat' dir='ltr'><strong>gagiavit</strong></span> <span class='ocrx_word' id='word_1_33' title='bbox 1237 1108 1449 1186; x_wconf 85' lang='lat' dir='ltr'><strong>emendam.</strong></span> 
     </span>
    </p>
   </div>
   <div class='ocr_carea' id='block_1_3' title="bbox 404 1239 1080 1319">
    <p class='ocr_par' dir='ltr' id='par_1_3' title="bbox 404 1239 1080 1319">
     <span class='ocr_line' id='line_1_5' title="bbox 404 1239 1080 1319; baseline 0 -1"><span class='ocrx_word' id='word_1_34' title='bbox 404 1239 558 1319; x_wconf 81' lang='lat' dir='ltr'><strong>sabbati</strong></span> <span class='ocrx_word' id='word_1_35' title='bbox 574 1256 661 1316; x_wconf 90' lang='lat' dir='ltr'><strong>ante</strong></span> <span class='ocrx_word' id='word_1_36' title='bbox 682 1240 862 1318; x_wconf 89' lang='lat' dir='ltr'><strong>Sanctum</strong></span> <span class='ocrx_word' id='word_1_37' title='bbox 878 1240 1080 1319; x_wconf 82' lang='lat' dir='ltr'><strong>Andream.</strong></span> 
     </span>
    </p>
   </div>
   <div class='ocr_carea' id='block_1_4' title="bbox 346 1503 1790 2404">
    <p class='ocr_par' dir='ltr' id='par_1_4' title="bbox 346 1503 1790 2404">
     <span class='ocr_line' id='line_1_6' title="bbox 404 1503 1783 1610; baseline 0.001 -28"><span class='ocrx_word' id='word_1_38' title='bbox 404 1506 447 1582; x_wconf 89' lang='lat' dir='ltr'><strong>V.</strong></span> <span class='ocrx_word' id='word_1_39' title='bbox 478 1503 565 1584; x_wconf 89' lang='lat' dir='ltr'><strong>Visa</strong></span> <span class='ocrx_word' id='word_1_40' title='bbox 585 1504 758 1610; x_wconf 88' lang='lat' dir='ltr'><strong>inquesta</strong></span> <span class='ocrx_word' id='word_1_41' title='bbox 777 1505 876 1582; x_wconf 91' lang='lat' dir='ltr'><strong>inter</strong></span> <span class='ocrx_word' id='word_1_42' title='bbox 895 1505 1071 1584; x_wconf 76' lang='lat' dir='ltr'><strong>abbatem</strong></span> <span class='ocrx_word' id='word_1_43' title='bbox 1091 1523 1130 1583; x_wconf 89' lang='lat' dir='ltr'><strong>et</strong></span> <span class='ocrx_word' id='word_1_44' title='bbox 1149 1523 1375 1585; x_wconf 89' lang='lat' dir='ltr'><strong>conventum</strong></span> <span class='ocrx_word' id='word_1_45' title='bbox 1395 1505 1695 1585; x_wconf 89' lang='lat' dir='ltr'><strong>Sancti-Victoris</strong></span> <span class='ocrx_word' id='word_1_46' title='bbox 1713 1505 1783 1584; x_wconf 82' lang='lat' dir='ltr'><strong>Pa-</strong></span> 
     </span>
     <span class='ocr_line' id='line_1_7' title="bbox 348 1635 1783 1747; baseline 0.001 -33"><span class='ocrx_word' id='word_1_47' title='bbox 348 1635 536 1726; x_wconf 88' lang='lat' dir='ltr'><strong>risiensis,</strong></span> <span class='ocrx_word' id='word_1_48' title='bbox 559 1653 599 1713; x_wconf 90' lang='lat' dir='ltr'><strong>et</strong></span> <span class='ocrx_word' id='word_1_49' title='bbox 615 1635 798 1713; x_wconf 81' lang='lat' dir='ltr'><strong>ballivum</strong></span> <span class='ocrx_word' id='word_1_50' title='bbox 813 1636 1149 1726; x_wconf 76' lang='lat' dir='ltr'><strong>silvanectensem,</strong></span> <span class='ocrx_word' id='word_1_51' title='bbox 1170 1665 1239 1744; x_wconf 92' lang='lat' dir='ltr'><strong>pro</strong></span> <span class='ocrx_word' id='word_1_52' title='bbox 1254 1637 1411 1716; x_wconf 89' lang='lat' dir='ltr'><strong>domino</strong></span> <span class='ocrx_word' id='word_1_53' title='bbox 1429 1641 1546 1747; x_wconf 85' lang='lat' dir='ltr'><strong>Rege,</strong></span> <span class='ocrx_word' id='word_1_54' title='bbox 1563 1637 1658 1715; x_wconf 87' lang='lat' dir='ltr'><strong>lacta</strong></span> <span class='ocrx_word' id='word_1_55' title='bbox 1670 1668 1783 1747; x_wconf 88' lang='lat' dir='ltr'><strong>super</strong></span> 
     </span>
     <span class='ocr_line' id='line_1_8' title="bbox 348 1767 1781 1878; baseline 0.002 -34"><span class='ocrx_word' id='word_1_56' title='bbox 348 1767 482 1844; x_wconf 84' lang='lat' dir='ltr'><strong>saisina</strong></span> <span class='ocrx_word' id='word_1_57' title='bbox 497 1767 650 1873; x_wconf 88' lang='lat' dir='ltr'><strong>justicie</strong></span> <span class='ocrx_word' id='word_1_58' title='bbox 671 1783 710 1843; x_wconf 93' lang='lat' dir='ltr'><strong>et</strong></span> <span class='ocrx_word' id='word_1_59' title='bbox 725 1768 863 1876; x_wconf 82' lang='lat' dir='ltr'><strong>expleti</strong></span> <span class='ocrx_word' id='word_1_60' title='bbox 882 1768 1078 1876; x_wconf 87' lang='lat' dir='ltr'><strong>cujusdam</strong></span> <span class='ocrx_word' id='word_1_61' title='bbox 1099 1797 1205 1848; x_wconf 89' lang='lat' dir='ltr'><strong>casus</strong></span> <span class='ocrx_word' id='word_1_62' title='bbox 1224 1770 1387 1878; x_wconf 83' lang='lat' dir='ltr'><strong>mesleye</strong></span> <span class='ocrx_word' id='word_1_63' title='bbox 1409 1770 1477 1876; x_wconf 92' lang='lat' dir='ltr'><strong>qui</strong></span> <span class='ocrx_word' id='word_1_64' title='bbox 1496 1770 1536 1845; x_wconf 91' lang='lat' dir='ltr'><strong>in</strong></span> <span class='ocrx_word' id='word_1_65' title='bbox 1559 1771 1781 1847; x_wconf 87' lang='lat' dir='ltr'><strong>eorumdem</strong></span> 
     </span>
     <span class='ocr_line' id='line_1_9' title="bbox 346 1898 1790 2008; baseline 0.006 -33"><span class='ocrx_word' id='word_1_66' title='bbox 346 1898 612 2004; x_wconf 85' lang='lat' dir='ltr'><strong>religiosorum</strong></span> <span class='ocrx_word' id='word_1_67' title='bbox 629 1899 781 2007; x_wconf 84' lang='lat' dir='ltr'><strong>grangia</strong></span> <span class='ocrx_word' id='word_1_68' title='bbox 802 1899 850 1976; x_wconf 89' lang='lat' dir='ltr'><strong>de</strong></span> <span class='ocrx_word' id='word_1_69' title='bbox 870 1899 1161 1980; x_wconf 81' lang='lat' dir='ltr'><strong>Amblain-Villa</strong></span> <span class='ocrx_word' id='word_1_70' title='bbox 1181 1900 1385 1991; x_wconf 88' lang='lat' dir='ltr'><strong>acciderat,</strong></span> <span class='ocrx_word' id='word_1_71' title='bbox 1408 1899 1681 2008; x_wconf 84' lang='lat' dir='ltr'><strong>perjudicium</strong></span> <span class='ocrx_word' id='word_1_72' title='bbox 1696 1931 1790 1985; x_wconf 69' lang='lat' dir='ltr'><strong>nos,</strong></span> 
     </span>
     <span class='ocr_line' id='line_1_10' title="bbox 346 2029 1783 2139; baseline 0.002 -33"><span class='ocrx_word' id='word_1_73' title='bbox 346 2046 404 2106; x_wconf 84' lang='lat' dir='ltr'><strong>tre</strong></span> <span class='ocrx_word' id='word_1_74' title='bbox 424 2030 527 2107; x_wconf 89' lang='lat' dir='ltr'><strong>curie</strong></span> <span class='ocrx_word' id='word_1_75' title='bbox 546 2029 690 2107; x_wconf 90' lang='lat' dir='ltr'><strong>dictum</strong></span> <span class='ocrx_word' id='word_1_76' title='bbox 705 2030 778 2108; x_wconf 85' lang='lat' dir='ltr'><strong>suit</strong></span> <span class='ocrx_word' id='word_1_77' title='bbox 795 2031 901 2138; x_wconf 94' lang='lat' dir='ltr'><strong>quod</strong></span> <span class='ocrx_word' id='word_1_78' title='bbox 922 2032 1100 2110; x_wconf 88' lang='lat' dir='ltr'><strong>dominus</strong></span> <span class='ocrx_word' id='word_1_79' title='bbox 1119 2035 1213 2122; x_wconf 84' lang='lat' dir='ltr'><strong>Rex,</strong></span> <span class='ocrx_word' id='word_1_80' title='bbox 1233 2050 1426 2138; x_wconf 82' lang='lat' dir='ltr'><strong>tamquam</strong></span> <span class='ocrx_word' id='word_1_81' title='bbox 1442 2037 1542 2139; x_wconf 84' lang='lat' dir='ltr'><strong>pars,</strong></span> <span class='ocrx_word' id='word_1_82' title='bbox 1561 2031 1705 2110; x_wconf 90' lang='lat' dir='ltr'><strong>dictum</strong></span> <span class='ocrx_word' id='word_1_83' title='bbox 1725 2061 1783 2109; x_wconf 89' lang='lat' dir='ltr'><strong>ca·</strong></span> 
     </span>
     <span class='ocr_line' id='line_1_11' title="bbox 348 2161 1782 2272; baseline 0.001 -33"><span class='ocrx_word' id='word_1_84' title='bbox 348 2190 433 2239; x_wconf 92' lang='lat' dir='ltr'><strong>sum</strong></span> <span class='ocrx_word' id='word_1_85' title='bbox 459 2161 622 2272; x_wconf 82' lang='lat' dir='ltr'><strong>mesleye</strong></span> <span class='ocrx_word' id='word_1_86' title='bbox 642 2162 853 2269; x_wconf 89' lang='lat' dir='ltr'><strong>justiciabit</strong></span> <span class='ocrx_word' id='word_1_87' title='bbox 876 2179 914 2241; x_wconf 86' lang='lat' dir='ltr'><strong>et</strong></span> <span class='ocrx_word' id='word_1_88' title='bbox 942 2163 1188 2272; x_wconf 85' lang='lat' dir='ltr'><strong>explectabit,</strong></span> <span class='ocrx_word' id='word_1_89' title='bbox 1217 2164 1315 2242; x_wconf 90' lang='lat' dir='ltr'><strong>salva</strong></span> <span class='ocrx_word' id='word_1_90' title='bbox 1339 2164 1450 2241; x_wconf 89' lang='lat' dir='ltr'><strong>dictis</strong></span> <span class='ocrx_word' id='word_1_91' title='bbox 1476 2163 1662 2270; x_wconf 84' lang='lat' dir='ltr'><strong>religiosis</strong></span> <span class='ocrx_word' id='word_1_92' title='bbox 1685 2166 1782 2271; x_wconf 89' lang='lat' dir='ltr'><strong>peti-</strong></span> 
     </span>
     <span class='ocr_line' id='line_1_12' title="bbox 350 2293 1779 2404; baseline 0.003 -34"><span class='ocrx_word' id='word_1_93' title='bbox 350 2293 457 2372; x_wconf 89' lang='lat' dir='ltr'><strong>cione</strong></span> <span class='ocrx_word' id='word_1_94' title='bbox 483 2310 562 2371; x_wconf 89' lang='lat' dir='ltr'><strong>tam</strong></span> <span class='ocrx_word' id='word_1_95' title='bbox 585 2296 826 2401; x_wconf 75' lang='lat' dir='ltr'><strong>proprietatis</strong></span> <span class='ocrx_word' id='word_1_96' title='bbox 852 2325 967 2403; x_wconf 91' lang='lat' dir='ltr'><strong>quam</strong></span> <span class='ocrx_word' id='word_1_97' title='bbox 990 2296 1238 2404; x_wconf 86' lang='lat' dir='ltr'><strong>possessionis</strong></span> <span class='ocrx_word' id='word_1_98' title='bbox 1265 2296 1304 2372; x_wconf 93' lang='lat' dir='ltr'><strong>in</strong></span> <span class='ocrx_word' id='word_1_99' title='bbox 1326 2295 1478 2404; x_wconf 89' lang='lat' dir='ltr'><strong>justicia</strong></span> <span class='ocrx_word' id='word_1_100' title='bbox 1504 2295 1578 2373; x_wconf 92' lang='lat' dir='ltr'><strong>loci</strong></span> <span class='ocrx_word' id='word_1_101' title='bbox 1598 2295 1779 2402; x_wconf 83' lang='lat' dir='ltr'><strong>predicti,</strong></span> 
     </span>
    </p>
   </div>
   <div class='ocr_carea' id='block_1_5' title="bbox 349 2425 1779 2666">
    <p class='ocr_par' dir='ltr' id='par_1_5' title="bbox 349 2425 1779 2666">
     <span class='ocr_line' id='line_1_13' title="bbox 349 2425 1779 2534; baseline 0.002 -32"><span class='ocrx_word' id='word_1_102' title='bbox 349 2425 379 2502; x_wconf 92' lang='lat' dir='ltr'><strong>si</strong></span> <span class='ocrx_word' id='word_1_103' title='bbox 395 2453 509 2532; x_wconf 92' lang='lat' dir='ltr'><strong>super</strong></span> <span class='ocrx_word' id='word_1_104' title='bbox 526 2426 601 2504; x_wconf 93' lang='lat' dir='ltr'><strong>hoc</strong></span> <span class='ocrx_word' id='word_1_105' title='bbox 614 2426 819 2505; x_wconf 88' lang='lat' dir='ltr'><strong>voluerunt</strong></span> <span class='ocrx_word' id='word_1_106' title='bbox 837 2444 967 2505; x_wconf 89' lang='lat' dir='ltr'><strong>contra</strong></span> <span class='ocrx_word' id='word_1_107' title='bbox 986 2426 1188 2505; x_wconf 91' lang='lat' dir='ltr'><strong>dominum</strong></span> <span class='ocrx_word' id='word_1_108' title='bbox 1203 2431 1345 2533; x_wconf 87' lang='lat' dir='ltr'><strong>Regem</strong></span> <span class='ocrx_word' id='word_1_109' title='bbox 1360 2454 1510 2504; x_wconf 88' lang='lat' dir='ltr'><strong>movere</strong></span> <span class='ocrx_word' id='word_1_110' title='bbox 1529 2427 1779 2534; x_wconf 87' lang='lat' dir='ltr'><strong>questionem.</strong></span> 
     </span>
     <span class='ocr_line' id='line_1_14' title="bbox 405 2557 1089 2666; baseline 0.003 -32"><span class='ocrx_word' id='word_1_111' title='bbox 405 2558 563 2636; x_wconf 89' lang='lat' dir='ltr'><strong>Veneris</strong></span> <span class='ocrx_word' id='word_1_112' title='bbox 582 2574 669 2666; x_wconf 88' lang='lat' dir='ltr'><strong>post</strong></span> <span class='ocrx_word' id='word_1_113' title='bbox 687 2559 867 2636; x_wconf 88' lang='lat' dir='ltr'><strong>Sanctum</strong></span> <span class='ocrx_word' id='word_1_114' title='bbox 887 2557 1089 2638; x_wconf 79' lang='lat' dir='ltr'><strong>Andream.</strong></span> 
     </span>
    </p>
   </div>
   <div class='ocr_carea' id='block_1_6' title="bbox 346 2823 1805 5147">
    <p class='ocr_par' dir='ltr' id='par_1_6' title="bbox 346 2823 1805 5147">
     <span class='ocr_line' id='line_1_15' title="bbox 404 2823 1781 2931; baseline -0.001 -28"><span class='ocrx_word' id='word_1_115' title='bbox 404 2825 464 2903; x_wconf 85' lang='lat' dir='ltr'><strong>Vl.</strong></span> <span class='ocrx_word' id='word_1_116' title='bbox 495 2823 588 2903; x_wconf 87' lang='lat' dir='ltr'><strong>Orta</strong></span> <span class='ocrx_word' id='word_1_117' title='bbox 607 2825 805 2931; x_wconf 85' lang='lat' dir='ltr'><strong>questione</strong></span> <span class='ocrx_word' id='word_1_118' title='bbox 825 2826 866 2902; x_wconf 94' lang='lat' dir='ltr'><strong>in</strong></span> <span class='ocrx_word' id='word_1_119' title='bbox 887 2827 991 2903; x_wconf 90' lang='lat' dir='ltr'><strong>curia</strong></span> <span class='ocrx_word' id='word_1_120' title='bbox 1011 2825 1170 2902; x_wconf 90' lang='lat' dir='ltr'><strong>seculari</strong></span> <span class='ocrx_word' id='word_1_121' title='bbox 1190 2825 1335 2903; x_wconf 89' lang='lat' dir='ltr'><strong>abbatis</strong></span> <span class='ocrx_word' id='word_1_122' title='bbox 1356 2843 1392 2903; x_wconf 92' lang='lat' dir='ltr'><strong>et</strong></span> <span class='ocrx_word' id='word_1_123' title='bbox 1412 2842 1618 2904; x_wconf 86' lang='lat' dir='ltr'><strong>conventus</strong></span> <span class='ocrx_word' id='word_1_124' title='bbox 1638 2827 1781 2904; x_wconf 85' lang='lat' dir='ltr'><strong>Sancti-</strong></span> 
     </span>
     <span class='ocr_line' id='line_1_16' title="bbox 348 2948 1778 3046; baseline 0.001 -11"><span class='ocrx_word' id='word_1_125' title='bbox 348 2955 749 3035; x_wconf 90' lang='lat' dir='ltr'><strong>Germani-de·Pratis</strong></span> <span class='ocrx_word' id='word_1_126' title='bbox 768 2948 987 3036; x_wconf 88' lang='lat' dir='ltr'><strong>Parisiensis</strong></span> <span class='ocrx_word' id='word_1_127' title='bbox 1006 2959 1105 3036; x_wconf 90' lang='lat' dir='ltr'><strong>inter</strong></span> <span class='ocrx_word' id='word_1_128' title='bbox 1125 2959 1339 3036; x_wconf 91' lang='lat' dir='ltr'><strong>Johannem</strong></span> <span class='ocrx_word' id='word_1_129' title='bbox 1359 2958 1407 3036; x_wconf 93' lang='lat' dir='ltr'><strong>de</strong></span> <span class='ocrx_word' id='word_1_130' title='bbox 1427 2957 1556 3046; x_wconf 90' lang='lat' dir='ltr'><strong>Bailli,</strong></span> <span class='ocrx_word' id='word_1_131' title='bbox 1580 2957 1778 3046; x_wconf 89' lang='lat' dir='ltr'><strong>clericum,</strong></span> 
     </span>
     <span class='ocr_line' id='line_1_17' title="bbox 350 3089 1778 3198; baseline 0.006 -35"><span class='ocrx_word' id='word_1_132' title='bbox 350 3117 394 3164; x_wconf 83' lang='lat' dir='ltr'><strong>ex</strong></span> <span class='ocrx_word' id='word_1_133' title='bbox 417 3117 494 3164; x_wconf 91' lang='lat' dir='ltr'><strong>una</strong></span> <span class='ocrx_word' id='word_1_134' title='bbox 517 3105 646 3196; x_wconf 81' lang='lat' dir='ltr'><strong>parte,</strong></span> <span class='ocrx_word' id='word_1_135' title='bbox 674 3105 712 3166; x_wconf 90' lang='lat' dir='ltr'><strong>et</strong></span> <span class='ocrx_word' id='word_1_136' title='bbox 735 3090 946 3168; x_wconf 89' lang='lat' dir='ltr'><strong>Johannam</strong></span> <span class='ocrx_word' id='word_1_137' title='bbox 967 3091 1003 3167; x_wconf 93' lang='lat' dir='ltr'><strong>la</strong></span> <span class='ocrx_word' id='word_1_138' title='bbox 1026 3090 1256 3186; x_wconf 88' lang='lat' dir='ltr'><strong>Bouchiere‚</strong></span> <span class='ocrx_word' id='word_1_139' title='bbox 1280 3119 1324 3168; x_wconf 88' lang='lat' dir='ltr'><strong>ex</strong></span> <span class='ocrx_word' id='word_1_140' title='bbox 1353 3090 1443 3179; x_wconf 89' lang='lat' dir='ltr'><strong>alia,</strong></span> <span class='ocrx_word' id='word_1_141' title='bbox 1471 3117 1650 3198; x_wconf 87' lang='lat' dir='ltr'><strong>supereo</strong></span> <span class='ocrx_word' id='word_1_142' title='bbox 1675 3089 1778 3198; x_wconf 85' lang='lat' dir='ltr'><strong>quod</strong></span> 
     </span>
     <span class='ocr_line' id='line_1_18' title="bbox 351 3211 1782 3330; baseline 0.003 -35"><span class='ocrx_word' id='word_1_143' title='bbox 351 3211 475 3298; x_wconf 87' lang='lat' dir='ltr'><strong>dictus</strong></span> <span class='ocrx_word' id='word_1_144' title='bbox 493 3220 685 3298; x_wconf 91' lang='lat' dir='ltr'><strong>Johanues</strong></span> <span class='ocrx_word' id='word_1_145' title='bbox 709 3222 872 3300; x_wconf 90' lang='lat' dir='ltr'><strong>duarum</strong></span> <span class='ocrx_word' id='word_1_146' title='bbox 902 3224 1105 3301; x_wconf 91' lang='lat' dir='ltr'><strong>domorum</strong></span> <span class='ocrx_word' id='word_1_147' title='bbox 1133 3222 1289 3301; x_wconf 89' lang='lat' dir='ltr'><strong>sitarum</strong></span> <span class='ocrx_word' id='word_1_148' title='bbox 1310 3223 1411 3330; x_wconf 89' lang='lat' dir='ltr'><strong>apud</strong></span> <span class='ocrx_word' id='word_1_149' title='bbox 1432 3221 1782 3301; x_wconf 86' lang='lat' dir='ltr'><strong>Sanctum-Germa-</strong></span> 
     </span>
     <span class='ocr_line' id='line_1_19' title="bbox 350 3354 1783 3441; baseline 0.002 -13"><span class='ocrx_word' id='word_1_150' title='bbox 350 3381 468 3441; x_wconf 92' lang='lat' dir='ltr'><strong>num,</strong></span> <span class='ocrx_word' id='word_1_151' title='bbox 489 3381 532 3429; x_wconf 92' lang='lat' dir='ltr'><strong>ac</strong></span> <span class='ocrx_word' id='word_1_152' title='bbox 551 3370 705 3431; x_wconf 90' lang='lat' dir='ltr'><strong>centum</strong></span> <span class='ocrx_word' id='word_1_153' title='bbox 724 3370 762 3431; x_wconf 90' lang='lat' dir='ltr'><strong>et</strong></span> <span class='ocrx_word' id='word_1_154' title='bbox 780 3383 916 3432; x_wconf 92' lang='lat' dir='ltr'><strong>novem</strong></span> <span class='ocrx_word' id='word_1_155' title='bbox 937 3355 1150 3433; x_wconf 90' lang='lat' dir='ltr'><strong>solidorum</strong></span> <span class='ocrx_word' id='word_1_156' title='bbox 1168 3355 1434 3432; x_wconf 91' lang='lat' dir='ltr'><strong>Parisiensium</strong></span> <span class='ocrx_word' id='word_1_157' title='bbox 1457 3382 1590 3432; x_wconf 90' lang='lat' dir='ltr'><strong>census</strong></span> <span class='ocrx_word' id='word_1_158' title='bbox 1609 3383 1675 3431; x_wconf 91' lang='lat' dir='ltr'><strong>seu</strong></span> <span class='ocrx_word' id='word_1_159' title='bbox 1696 3354 1783 3431; x_wconf 89' lang='lat' dir='ltr'><strong>red-</strong></span> 
     </span>
     <span class='ocr_line' id='line_1_20' title="bbox 350 3483 1777 3596; baseline 0.001 -34"><span class='ocrx_word' id='word_1_160' title='bbox 350 3485 453 3562; x_wconf 89' lang='lat' dir='ltr'><strong>ditus</strong></span> <span class='ocrx_word' id='word_1_161' title='bbox 468 3483 656 3576; x_wconf 93' lang='lat' dir='ltr'><strong>annualis,</strong></span> <span class='ocrx_word' id='word_1_162' title='bbox 678 3487 719 3563; x_wconf 94' lang='lat' dir='ltr'><strong>in</strong></span> <span class='ocrx_word' id='word_1_163' title='bbox 732 3488 850 3596; x_wconf 90' lang='lat' dir='ltr'><strong>ipsius</strong></span> <span class='ocrx_word' id='word_1_164' title='bbox 864 3488 1044 3566; x_wconf 89' lang='lat' dir='ltr'><strong>Johannis</strong></span> <span class='ocrx_word' id='word_1_165' title='bbox 1055 3488 1244 3596; x_wconf 88' lang='lat' dir='ltr'><strong>peticione</strong></span> <span class='ocrx_word' id='word_1_166' title='bbox 1261 3486 1471 3594; x_wconf 89' lang='lat' dir='ltr'><strong>specialiter</strong></span> <span class='ocrx_word' id='word_1_167' title='bbox 1486 3484 1777 3576; x_wconf 89' lang='lat' dir='ltr'><strong>declaratorum,</strong></span> 
     </span>
     <span class='ocr_line' id='line_1_21' title="bbox 349 3617 1776 3728; baseline 0.001 -33"><span class='ocrx_word' id='word_1_168' title='bbox 349 3617 611 3708; x_wconf 90' lang='lat' dir='ltr'><strong>medietatem,</strong></span> <span class='ocrx_word' id='word_1_169' title='bbox 634 3647 678 3696; x_wconf 84' lang='lat' dir='ltr'><strong>ex</strong></span> <span class='ocrx_word' id='word_1_170' title='bbox 699 3620 810 3697; x_wconf 87' lang='lat' dir='ltr'><strong>certis</strong></span> <span class='ocrx_word' id='word_1_171' title='bbox 829 3620 950 3698; x_wconf 90' lang='lat' dir='ltr'><strong>causis</strong></span> <span class='ocrx_word' id='word_1_172' title='bbox 968 3620 1009 3696; x_wconf 91' lang='lat' dir='ltr'><strong>in</strong></span> <span class='ocrx_word' id='word_1_173' title='bbox 1030 3619 1112 3728; x_wconf 89' lang='lat' dir='ltr'><strong>ejus</strong></span> <span class='ocrx_word' id='word_1_174' title='bbox 1131 3620 1319 3728; x_wconf 90' lang='lat' dir='ltr'><strong>peticione</strong></span> <span class='ocrx_word' id='word_1_175' title='bbox 1342 3619 1545 3709; x_wconf 89' lang='lat' dir='ltr'><strong>contentis,</strong></span> <span class='ocrx_word' id='word_1_176' title='bbox 1569 3617 1776 3696; x_wconf 84' lang='lat' dir='ltr'><strong>adictalo·</strong></span> 
     </span>
     <span class='ocr_line' id='line_1_22' title="bbox 348 3745 1780 3858; baseline 0.001 -33"><span class='ocrx_word' id='word_1_177' title='bbox 348 3749 473 3825; x_wconf 86' lang='lat' dir='ltr'><strong>hanna</strong></span> <span class='ocrx_word' id='word_1_178' title='bbox 493 3748 667 3856; x_wconf 89' lang='lat' dir='ltr'><strong>petebat,</strong></span> <span class='ocrx_word' id='word_1_179' title='bbox 697 3750 745 3827; x_wconf 90' lang='lat' dir='ltr'><strong>ad</strong></span> <span class='ocrx_word' id='word_1_180' title='bbox 765 3751 876 3829; x_wconf 93' lang='lat' dir='ltr'><strong>illum</strong></span> <span class='ocrx_word' id='word_1_181' title='bbox 894 3751 1012 3828; x_wconf 89' lang='lat' dir='ltr'><strong>finem</strong></span> <span class='ocrx_word' id='word_1_182' title='bbox 1032 3750 1140 3858; x_wconf 90' lang='lat' dir='ltr'><strong>quod</strong></span> <span class='ocrx_word' id='word_1_183' title='bbox 1158 3750 1414 3857; x_wconf 85' lang='lat' dir='ltr'><strong>predictarum</strong></span> <span class='ocrx_word' id='word_1_184' title='bbox 1434 3776 1563 3825; x_wconf 90' lang='lat' dir='ltr'><strong>rerum</strong></span> <span class='ocrx_word' id='word_1_185' title='bbox 1583 3745 1629 3824; x_wconf 91' lang='lat' dir='ltr'><strong>ab</strong></span> <span class='ocrx_word' id='word_1_186' title='bbox 1651 3776 1696 3826; x_wconf 92' lang='lat' dir='ltr'><strong>eo</strong></span> <span class='ocrx_word' id='word_1_187' title='bbox 1716 3777 1780 3856; x_wconf 91' lang='lat' dir='ltr'><strong>pe·</strong></span> 
     </span>
     <span class='ocr_line' id='line_1_23' title="bbox 346 3880 1781 3990; baseline 0.001 -33"><span class='ocrx_word' id='word_1_188' title='bbox 346 3881 503 3957; x_wconf 85' lang='lat' dir='ltr'><strong>titarum</strong></span> <span class='ocrx_word' id='word_1_189' title='bbox 530 3880 742 3987; x_wconf 88' lang='lat' dir='ltr'><strong>adjudicata</strong></span> <span class='ocrx_word' id='word_1_190' title='bbox 767 3882 855 3973; x_wconf 89' lang='lat' dir='ltr'><strong>sibi,</strong></span> <span class='ocrx_word' id='word_1_191' title='bbox 885 3901 1070 3990; x_wconf 89' lang='lat' dir='ltr'><strong>quantum</strong></span> <span class='ocrx_word' id='word_1_192' title='bbox 1092 3883 1141 3959; x_wconf 90' lang='lat' dir='ltr'><strong>ad</strong></span> <span class='ocrx_word' id='word_1_193' title='bbox 1160 3883 1429 3990; x_wconf 89' lang='lat' dir='ltr'><strong>proprietatem</strong></span> <span class='ocrx_word' id='word_1_194' title='bbox 1450 3896 1488 3956; x_wconf 90' lang='lat' dir='ltr'><strong>et</strong></span> <span class='ocrx_word' id='word_1_195' title='bbox 1505 3880 1781 3985; x_wconf 88' lang='lat' dir='ltr'><strong>possessionem</strong></span> 
     </span>
     <span class='ocr_line' id='line_1_24' title="bbox 347 3998 1779 4121; baseline -0.001 -32"><span class='ocrx_word' id='word_1_196' title='bbox 347 4012 552 4090; x_wconf 86' lang='lat' dir='ltr'><strong>medietate</strong></span> <span class='ocrx_word' id='word_1_197' title='bbox 573 4039 688 4119; x_wconf 89' lang='lat' dir='ltr'><strong>super</strong></span> <span class='ocrx_word' id='word_1_198' title='bbox 705 4013 794 4108; x_wconf 87' lang='lat' dir='ltr'><strong>hoc,</strong></span> <span class='ocrx_word' id='word_1_199' title='bbox 817 4043 885 4121; x_wconf 90' lang='lat' dir='ltr'><strong>per</strong></span> <span class='ocrx_word' id='word_1_200' title='bbox 908 4014 1046 4093; x_wconf 88' lang='lat' dir='ltr'><strong>dictam</strong></span> <span class='ocrx_word' id='word_1_201' title='bbox 1067 4015 1225 4106; x_wconf 89' lang='lat' dir='ltr'><strong>curiam,</strong></span> <span class='ocrx_word' id='word_1_202' title='bbox 1249 4014 1381 4091; x_wconf 91' lang='lat' dir='ltr'><strong>divisio</strong></span> <span class='ocrx_word' id='word_1_203' title='bbox 1402 4011 1512 4089; x_wconf 91' lang='lat' dir='ltr'><strong>[ieret</strong></span> <span class='ocrx_word' id='word_1_204' title='bbox 1530 3998 1628 4089; x_wconf 86' lang='lat' dir='ltr'><strong>inter</strong></span> <span class='ocrx_word' id='word_1_205' title='bbox 1648 4010 1748 4117; x_wconf 91' lang='lat' dir='ltr'><strong>ipsos</strong></span> <span class='ocrx_word' id='word_1_206' title='bbox 1771 4044 1779 4088; x_wconf 90' lang='lat'>:</span> 
     </span>
     <span class='ocr_line' id='line_1_25' title="bbox 348 4144 1805 4255; baseline -0.001 -34"><span class='ocrx_word' id='word_1_207' title='bbox 348 4145 538 4233; x_wconf 89' lang='lat' dir='ltr'><strong>Tandem,</strong></span> <span class='ocrx_word' id='word_1_208' title='bbox 560 4173 630 4252; x_wconf 87' lang='lat' dir='ltr'><strong>per</strong></span> <span class='ocrx_word' id='word_1_209' title='bbox 650 4145 748 4222; x_wconf 92' lang='lat' dir='ltr'><strong>viam</strong></span> <span class='ocrx_word' id='word_1_210' title='bbox 772 4145 1063 4254; x_wconf 88' lang='lat' dir='ltr'><strong>appellacionis,</strong></span> <span class='ocrx_word' id='word_1_211' title='bbox 1084 4146 1191 4224; x_wconf 89' lang='lat' dir='ltr'><strong>totali</strong></span> <span class='ocrx_word' id='word_1_212' title='bbox 1215 4145 1389 4255; x_wconf 87' lang='lat' dir='ltr'><strong>predicto</strong></span> <span class='ocrx_word' id='word_1_213' title='bbox 1407 4144 1586 4252; x_wconf 89' lang='lat' dir='ltr'><strong>negocio,</strong></span> <span class='ocrx_word' id='word_1_214' title='bbox 1608 4144 1713 4252; x_wconf 91' lang='lat' dir='ltr'><strong>prius</strong></span> <span class='ocrx_word' id='word_1_215' title='bbox 1733 4146 1778 4220; x_wconf 89' lang='lat' dir='ltr'><strong>ad</strong></span> <span class='ocrx_word' id='word_1_216' title='bbox 1802 4144 1805 4152; x_wconf 69' lang='grc'><strong>’</strong></span> 
     </span>
     <span class='ocr_line' id='line_1_26' title="bbox 349 4273 1776 4367; baseline -0.004 -12"><span class='ocrx_word' id='word_1_217' title='bbox 349 4274 598 4355; x_wconf 88' lang='lat' dir='ltr'><strong>Castelletum</strong></span> <span class='ocrx_word' id='word_1_218' title='bbox 628 4294 802 4354; x_wconf 89' lang='lat' dir='ltr'><strong>nostrum</strong></span> <span class='ocrx_word' id='word_1_219' title='bbox 821 4278 1086 4367; x_wconf 90' lang='lat' dir='ltr'><strong>Parisiensem,</strong></span> <span class='ocrx_word' id='word_1_220' title='bbox 1120 4297 1158 4356; x_wconf 94' lang='lat' dir='ltr'><strong>et</strong></span> <span class='ocrx_word' id='word_1_221' title='bbox 1186 4277 1326 4356; x_wconf 88' lang='lat' dir='ltr'><strong>deinde</strong></span> <span class='ocrx_word' id='word_1_222' title='bbox 1351 4277 1399 4354; x_wconf 90' lang='lat' dir='ltr'><strong>ad</strong></span> <span class='ocrx_word' id='word_1_223' title='bbox 1423 4292 1590 4353; x_wconf 90' lang='lat' dir='ltr'><strong>nostram</strong></span> <span class='ocrx_word' id='word_1_224' title='bbox 1614 4273 1776 4363; x_wconf 90' lang='lat' dir='ltr'><strong>curiam,</strong></span> 
     </span>
     <span class='ocr_line' id='line_1_27' title="bbox 351 4404 1781 4516; baseline -0.001 -32"><span class='ocrx_word' id='word_1_225' title='bbox 351 4437 437 4485; x_wconf 90' lang='lat' dir='ltr'><strong>cum</strong></span> <span class='ocrx_word' id='word_1_226' title='bbox 458 4407 577 4515; x_wconf 89' lang='lat' dir='ltr'><strong>ipsius</strong></span> <span class='ocrx_word' id='word_1_227' title='bbox 597 4436 706 4486; x_wconf 90' lang='lat' dir='ltr'><strong>cause</strong></span> <span class='ocrx_word' id='word_1_228' title='bbox 733 4408 972 4516; x_wconf 87' lang='lat' dir='ltr'><strong>processibus</strong></span> <span class='ocrx_word' id='word_1_229' title='bbox 997 4409 1205 4500; x_wconf 82' lang='lat' dir='ltr'><strong>devolutis,</strong></span> <span class='ocrx_word' id='word_1_230' title='bbox 1228 4408 1444 4514; x_wconf 88' lang='lat' dir='ltr'><strong>auditisque</strong></span> <span class='ocrx_word' id='word_1_231' title='bbox 1472 4405 1642 4514; x_wconf 84' lang='lat' dir='ltr'><strong>parcium</strong></span> <span class='ocrx_word' id='word_1_232' title='bbox 1667 4404 1781 4482; x_wconf 85' lang='lat' dir='ltr'><strong>racio·</strong></span> 
     </span>
     <span class='ocr_line' id='line_1_28' title="bbox 348 4538 1781 4650; baseline -0.003 -32"><span class='ocrx_word' id='word_1_233' title='bbox 348 4538 464 4618; x_wconf 91' lang='lat' dir='ltr'><strong>nibus</strong></span> <span class='ocrx_word' id='word_1_234' title='bbox 484 4539 573 4616; x_wconf 92' lang='lat' dir='ltr'><strong>hinc</strong></span> <span class='ocrx_word' id='word_1_235' title='bbox 593 4558 631 4618; x_wconf 92' lang='lat' dir='ltr'><strong>et</strong></span> <span class='ocrx_word' id='word_1_236' title='bbox 650 4541 757 4634; x_wconf 93' lang='lat' dir='ltr'><strong>inde,</strong></span> <span class='ocrx_word' id='word_1_237' title='bbox 780 4559 819 4620; x_wconf 91' lang='lat' dir='ltr'><strong>et</strong></span> <span class='ocrx_word' id='word_1_238' title='bbox 835 4543 923 4621; x_wconf 88' lang='lat' dir='ltr'><strong>visis</strong></span> <span class='ocrx_word' id='word_1_239' title='bbox 944 4542 1052 4620; x_wconf 90' lang='lat' dir='ltr'><strong>dictis</strong></span> <span class='ocrx_word' id='word_1_240' title='bbox 1071 4540 1311 4650; x_wconf 88' lang='lat' dir='ltr'><strong>processibus</strong></span> <span class='ocrx_word' id='word_1_241' title='bbox 1331 4555 1369 4617; x_wconf 91' lang='lat' dir='ltr'><strong>et</strong></span> <span class='ocrx_word' id='word_1_242' title='bbox 1383 4538 1561 4647; x_wconf 89' lang='lat' dir='ltr'><strong>judicatis</strong></span> <span class='ocrx_word' id='word_1_243' title='bbox 1577 4565 1692 4643; x_wconf 88' lang='lat' dir='ltr'><strong>super</strong></span> <span class='ocrx_word' id='word_1_244' title='bbox 1708 4538 1781 4616; x_wconf 94' lang='lat' dir='ltr'><strong>hoc</strong></span> 
     </span>
     <span class='ocr_line' id='line_1_29' title="bbox 349 4667 1779 4780; baseline 0 -33"><span class='ocrx_word' id='word_1_245' title='bbox 349 4669 472 4763; x_wconf 83' lang='lat' dir='ltr'><strong>factis,</strong></span> <span class='ocrx_word' id='word_1_246' title='bbox 493 4672 722 4779; x_wconf 90' lang='lat' dir='ltr'><strong>quibusdam</strong></span> <span class='ocrx_word' id='word_1_247' title='bbox 743 4703 787 4750; x_wconf 82' lang='lat' dir='ltr'><strong>ex</strong></span> <span class='ocrx_word' id='word_1_248' title='bbox 807 4675 862 4752; x_wconf 90' lang='lat' dir='ltr'><strong>eis</strong></span> <span class='ocrx_word' id='word_1_249' title='bbox 881 4704 925 4752; x_wconf 83' lang='lat' dir='ltr'><strong>ex</strong></span> <span class='ocrx_word' id='word_1_250' title='bbox 945 4692 1046 4752; x_wconf 85' lang='lat' dir='ltr'><strong>certa</strong></span> <span class='ocrx_word' id='word_1_251' title='bbox 1066 4703 1175 4751; x_wconf 88' lang='lat' dir='ltr'><strong>causa</strong></span> <span class='ocrx_word' id='word_1_252' title='bbox 1189 4698 1257 4780; x_wconf 93' lang='lat' dir='ltr'><strong>per</strong></span> <span class='ocrx_word' id='word_1_253' title='bbox 1270 4672 1413 4749; x_wconf 89' lang='lat' dir='ltr'><strong>curiam</strong></span> <span class='ocrx_word' id='word_1_254' title='bbox 1433 4686 1599 4748; x_wconf 88' lang='lat' dir='ltr'><strong>nostram</strong></span> <span class='ocrx_word' id='word_1_255' title='bbox 1617 4667 1779 4777; x_wconf 87' lang='lat' dir='ltr'><strong>rejectis,</strong></span> 
     </span>
     <span class='ocr_line' id='line_1_30' title="bbox 349 4801 1778 4913; baseline -0.002 -33"><span class='ocrx_word' id='word_1_256' title='bbox 349 4830 418 4909; x_wconf 91' lang='lat' dir='ltr'><strong>per</strong></span> <span class='ocrx_word' id='word_1_257' title='bbox 442 4803 547 4881; x_wconf 91' lang='lat' dir='ltr'><strong>curie</strong></span> <span class='ocrx_word' id='word_1_258' title='bbox 572 4820 700 4882; x_wconf 86' lang='lat' dir='ltr'><strong>nostre</strong></span> <span class='ocrx_word' id='word_1_259' title='bbox 718 4804 929 4913; x_wconf 86' lang='lat' dir='ltr'><strong>judicium,</strong></span> <span class='ocrx_word' id='word_1_260' title='bbox 953 4805 1052 4884; x_wconf 90' lang='lat' dir='ltr'><strong>dicta</strong></span> <span class='ocrx_word' id='word_1_261' title='bbox 1075 4805 1245 4884; x_wconf 88' lang='lat' dir='ltr'><strong>Johanna</strong></span> <span class='ocrx_word' id='word_1_262' title='bbox 1264 4833 1285 4882; x_wconf 87' lang='lat' dir='ltr'><strong>a</strong></span> <span class='ocrx_word' id='word_1_263' title='bbox 1307 4801 1486 4911; x_wconf 88' lang='lat' dir='ltr'><strong>predictis</strong></span> <span class='ocrx_word' id='word_1_264' title='bbox 1510 4815 1640 4878; x_wconf 84' lang='lat' dir='ltr'><strong>eontra</strong></span> <span class='ocrx_word' id='word_1_265' title='bbox 1660 4801 1778 4908; x_wconf 89' lang='lat' dir='ltr'><strong>ipsam</strong></span> 
     </span>
     <span class='ocr_line' id='line_1_31' title="bbox 347 4931 1774 5046; baseline -0.001 -35"><span class='ocrx_word' id='word_1_266' title='bbox 347 4961 416 5039; x_wconf 87' lang='lat' dir='ltr'><strong>per</strong></span> <span class='ocrx_word' id='word_1_267' title='bbox 435 4934 579 5013; x_wconf 90' lang='lat' dir='ltr'><strong>dictum</strong></span> <span class='ocrx_word' id='word_1_268' title='bbox 594 4935 804 5014; x_wconf 89' lang='lat' dir='ltr'><strong>Johannem</strong></span> <span class='ocrx_word' id='word_1_269' title='bbox 821 4936 965 5044; x_wconf 89' lang='lat' dir='ltr'><strong>petitis,</strong></span> <span class='ocrx_word' id='word_1_270' title='bbox 981 4954 1097 5046; x_wconf 89' lang='lat' dir='ltr'><strong>prout</strong></span> <span class='ocrx_word' id='word_1_271' title='bbox 1110 4937 1229 5044; x_wconf 87' lang='lat' dir='ltr'><strong>ipsius</strong></span> <span class='ocrx_word' id='word_1_272' title='bbox 1244 4937 1381 5045; x_wconf 91' lang='lat' dir='ltr'><strong>peticio</strong></span> <span class='ocrx_word' id='word_1_273' title='bbox 1397 4933 1583 5023; x_wconf 88' lang='lat' dir='ltr'><strong>continet,</strong></span> <span class='ocrx_word' id='word_1_274' title='bbox 1602 4931 1675 5012; x_wconf 88' lang='lat' dir='ltr'><strong>suit</strong></span> <span class='ocrx_word' id='word_1_275' title='bbox 1689 4962 1774 5011; x_wconf 88' lang='lat' dir='ltr'><strong>sen-</strong></span> 
     </span>
     <span class='ocr_line' id='line_1_32' title="bbox 348 5065 760 5147; baseline 0.007 -5"><span class='ocrx_word' id='word_1_276' title='bbox 348 5065 560 5145; x_wconf 84' lang='lat' dir='ltr'><strong>tencialiter</strong></span> <span class='ocrx_word' id='word_1_277' title='bbox 577 5066 760 5147; x_wconf 88' lang='lat' dir='ltr'><strong>absoluta.</strong></span> 
     </span>
    </p>
   </div>
   <div class='ocr_carea' id='block_1_7' title="bbox 0 0 2230 6209">
    <p class='ocr_par' dir='ltr' id='par_1_7' title="bbox 0 0 2230 6209">
     <span class='ocr_line' id='line_1_33' title="bbox 0 0 2230 6209; baseline 0 0"><span class='ocrx_word' id='word_1_278' title='bbox 0 0 2230 6209; x_wconf 95' lang='lat' dir='ltr'><strong> </strong></span> 
     </span>
    </p>
   </div>
  </div>
 </body>
</html>
