4450 6209
774 747 1132 857 suoutrnsnv
1159 749 1366 842 Psocns.
1441 853 1452 866 ⁸
1717 770 1787 846 its

356 937 454 1020 gem,
471 939 493 986 a
502 907 690 1016 judicato,
703 909 930 1015 porcariam
944 907 1092 988 domiui
1106 910 1254 1004 Karoli,
1271 927 1400 988 contra
1416 939 1455 988 se
1469 911 1568 990 sacto
1583 942 1653 1021 pro
1671 915 1790 993 comi·
1826 925 1956 981 Putem
1972 927 2013 990 lv,

356 1043 444 1120 tissa
462 1039 648 1148 predicta,
673 1041 763 1147 quia
780 1039 904 1144 forma
923 1040 1199 1119 commissionis
1226 1040 1321 1119 facte
1340 1069 1456 1148 super
1482 1044 1556 1140 hoc
1582 1045 1622 1120 in
1642 1073 1688 1122 ea
1712 1075 1789 1123 non
1888 1021 1952 1062 Μ’

357 1175 431 1254 suit
448 1173 658 1266 observata,
678 1173 753 1252 luit
769 1203 839 1282 per
853 1174 997 1252 cutiam
1012 1174 1181 1253 totaliter
1194 1174 1374 1267 anullata,
1398 1192 1436 1252 et
1455 1174 1503 1252 ad
1517 1176 1790 1284 inquirendum

357 1309 490 1385 iterato
509 1297 625 1413 snper
637 1306 872 1412 predictiset
885 1307 1003 1386 eciam
1018 1336 1134 1414 super
1145 1307 1235 1421 aliis¹
1247 1307 1432 1385 dictarum
1448 1309 1619 1415 parcium
1637 1326 1794 1417 attemp-

358 1440 444 1518 tatis
462 1439 553 1516 hinc
573 1438 662 1516 inde
681 1437 750 1516 fiet
769 1439 985 1518 commissio
1003 1439 1054 1517 ad
1073 1458 1195 1518 certos
1215 1440 1420 1520 auditores.

414 1570 614 1650 Dominica
633 1587 719 1678 post
739 1571 918 1648 Sanctum
937 1571 1197 1651 Vincenoium.

415 1837 490 1914 XII.
521 1836 621 1913 Cum
655 1853 783 1914 nostre
818 1836 1081 1914 denunciasset
1112 1836 1216 1914 curie
1246 1853 1468 1944 procurator
1503 1826 1669 1914 ecclesie⁸
1691 1837 1791 1916 beati

358 1967 528 2075 Dyonisii
542 1967 582 2047 in
595 1968 767 2064 Francia,
784 1967 834 2046 de
850 1968 1002 2076 speciali
1017 1968 1132 2077 garda
1148 1985 1275 2046 nostra
1291 1997 1379 2046 cum
1398 1969 1581 2048 membris
1600 1969 1677 2047 suis
1696 1969 1791 2046 exis-

358 2100 489 2188 tentis,
511 2098 618 2207 quod
641 2098 681 2176 in
696 2098 848 2208 justicia
865 2099 1055 2206 prioratus
1079 2127 1213 2176 eorum
1239 2099 1338 2176 dicte
1364 2099 1520 2178 ecclesie
1547 2099 1594 2177 de
1621 2099 1792 2206 Capella-

359 2231 486 2323 Aude,
516 2259 631 2337 super
648 2230 824 2308 homines
852 2229 997 2308 ibidem
1023 2247 1320 2322 omnmorantes,
1343 2230 1521 2309 dominus
1541 2231 1588 2309 de
1609 2231 1788 2318 Culento‚

358 2363 542 2441 violenter
556 2379 595 2440 et
612 2379 742 2440 contra
757 2363 1062 2470 prohibicionem
1076 2363 1269 2472 gencium,
1289 2363 1379 2439 dicti
1394 2363 1584 2470 prioratus
1600 2363 1709 2471 plura
1719 2391 1791 2468 ·ga··

360 2497 418 2604 gia
443 2512 592 2602 ceperat
615 2513 654 2572 et
680 2523 809 2573 secum
836 2511 1066 2602 portaverat,
1100 2511 1251 2573 etcum
1276 2493 1525 2592 multitudine
1551 2492 1726 2601 gencium
1755 2510 1793 2571 ct

359 2627 628 2735 quadrigarum
657 2655 794 2705 nemus
823 2627 913 2704 dicti
942 2626 1132 2733 prioratus
1155 2641 1343 2703 secavemt
1366 2624 1566 2732 etportari
1587 2623 1726 2701 lecerat
1745 2623 1793 2702 ad

360 2759 519 2836 domum
538 2787 666 2849 suam,
696 2775 735 2836 et
757 2757 965 2866 quemdam
985 2757 1075 2836 dicti
1094 2759 1284 2865 prioratus
1305 2755 1536 2854 monachum
1556 2785 1599 2832 ac
1624 2755 1795 2864 preposi-

358 2908 462 2983 tum,
484 2891 667 2999 perviam
688 2890 878 2997 publicam
899 2889 1130 2998 equitantes,
1156 2905 1412 2978 arrestavemt‚
1440 2887 1488 2965 de
1514 2888 1622 2994 equis
1641 2888 1719 2964 suis
1746 2886 1794 2963 ad

359 3043 498 3102 terram
518 3024 747 3131 projecerat,
777 3021 938 3131 graviter
957 3021 1215 3100 verberaverat
1239 3037 1277 3098 et
1295 3019 1567 3110 vulneraverat,
1595 3035 1632 3095 et
1659 3043 1792 3094 eorum

362 3185 481 3265 equos
501 3156 721 3262 dictumque
740 3153 978 3262 prepositum
998 3153 1157 3230 duxerat
1180 3181 1310 3231 secum
1338 3169 1485 3259 captos,
1518 3179 1631 3258 super
1648 3149 1795 3257 predio-

360 3290 411 3368 tis
429 3287 570 3396 inquiri
587 3286 748 3364 fecimus
763 3285 981 3363 veritatem:
996 3285 1084 3364 Visa
1103 3285 1218 3394 igitur
1236 3284 1426 3391 inquesta,
1448 3281 1619 3391 partibus
1638 3281 1791 3368 vocatis,

361 3422 456 3499 facta
483 3418 691 3527 superbos
716 3446 784 3524 per
808 3417 1001 3496 auditores
1028 3416 1227 3524 deputatos
1249 3445 1272 3492 a
1294 3414 1423 3507 nobis,
1454 3440 1532 3491 non
1557 3411 1794 3490 obstantibus

361 3553 503 3632 frivolis
523 3550 812 3658 excepcionibus
837 3579 882 3628 ex
902 3549 1042 3657 quibus
1060 3549 1165 3626 idem
1187 3547 1367 3626 dominus
1386 3575 1408 3624 a
1427 3544 1538 3622 dictis
1556 3542 1795 3622 auditoribus

362 3716 385 3764 a
403 3683 553 3764 delectu
570 3684 669 3793 juris
688 3712 728 3760 se
748 3680 956 3790 appellasse
977 3679 1143 3770 dicebat,
1155 3707 1224 3788 per
1239 3679 1343 3756 curie
1357 3695 1485 3756 nostre
1497 3675 1704 3783 judicium,
1722 3673 1796 3751 dic»

362 3836 445 3898 tum
459 3818 533 3897 snit
547 3834 586 3896 et
599 3815 892 3924 pronunciatum
907 3814 1015 3921 quod
1032 3812 1148 3920 prisi'e
1162 3811 1347 3920 predicte,
1364 3828 1443 3888 tarn
1463 3809 1659 3918 gagiornm
1679 3834 1794 3916 mam

363 3952 570 4062 lignorum,
587 3951 733 4058 integre
753 3964 988 4056 reponentur
1006 3947 1055 4024 ad
1074 3944 1219 4036 locum,
1238 3945 1270 4022 si
1291 3961 1432 4032 extent,
1453 3941 1624 4049 alioquin
1645 3939 1796 4018 estima-

362 4086 422 4163 cio
441 4082 681 4169 carumdem,
704 4096 743 4158 et
762 4079 907 4158 ibidem
926 4079 1091 4185 reposita
1103 4076 1157 4154 ad
1166 4105 1330 4154 manum
1352 4090 1520 4152 nostram
1537 4089 1718 4178 tanquam
1735 4099 1797 4147 su-

244 4189 247 4191 *
363 4216 523 4325 perionis
540 4230 745 4322 ponentur,
776 4229 815 4290 et
835 4211 883 4288 de
909 4209 979 4303 eis,
994 4237 1064 4318 per
1086 4237 1244 4286 manum
1260 4224 1447 4295 nostram,
1469 4203 1537 4282 fiet
1555 4199 1796 4280 recredencia

363 4349 550 4460 religiosis
569 4347 766 4456 predictis,
788 4360 828 4422 et
845 4371 960 4450 super
974 4342 1112 4419 debato
1132 4338 1357 4448 hujusmodi
1378 4339 1460 4415 dies
1478 4350 1697 4441 competens
1717 4359 1797 4437 par·

363 4482 467 4560 tibus
481 4480 743 4589 assignabitur,
759 4476 939 4568 Parisios,
956 4501 1084 4552 coram
1102 4471 1230 4563 nobis3
1246 4488 1283 4548 at
1293 4499 1362 4577 pro
1381 4467 1533 4577 injuriis
1549 4482 1587 4543 et
1600 4463 1796 4541 violenciis

366 4613 608 4720 supradictis,
633 4611 745 4688 ¹idem
782 4607 961 4686 dominus
989 4580 1100 4684 dictis
1128 4602 1313 4713 religiosis
1341 4601 1586 4709 quingentas,
1615 4624 1658 4672 ac
1681 4593 1794 4674 nobis

366 4745 472 4823 mille
493 4745 609 4824 libras
625 4746 889 4833 Turonenses,
911 4769 981 4848 pro
1001 4736 1179 4830 emenda,
1200 4734 1399 4842 persolvet.

420 4879 620 4958 Domiuica
637 4893 724 4982 post
741 4873 1003 4954 Candelosam.

422 5012 554 5089 Postea
578 5010 652 5088 suit
676 5034 856 5115 suspensa
877 5034 947 5112 per
967 5031 1154 5081 cameram
1177 5001 1246 5080 ista
1266 4997 1562 5104 condempuacio
1592 5019 1794 5102 quousque

368 5143 485 5220 suerit
502 5171 615 5249 super
634 5142 708 5218 hoc
725 5137 877 5247 plenius
895 5133 1136 5243 inquisitum.
