4450 6209
516 635 590 706 608
1101 633 1192 707 LES
1216 633 1356 707 OLIM.

290 787 420 842 eninm
432 785 475 850 lv,
513 801 582 878 pro
601 801 640 850 se
660 801 774 878 quam
791 801 861 879 pro
881 772 990 850 nobis
1009 773 1166 851 traditos
1183 773 1296 852 fuisse
1315 802 1440 851 coram
1461 773 1569 852 dictis
1583 773 1832 866 auditoribus,
1847 797 1929 856 etse

351 880 413 922 Μ’
513 904 558 980 ad
576 903 813 1009 probandum
830 932 894 981 cos
905 903 1096 994 obtulisse,
1120 903 1338 1010 ipsumque,
1355 905 1403 982 de
1420 904 1596 983 mandato
1613 922 1760 995 nostro,
1776 936 1845 1012 pro
1858 937 1929 986 cer·

512 1034 561 1110 tis
581 1035 717 1112 nostris
734 1033 909 1143 negociis,
924 1061 963 1112 se
977 1034 1026 1111 ad
1037 1049 1163 1141 partes
1176 1034 1267 1112 alias
1280 1035 1524 1124 transtulisse,
1540 1037 1701 1114 testibus
1713 1065 1831 1143 super
1845 1039 1925 1127 hoc,

514 1193 582 1268 pro
590 1165 676 1270 jure
692 1181 820 1242 nostro
836 1180 874 1242 et
886 1191 967 1252 suo,
982 1193 1051 1272 per
1069 1192 1157 1240 eum
1172 1193 1250 1243 non
1265 1166 1475 1271 productis,
1489 1165 1635 1243 dictum
1647 1166 1736 1256 luit,
1747 1195 1819 1273 per
1835 1168 1926 1245 idem

508 1292 713 1398 judicium,
731 1294 836 1402 quod
850 1295 949 1372 dicta
961 1324 1094 1372 manus
1108 1311 1236 1373 nostra
1249 1295 1287 1371 in
1305 1295 1404 1374 dicto
1419 1313 1583 1374 ressorto
1597 1295 1646 1373 de
1662 1297 1804 1374 Uxellis
1818 1299 1927 1403 posita

513 1425 736 1516 remanebit,
749 1426 845 1503 sicut
855 1425 959 1532 prius
975 1440 1068 1515 erat,
1084 1441 1122 1502 et
1137 1426 1242 1533 quod
1256 1426 1496 1533 probationes
1509 1426 1599 1505 dicti
1617 1428 1766 1517 militis,
1785 1457 1853 1535 pro
1866 1457 1927 1506 suo

514 1572 552 1632 et
566 1555 653 1662 jure
667 1573 808 1648 nostro,
828 1585 941 1664 super
956 1557 1029 1634 boc
1048 1557 1290 1662 recipientur,
1310 1557 1421 1635 dictis
1437 1585 1616 1664 processu
1631 1576 1669 1636 et
1685 1560 1929 1637 attestacioni-

512 1685 584 1762 bus
603 1687 758 1763 testium
776 1703 993 1764 nostrorum
1016 1703 1053 1764 et
1069 1685 1157 1763 dicti
1174 1685 1281 1765 ducis
1300 1717 1414 1794 super
1432 1687 1534 1764 dicto
1550 1706 1712 1766 ressorto
1731 1690 1783 1766 de
1799 1689 1928 1767 Uxellis

513 1815 651 1894 habitis
672 1817 711 1893 in
732 1834 830 1894 statu
856 1819 894 1894 in
916 1845 992 1924 quo
1012 1834 1101 1894 sunt
1120 1819 1273 1895 interim
1292 1819 1575 1896 remanentibus
1598 1833 1637 1896 et
1655 1848 1723 1925 pro
1744 1838 1851 1927 parte
1867 1850 1927 1927 pro

513 1975 585 2052 qua
605 1946 727 2023 valere
750 1947 944 2025 debebunt
967 1947 1006 2024 in
1030 1946 1220 2026 decisione
1241 1947 1341 2027 dicte
1364 1977 1473 2027 cause
1494 1949 1679 2037 valituris,
1700 1967 1738 2028 et
1751 1949 1928 2057 quantuni

513 2076 560 2152 ad
577 2077 650 2154 hoc
664 2075 904 2154 renovabitur
920 2077 1147 2155 commissio.

571 2206 733 2286 Sabbato
749 2224 833 2312 post
850 2207 1135 2287 Pentbecosten.

569 2337 731 2443 Mangon
751 2337 963 2444 reportavit.

567 2605 611 2684 C.
641 2605 739 2683 Cum
768 2633 836 2681 nos
861 2604 1006 2682 dudum
1033 2605 1171 2684 dilecto
1193 2623 1231 2683 et
1254 2605 1359 2683 fideli
1387 2623 1514 2684 nostro
1534 2607 1598 2695 R.,
1617 2622 1709 2682 tunc
1728 2605 1819 2683 duci
1842 2608 1928 2685 Bur-

512 2734 666 2840 gundie,
688 2734 921 2813 cambellano
942 2739 970 2812 F
973 2737 1114 2826 rancie,
1137 2736 1319 2842 quicquid
1336 2735 1568 2814 habebamus
1585 2752 1624 2813 et
1642 2736 1782 2813 babere
1797 2753 1930 2842 potere

511 2891 596 2939 mus
604 2893 841 2971 quacumque
854 2866 1003 2943 racione
1012 2865 1070 2942 vel
1084 2894 1209 2958 causa,
1221 2867 1262 2942 in
1271 2865 1358 2942 villa
1368 2865 1414 2945 de
1426 2865 1604 2944 Coulcbis
1615 2881 1653 2942 et
1663 2866 1745 2973 ejus
1753 2867 1929 2972 pertinen-

513 2992 594 3082 ciis,
610 3021 696 3070 cum
713 2995 931 3072 omnimoda
948 2994 1021 3072 alta
1037 3013 1074 3073 et
1091 2997 1196 3074 bassa
1207 2997 1376 3103 justicia,
1392 2996 1654 3083 donassemus,
1671 3013 1709 3072 et
1725 2993 1928 3102 specialiter

511 3123 666 3232 gardam
690 3125 826 3230 prioris
850 3143 888 3202 et
915 3126 1102 3233 prioratus
1126 3126 1224 3203 dicte
1247 3124 1351 3216 ville,
1377 3125 1533 3203 retentis
1554 3124 1664 3202 nobis
1688 3125 1728 3200 in
1757 3125 1927 3230 predictis

512 3251 625 3332 seodo
639 3272 676 3332 et
687 3273 850 3334 ressorto
865 3273 903 3334 et
914 3256 1014 3336 salvo
1022 3257 1108 3364 jure
1123 3256 1298 3364 quolibet
1310 3256 1449 3344 alieno,
1461 3256 1559 3332 sicut
1573 3255 1611 3331 in
1627 3255 1765 3332 nostris
1782 3254 1926 3340 litteris,

512 3413 625 3491 super
646 3386 719 3463 boc
736 3384 929 3478 confectis,
951 3386 1099 3494 plenius
1119 3386 1345 3478 continetur,
1362 3384 1584 3462 bominibus
1600 3384 1698 3461 dicte
1715 3383 1805 3461 ville
1824 3411 1927 3489 snper

511 3512 584 3593 hoc
601 3532 731 3623 postea
749 3544 789 3594 se
810 3517 1089 3622 opponentibus
1108 3533 1148 3593 ct
1167 3515 1379 3593 dicentibus
1398 3515 1535 3592 dictam
1562 3512 1830 3601 donacionem,
1850 3541 1926 3588 cum

511 3647 552 3722 in
573 3673 721 3735 eorum,
737 3663 782 3723 ut
797 3646 1027 3735 asserebant,
1045 3644 1139 3723 fecta
1154 3662 1252 3722 esset
1264 3646 1532 3753 prejudicium,
1550 3673 1628 3722 non
1643 3643 1782 3735 valere,
1799 3672 1865 3750 pro
1885 3671 1924 3719 co

512 3776 617 3880 quod
636 3776 763 3853 inclite
784 3776 1058 3853 recordacionis
1073 3775 1292 3856 ,carissimus
1311 3778 1459 3884 genitor
1480 3793 1608 3854 noster
1628 3774 1840 3881 Philippus,
1861 3773 1924 3852 Dei

512 3904 632 4011 gracia
660 3907 886 3982 Francorum
914 3933 995 3995 rex,
1028 3933 1107 3995 eos,
1135 3905 1206 3984 sub
1232 3923 1335 3984 certo
1356 3923 1505 3996 tenore,
1532 3906 1572 3982 in
1594 3906 1672 3982 suis
1691 3904 1820 4013 garda,
1847 3930 1924 4011 pro

511 4034 673 4113 tectione
694 4054 732 4112 et
745 4035 972 4113 salvamento
988 4053 1216 4143 susceperat,
1239 4037 1350 4113 certis
1368 4066 1409 4114 ac
1429 4035 1622 4144 perpetuis
1640 4034 1853 4114 redditibus
1870 4061 1924 4110 su-

512 4193 579 4270 per
600 4163 720 4244 dictos
739 4165 913 4244 homines
933 4165 1005 4242 sibi
1023 4166 1235 4274 assignatis,
1258 4183 1310 4257 et,
1327 4185 1483 4274 propter
1496 4168 1586 4254 boc,
1603 4166 1728 4243 eidem
1742 4163 1923 4242 solvendis

513 4298 559 4375 ab
577 4297 795 4376 hominibus
814 4298 992 4405 predictis
1011 4315 1050 4376 et
1069 4327 1203 4377 eorum
1222 4299 1513 4388 successoribus,
1536 4314 1634 4375 certa
1655 4297 1736 4390 die,
1758 4299 1829 4375 boc
1849 4311 1923 4373 acto

513 4428 732 4536 specialiter,
754 4427 795 4505 in
814 4429 1054 4535 suscepcione
1072 4430 1262 4535 predicta,
1278 4428 1385 4535 quod
1403 4429 1537 4535 garda,
1559 4427 1743 4534 protectio
1760 4442 1797 4504 et
1815 4425 1923 4502 salva-

513 4577 685 4636 mentum
699 4559 884 4665 predicta,
906 4557 952 4636 ab
972 4559 1109 4638 eodem
1128 4560 1198 4638 sub
1220 4559 1322 4636 dicto
1338 4578 1470 4638 tenore
1491 4574 1675 4665 suscepta,
1696 4583 1924 4664 nequaquam

516 4705 615 4764 extra
631 4719 782 4767 manum
805 4690 945 4799 regiam
966 4691 1056 4796 poni
1076 4706 1244 4796 possent,
1260 4691 1328 4768 sed
1347 4690 1387 4766 in
1407 4689 1541 4767 eadem
1556 4717 1669 4766 manu
1689 4688 1790 4794 regia
1804 4710 1923 4791 perpe

514 4835 581 4897 tuo
597 4837 848 4912 remanerent,
870 4820 964 4897 duce
982 4820 1168 4926 predicto,
1189 4820 1317 4898 multis
1338 4820 1566 4909 racionibns,
1588 4817 1815 4896 contrarium
1836 4840 1923 4891 asse-

515 4967 639 5038 rente,
657 4967 695 5025 et
715 4950 861 5027 dicente
876 4950 1067 5056 justiciam
1082 4979 1156 5057 que
1174 4952 1224 5029 ad
1240 4979 1328 5041 nos,
1345 4951 1609 5028 ordenacione
1629 4947 1772 5037 abbatis
1787 4963 1829 5030 et
1842 4970 1921 5020 con-
