4450 6209
504 664 578 741 ltdfi
1091 662 1180 737 LES
1210 660 1349 737 OLIII.

277 821 405 875 tuum
421 822 461 883 tv.
501 805 616 890 uibus
631 805 859 894 intulerunt,
875 832 945 913 per
963 804 1067 883 curie
1087 822 1216 885 nostre
1232 802 1422 913 judicium
1441 820 1559 883 tenta
1576 801 1666 893 fnit,
1684 834 1753 912 pio
1769 805 1879 887 nobie
1891 826 1928 887 ct

339 916 400 956 '³⁰⁹'
502 938 604 1019 dicto
618 939 814 1047 episcopo,
831 936 1001 1043 pnsdicte
1016 935 1180 1016 emenda
1199 936 1248 1015 cd
1263 936 1444 1015 ducentes
1459 936 1573 1016 libres
1585 938 1846 1027 anononses,
1862 968 1926 1047 pm

501 1072 712 1151 excessibus
729 1069 965 1177 supradictis.

556 1203 755 1287 Domimca
773 1230 847 1309 que
867 1219 1037 1282 centenis
1057 1200 1322 1282 Reminiscere.

555 1335 662 1415 Croci
684 1334 897 1443 reportavit.

556 1602 662 1681 LVII.
694 1602 811 1688 Cum,
827 1599 868 1677 in
880 1598 1135 1706 pedamento,
1151 1598 1258 1705 quod
1270 1596 1344 1675 suit
1358 1624 1458 1677 enno
1471 1599 1625 1676 Domini
1638 1599 1843 1679 millesimo
1855 1618 1928 1681 ue-

501 1733 708 1813 centesimo
727 1731 908 1839 septimo,
929 1748 1103 1839 gerentes
1121 1758 1162 1809 se
1181 1758 1251 1838 pro
1270 1730 1491 1809 consulibus
1515 1730 1669 1810 civitatis
1688 1733 1929 1811 Lemovices-

501 1865 568 1953 sis‚
587 1893 656 1971 pro
678 1862 853 1971 pluribus
868 1861 1144 1941 inobedicnciis
1159 1879 1198 1939 et
1213 1862 1427 1942 excessibus
1438 1890 1507 1969 per
1520 1862 1676 1941 eosdem
1689 1862 1803 1943 illatis
1812 1864 1928 1973 judici

503 2015 540 2074 et
564 1996 757 2103 preposito
784 1994 1054 2073 communibus
1079 1993 1226 2073 domini
1251 1994 1362 2104 Regis
1389 2012 1428 2073 et
1451 1994 1615 2102 episoppi
1641 1996 1925 2085 Lunuviccnn's,

503 2129 603 2235 apud
628 2128 871 2206 Lemovicum
893 2125 1122 2219 constitutis,
1141 2153 1210 2234 per
1230 2142 1415 2205 arrestum
1434 2126 1539 2203 curie
1558 2142 1703 2219 nostre,
1726 2128 1929 2237 condcmp

501 2260 579 2337 nati
606 2258 767 2337 fuissent
793 2259 842 2336 ad
863 2256 1090 2367 gugiandum
1120 2257 1336 2349 emendam,
1361 2274 1400 2335 ut
1426 2257 1496 2366 ipsi
1522 2258 1733 2368 gagimsent
1751 2258 1926 2350 eandem,

501 2390 710 2500 fuissetque
732 2390 889 2479 dictum,
911 2389 1141 2495 percutiam
1167 2406 1350 2481 nostram,
1371 2390 1477 2496 qnod
1495 2391 1636 2469 tuxecio
1652 2391 1751 2469 dicte
1772 2393 1928 2470 emendo

502 2523 720 2603 differretur
739 2550 939 2631 quousque
968 2520 1120 2629 plenius
1145 2520 1278 2601 finuet
1305 2521 1530 2629 inquisitum
1557 2538 1594 2600 et
1613 2522 1662 2601 ud
1682 2523 1825 2600 cutiam
1847 2552 1929 2603 nos-

501 2673 596 2733 tium
616 2672 853 2763 reportatum
872 2654 922 2733 de
942 2653 1081 2742 modo,
1102 2653 1284 2762 qualitate
1310 2670 1349 2732 et
1370 2654 1578 2762 quantitate
1605 2679 1824 2734 excessuum
1848 2684 1929 2763 prc-

504 2788 694 2867 dictorum
719 2787 768 2865 ed
787 2785 905 2867 finem
930 2785 1082 2893 majoris
1100 2785 1162 2865 uel
1182 2785 1342 2865 minoris
1359 2786 1561 2865 tuicionis
1581 2787 1680 2867 dicte
1701 2789 1862 2867 emcnde
1881 2788 1931 2865 sa-

504 2919 638 2997 ciende
654 2951 663 2995 2
679 2919 869 3010 Tandem,
892 2917 1066 3025 inquestu
1082 2946 1196 3025 super
1210 2919 1302 3009 boc,
1324 2918 1495 3026 pultibus
1513 2919 1665 3010 vocetis,
1687 2919 1735 2997 dc
1755 2920 1929 2999 mandatu

504 3068 633 3131 nostro
652 3050 746 3129 facte
770 3051 845 3129 visa
874 3066 913 3127 et
927 3049 1133 3159 diligenter
1159 3051 1383 3140 examinata,
1413 3050 1502 3159 quis
1527 3051 1724 3130 inventum
1749 3070 1807 3130 em
1831 3052 1927 3132 suffi-

503 3184 646 3264 cienter
664 3184 866 3291 probatum
885 3181 992 3289 quod
1007 3181 1098 3261 dicti
1117 3199 1291 3291 gerentes
1310 3208 1350 3261 se
1369 3210 1439 3289 pm
1451 3182 1674 3262 consuiibus
1691 3183 1792 3261 dicte
1812 3185 1930 3263 civita·

502 3315 566 3402 tis,
586 3314 708 3423 judici
729 3332 768 3393 et
786 3315 980 3423 preposito
1000 3314 1268 3395 communibus
1284 3314 1480 3422 predictis,
1504 3316 1597 3392 dnm
1612 3344 1726 3393 suum
1746 3314 1925 3403 officium,

503 3448 725 3531 auctoritate
746 3465 891 3537 nostru,
916 3474 1088 3525 exercere
1105 3445 1247 3526 vellent
1268 3445 1433 3536 ibidem,
1452 3445 1661 3536 noluerunt
1675 3446 1850 3539 obedire,
1867 3474 1928 3556 per

502 3580 605 3658 curie
629 3596 756 3658 nostre
778 3579 968 3687 judicium
988 3596 1108 3657 taxata
1128 3578 1202 3657 fuit
1226 3579 1325 3657 dicta
1345 3578 1524 3668 emenda,
1545 3606 1615 3685 pro
1638 3578 1748 3659 nobis
1767 3596 1807 3657 et
1832 3579 1926 3657 dicto

383 3775 387 3781 ,
503 3712 694 3816 episcopo,
715 3713 761 3789 ed
779 3709 1053 3818 quinquaginta
1072 3709 1186 3789 libras
1205 3713 1464 3801 Turonenscs,
1485 3736 1555 3818 pro
1571 3711 1787 3791 excessibus
1804 3738 1926 3821 supre-

504 3839 625 3919 dictis.

558 3972 758 4051 Dominicu
776 3972 955 4082 predicta.

559 4105 665 4185 Creci
684 4106 897 4212 teporttvit.

422 4469 428 4480 ·
559 4373 682 4453 LVIII.
715 4372 798 4450 lite
812 4389 933 4461 mota,
944 4400 1076 4451 corum
1094 4374 1285 4481 preposito
1299 4374 1514 4463 Purisiunsi,
1531 4374 1632 4453 inter
1647 4374 1853 4455 Hemicum
1865 4376 1927 4454 In·

502 4502 679 4581 thunium
700 4503 748 4581 de
765 4502 964 4583 Ateinviilu
984 4522 1023 4583 et
1041 4507 1123 4614 ejus
1140 4504 1295 4599 liberos,
1318 4534 1362 4583 ex
1382 4531 1457 4584 unu
1476 4522 1596 4614 parte,
1619 4524 1657 4584 et
1672 4506 1866 4585 dominum
1885 4506 1928 4583 de

502 4633 717 4728 Ateinvilla,
729 4634 900 4714 relictam
916 4635 1083 4715 defuncti
1097 4637 1282 4716 Iohannis
1297 4637 1345 4716 de
1361 4638 1565 4728 Lnuduno,
1580 4639 1773 4745 quendem
1785 4640 1927 4729 militis,

502 4782 541 4841 et
555 4765 638 4872 ejus
654 4766 814 4857 liberos,
831 4798 877 4846 ex
891 4768 1023 4860 altera,
1041 4798 1157 4877 super
1171 4796 1216 4849 eo
1230 4770 1337 4878 quod
1353 4771 1501 4851 dicebat
1513 4772 1634 4850 dictus
1647 4772 1850 4861 Hem-icus,
1864 4798 1929 4878 pro
2028 4764 2031 4769 ’
2099 4836 2104 4856 ,

504 4894 582 5003 [oe]
598 4913 634 4975 et
649 4896 778 4977 liberis
796 4901 889 4993 uiis,
907 4930 949 4980 sc
969 4902 1175 5010 spoiiutum
1195 4903 1401 5011 aprcdicto
1415 4904 1556 4994 milite,
1571 4922 1743 5011 tempure
1761 4930 1839 5011 quo
1855 4904 1928 5012 ipse

501 5027 659 5120 vivebat,
683 5047 721 5107 et
740 5032 856 5110 eciam
876 5063 898 5111 a
917 5034 1017 5113 dicte
1038 5034 1207 5123 domina,
1231 5034 1279 5114 de
1300 5035 1526 5144 quibusdem
1546 5036 1671 5125 serris,
1693 5035 1926 5115 videlicetdc
