4450 6209
743 720 1013 830 nnonrrns
1038 736 1103 810 nr
1129 719 1336 811 esoces
1675 732 1745 806 571

330 879 402 959 lata
413 877 576 986 quedem
592 879 893 988 interloqntoris‚
908 879 949 956 in
960 878 1129 986 predicta
1138 879 1242 956 curin
1252 875 1463 968 Castslieti,
1477 903 1547 982 pro
1558 874 1661 952 dicto
1672 899 1753 950 ma·
1789 884 1921 939 rmum
1932 883 1979 944 tv,

330 1009 447 1118 gietro
468 1008 673 1090 Guillelmo
694 1027 733 1088 et
753 1027 881 1089 contra
900 1009 1116 1117 predictum
1135 1010 1367 1101 schamem,
1387 1006 1490 1085 idem
1504 1006 1712 1096 Johannes,
1731 1034 1755 1081 a
1851 977 1915 1022 ’Μ’

332 1140 430 1218 dicta
449 1139 735 1250 interloqutoria
758 1143 803 1219 ed
824 1158 990 1221 nostram
1011 1141 1153 1220 curium
1172 1138 1387 1247 appellavit,
1408 1138 1545 1215 auditis
1564 1136 1692 1246 igitur,
1713 1137 1754 1213 in

331 1299 440 1350 causa
452 1271 716 1379 appeliacionis
727 1271 910 1379 predicte,
927 1270 1059 1350 multis
1077 1269 1309 1362 nacionibus,
1327 1268 1415 1346 hinc
1428 1284 1467 1346 et
1480 1269 1586 1357 inde,
1599 1267 1755 1346 tandem

330 1401 434 1482 idem
457 1403 647 1482 Johannes
669 1431 697 1480 a
717 1403 816 1482 dicta
842 1401 1101 1509 appellacione
1126 1400 1329 1490 recedens,
1351 1399 1473 1477 voluit
1500 1416 1540 1477 et
1567 1397 1756 1476 consensit

328 1532 435 1639 quod
457 1533 504 1610 de
519 1534 632 1642 plano
651 1551 778 1613 nostra
797 1534 897 1612 curia
917 1533 1128 1640 inquireret
1139 1533 1352 1621 veritatem,
1369 1547 1500 1612 utinm
1518 1531 1599 1637 ipse
1616 1529 1757 1610 Johan·

328 1690 398 1742 nes
418 1664 575 1742 haberet
590 1665 648 1743 vel
665 1665 842 1744 habuerit
856 1666 980 1773 aliqua
1000 1665 1048 1742 de
1066 1663 1197 1753 honis,
1214 1692 1285 1770 pro
1304 1656 1443 1771 quibus
1461 1663 1564 1742 idem
1580 1663 1757 1770 magister

219 1845 227 1848 -
327 1793 557 1874 Guillelmus
581 1797 619 1874 in
640 1797 822 1902 predictis
841 1795 1023 1874 sexcentis
1044 1795 1168 1885 libris,
1186 1794 1285 1873 dicte
1311 1797 1497 1884 Romane,
1518 1793 1641 1872 furerat
1664 1819 1756 1872 conb

332 1924 571 2033 dempnatus,
595 1943 647 2015 et,
669 1927 741 2002 nisi
758 1925 977 2004 ostenderet
991 1927 1110 2004 boues
1128 1926 1300 2003 raciones
1314 1942 1442 2002 contra
1457 1925 1603 2003 dietum
1619 1925 1757 2035 magie-

204 2163 206 2168 .
329 2071 431 2132 trum
453 2053 703 2136 Gnillelmnm
724 2083 840 2165 quare
858 2057 909 2134 ‘de
929 2056 1037 2134 dictis
1057 2056 1171 2134 honis
1187 2057 1309 2134 teneri
1329 2084 1408 2134 non
1430 2056 1587 2134 deberet
1608 2057 1753 2145 eidem,

330 2203 455 2265 nostra
476 2189 578 2266 curia
596 2211 710 2294 super
733 2188 807 2264 hiis
827 2188 875 2264 de
899 2187 1010 2293 plano
1036 2215 1143 2264 suam
1163 2186 1301 2264 fuceret
1323 2187 1581 2265 voluntatem:
1608 2184 1758 2264 Auditis
1833 2281 1837 2290 Ι

317 2317 446 2424 ¹igitur
469 2345 581 2423 super
601 2317 675 2394 hiis
699 2317 882 2394 dictarum
903 2317 1073 2423 parcium
1092 2317 1323 2409 nacionibus,
1347 2333 1386 2394 et
1404 2345 1518 2424 snper
1536 2317 1687 2399 eisdem,
1700 2318 1759 2393 in-
1888 2405 1891 2411 ¹

330 2465 462 2555 questa
478 2446 589 2541 facta,
605 2448 652 2526 de
672 2448 851 2525 mandato
869 2465 1012 2535 nostro,
1028 2466 1066 2525 et
1081 2449 1130 2525 ad
1145 2447 1287 2525 curiam
1306 2465 1475 2525 nostram
1494 2464 1698 2554 reportata,
1720 2464 1759 2526 et
1809 2507 1813 2514 -

331 2578 532 2686 diligenter
542 2579 629 2671 nse,
639 2595 911 2686 compertoque
922 2605 993 2686 per
1001 2605 1084 2656 sem
1097 2579 1203 2686 quod
1214 2578 1317 2656 idem
1329 2579 1520 2657 iohannes
1531 2578 1629 2656 dicta
1642 2577 1754 2678 bona,

330 2736 399 2814 pro
423 2710 565 2816 quibus
588 2707 710 2788 dictus
729 2709 906 2817 magister
928 2708 1159 2789 Guiileinrus
1183 2708 1351 2817 predicte
1370 2711 1554 2800 Romane,
1581 2725 1758 2817 utsupra

332 2840 475 2918 dictum
497 2857 569 2930 est,
591 2840 714 2920 fuerat
731 2839 1048 2948 condempnatus,
1065 2840 1212 2932 habuit,
1232 2841 1366 2918 levarit
1379 2855 1419 2918 et
1433 2840 1577 2948 reecpit
1594 2841 1633 2919 in
1652 2867 1759 2919 enos·

330 2999 405 3080 que
419 2999 511 3051 usus
525 2973 697 3079 proprios
714 2971 914 3062 convertit,
932 2989 970 3051 et
989 2972 1113 3049 adhuc
1132 2973 1249 3052 habet
1268 2989 1305 3049 et
1324 2972 1487 3063 detinet,
1505 3001 1576 3049 nec
1592 2971 1757 3080 aliquam

331 3101 579 3181 sufficientem
604 3104 792 3181 racionem
814 3102 1021 3182 ostenderit
1040 3120 1170 3180 eontra
1191 3102 1335 3180 dictum
1354 3107 1574 3211 magistrum
1598 3102 1759 3183 Guillel·

331 3259 453 3325 mum,
472 3260 587 3340 qnare
606 3234 653 3310 ad
672 3233 914 3310 reddendum
934 3261 1001 3310 sen
1022 3233 1298 3310 restituendum
1317 3232 1442 3310 eidem
1463 3233 1562 3311 dicta
1579 3231 1681 3310 bona
1697 3234 1758 3311 vel

332 3391 465 3441 eornm
481 3364 645 3442 valorem
664 3363 822 3440 minime
841 3380 1024 3451 teneatur,
1041 3391 1110 3470 per
1127 3364 1229 3440 curie
1246 3380 1374 3442 nostre
1388 3362 1595 3472 judicium,
1613 3363 1771 3447 dictum.

331 3491 403 3570 fuit
417 3493 537 3600 qnod,
557 3493 766 3599 prevalere
782 3493 970 3572 dictorum
985 3492 1193 3584 bonorum,
1215 3493 1406 3600 predictus
1418 3495 1610 3572 Johunnes
1622 3493 1758 3570 reddet
1879 3477 1883 3484 ¹

334 3622 434 3702 dicto
454 3625 631 3733 magistro
651 3624 857 3704 Guillelmo
878 3642 1065 3702 sexcentas
1084 3624 1200 3704 libras
1219 3624 1454 3717 Parisienees,
1471 3625 1511 3702 in
1529 3623 1655 3703 valore
1675 3649 1758 3725 mo-

331 3772 417 3834 nete
430 3785 504 3868 qne
525 3755 699 3833 currebat
718 3783 818 3834 anno
834 3755 990 3879 Domini
1009 3754 1214 3834 millesimo
1235 3756 1495 3834 ducentesimo
1514 3757 1758 3864 nonagesimo

332 3912 450 3977 nono,
469 3903 523 3975 et,
544 3886 592 3962 de
613 3886 799 3992 expensis,
818 3884 991 3990 dampnis
1011 3904 1050 3963 et
1065 3886 1185 3964 misiis
1207 3915 1301 3994 quas
1319 3885 1442 3963 dietus
1459 3885 1637 3994 magister
1650 3885 1759 3965 Guil-

331 4015 483 4107 lelmns,
507 4016 700 4093 occasione
717 4016 793 4093 litis
812 4043 926 4122 snper
942 4017 1133 4124 premissis
1146 4017 1248 4095 inter
1260 4017 1361 4125 ipsos
1381 4014 1530 4094 diucius
1548 4015 1701 4123 agitate,
1719 4045 1759 4094 se

331 4145 462 4224 secisse
487 4144 656 4235 dicebat,
684 4145 907 4252 dictumque
931 4146 1141 4224 iohannem
1165 4146 1236 4225 sibi
1257 4175 1371 4255 snper
1389 4147 1463 4226 hiis
1487 4146 1758 4253 condempnari

332 4275 499 4384 petebat,
520 4275 593 4354 fuit
612 4275 735 4354 dictus
746 4276 956 4366 Johannes,
973 4275 1158 4382 peridem
1174 4277 1276 4355 curie
1290 4294 1418 4355 nostre
1425 4277 1630 4392 judicium,
1650 4277 1760 4354 abso-

331 4407 447 4486 lutus.
1315 4489 1319 4495 .

390 4539 551 4619 Sabbato
567 4557 653 4646 post
669 4538 932 4617 intencionem
950 4539 1084 4618 Sancte
1099 4537 1242 4618 Crucis.

390 4668 434 4749 G.
458 4671 505 4748 de
526 4673 621 4749 Usco
639 4671 853 4778 reportavit.
1069 4681 1073 4691 '
1241 4677 1244 4682 ’

391 4931 513 5010 LXVI.
545 4933 644 5011 Mota
658 4932 736 5023 lite,
752 4934 793 5010 in
807 4933 909 5011 curia
924 4949 1060 5023 nostra,
1078 4934 1118 5009 in
1129 4928 1394 5037 appellacionis
1408 4939 1528 5020 muca,
1539 4928 1639 5008 inter
1650 4929 1763 5009 relic·

336 5078 412 5136 tam
426 5061 526 5138 Petri
538 5062 690 5151 Helion,
702 5063 878 5142 tutricem
895 5063 1102 5142 liberorum
1117 5061 1378 5140 communium
1392 5061 1475 5170 ejus
1487 5075 1526 5139 et
1540 5058 1630 5138 dicti
1646 5061 1757 5150 Petri,

1577 5237 1629 5298 7²·
