4450 6209
509 681 583 757 430
710 708 714 713 ·
1098 680 1188 751 LES
1217 678 1358 751 otiu.

283 840 412 893 eninm
426 836 468 899 W.
507 825 610 904 tibus
631 852 700 901 nos
719 822 863 901 ibidem
887 850 1036 901 merum
1060 838 1097 899 et
1119 822 1278 899 mixtum
1297 821 1502 927 imperium
1519 820 1646 901 solutu
1660 823 1930 907 missensem

343 925 406 970 1800.

416 1000 421 1015 ·
509 956 667 1047 bebere,
685 954 734 1033 sd
747 982 881 1035 corum
896 953 1189 1060 requisicionem
1204 970 1352 1037 cenum
1367 952 1607 1061 priuilegium
1620 954 1931 1033 eouoeoeissemus

510 1090 673 1179 eisdem,
692 1086 866 1166 videlicet
889 1084 996 1193 quod
1015 1084 1172 1165 eosdem
1196 1102 1299 1162 extre
1317 1111 1472 1163 menum
1490 1100 1658 1163 nostram
1677 1084 1820 1191 regiam
1837 1114 1932 1165 nune

509 1248 622 1329 quem
642 1246 887 1329 poneremus,
912 1218 1061 1325 ipsique
1081 1216 1193 1294 nobis
1213 1214 1473 1322 promisissent
1492 1214 1580 1304 dere
1598 1214 1706 1291 mille
1723 1214 1843 1293 libras
1859 1218 1932 1295 Tn-

508 1380 689 1431 ronenses
701 1350 816 1431 semel
834 1349 1030 1428 soluendus
1044 1365 1083 1425 st
1096 1348 1283 1455 sexaginta
1301 1346 1416 1425 libris
1429 1348 1672 1426 Tumnenses
1685 1346 1802 1425 sonui
1813 1348 1934 1427 reddi·

507 1502 569 1563 tus
585 1485 625 1561 in
641 1500 885 1594 augmentum
899 1479 1056 1558 aliarum
1067 1479 1311 1588 quadriginta
1326 1479 1509 1558 librorum
1523 1479 1806 1557 Turonensium
1820 1480 1931 1559 annui

509 1617 682 1695 redditus
697 1642 790 1724 quas
803 1613 945 1692 ibidem
962 1612 1164 1699 hebemus,
1176 1610 1395 1718 litterasque
1409 1610 1663 1719 reportassent
1674 1611 1819 1689 anobis
1829 1612 1930 1719 qued

510 1776 644 1827 omnies
661 1765 700 1826 et
714 1742 869 1855 singuli,
886 1745 953 1853 qui
970 1742 1239 1821 communibus
1252 1743 1353 1821 dicte
1365 1742 1454 1821 ville
1468 1742 1581 1822 uitiis
1596 1743 1838 1826 contribuere
1852 1772 1930 1823 oon

510 1896 728 1971 sueverunt,
749 1875 1068 1983 compellerentur
1087 1873 1330 1954 contribuere
1349 1876 1389 1953 in
1409 1875 1604 1958 solucione
1622 1874 1812 1953 dieteruin
1830 1876 1930 1953 mille

512 2008 714 2098 librorum,
730 2026 768 2087 et
786 2008 891 2116 quod
911 2034 1044 2086 omnes
1058 2006 1113 2083 illi
1137 2008 1204 2113 qui
1221 2006 1469 2085 contribuunt
1481 2007 1522 2083 in
1541 2005 1737 2098 solucione
1749 2006 1931 2097 dimum

511 2141 755 2249 quodraginta
773 2139 973 2232 librorum,
989 2156 1212 2217 tenerentur
1225 2139 1465 2217 contribuere
1485 2139 1525 2215 in
1539 2136 1734 2217 solucione
1749 2138 1930 2217 dirorum

511 2273 697 2381 sexaginta
710 2272 909 2360 librarum,
925 2290 977 2361 et,
995 2298 1110 2378 super
1124 2269 1319 2375 predictis,
1333 2269 1443 2356 uobis
1457 2286 1690 2377 conquestus
1700 2268 1931 2347 luissetDeo

511 2404 621 2497 dctus
646 2403 693 2479 de
718 2402 898 2493 Bociscis,
920 2400 1165 2493 domicellus,
1187 2400 1316 2477 dicens
1334 2400 1503 2506 predicta
1526 2401 1645 2479 insui
1670 2418 1709 2479 et
1727 2400 1930 2479 multorum

379 2634 384 2641 ἱ
511 2533 690 2625 aliorum,
713 2534 812 2612 bona
832 2531 1058 2609 bebencium
1086 2532 1126 2607 in
1149 2529 1235 2608 villa
1262 2548 1300 2609 et
1328 2531 1520 2609 territorio
1544 2531 1634 2609 dieti
1658 2530 1752 2621 loci,
1773 2532 1841 2639 qui
1858 2561 1931 2611 oon

511 2681 778 2745 consenserent
790 2691 860 2741 nec
875 2662 1087 2746 consentire
1100 2662 1276 2740 volebant
1287 2663 1329 2737 io
1341 2662 1563 2770 hujusmodi
1575 2662 1783 2770 dsmpuum
1802 2679 1840 2741 et
1853 2691 1932 2769 pse·

507 2795 697 2903 judicium
717 2792 949 2884 redundare,
967 2792 1150 2901 quodque
1165 2794 1310 2871 dictum
1326 2793 1584 2901 privilegium,
1600 2794 1711 2873 tssitn
1731 2794 1883 2875 veritate
1897 2813 1933 2873 et

513 2944 684 3033 suggesta
696 2924 869 3013 salsitate,
885 2924 1008 3001 suerat
1021 2925 1281 3031 impetratum,
1298 2950 1466 3003 asserens
1484 2924 1745 3006 omnimodum
1760 2926 1932 3033 jurisdic-

512 3058 655 3143 tionem
671 3054 882 3163 simplicem
900 3072 937 3133 ct
953 3055 1112 3133 mixtum
1125 3054 1330 3163 imperium
1342 3054 1433 3133 dicti
1448 3056 1520 3136 loci
1535 3058 1585 3135 nd
1597 3058 1721 3165 ipsum
1733 3058 1929 3165 pertinere,

513 3186 693 3295 quodque
708 3187 748 3265 in
762 3186 860 3265 dicte
871 3185 959 3264 ville
980 3186 1292 3265 Pedii-Soliconis
1310 3215 1388 3266 non
1407 3205 1463 3269 est
1479 3189 1699 3268 universitas
1717 3216 1841 3297 neque
1861 3217 1931 3269 onr-
1983 3272 1990 3289 ‚

512 3347 598 3424 pus,
619 3337 659 3396 et
678 3318 783 3424 quod
802 3318 1058 3425 possessiones
1077 3318 1168 3396 dicti
1186 3318 1367 3397 territorii
1383 3319 1431 3396 ab
1451 3320 1533 3426 ipso
1548 3336 1588 3398 et
1600 3320 1672 3399 sub
1691 3323 1772 3429 ejus
1794 3304 1930 3402 directo

513 3449 681 3529 dominio
702 3468 892 3543 tenentur,
915 3468 953 3529 et
973 3449 1044 3527 sibi
1068 3448 1178 3527 lieret
1196 3450 1471 3558 prejudicium,
1499 3452 1531 3529 si
1551 3480 1783 3559 possessores
1806 3482 1929 3533 esrum

513 3582 795 3659 contribuerent
812 3583 852 3659 in
873 3582 1066 3661 solucione
1088 3581 1274 3659 deorum
1299 3584 1487 3687 semgints
1511 3582 1713 3672 librorum,
1734 3615 1850 3692 qusre
1870 3614 1930 3693 pen

513 3712 614 3789 tebet
630 3712 773 3790 dictum
786 3711 1023 3819 privilegium
1039 3715 1202 3791 revocari
1217 3712 1276 3791 vel
1290 3714 1362 3794 sibi
1377 3742 1448 3821 per
1463 3743 1533 3793 nos
1549 3744 1663 3823 super
1675 3718 1749 3795 boc
1762 3717 1813 3794 de
1832 3745 1931 3823 oper·

512 3859 606 3920 tuno
627 3843 801 3920 remedio
825 3844 1030 3949 provideri,
1051 3843 1164 3921 dictis
1179 3846 1470 3954 impetrantibus
1483 3876 1526 3925 sc
1543 3866 1787 3955 procmstore
1806 3868 1930 3927 nostro

512 3971 621 4079 plura
646 3973 946 4079 proponentibus
962 4001 1014 4053 *ex
1040 3976 1212 4067 adverso,
1242 3979 1396 4055 tandem
1429 4008 1545 4086 snper
1568 3981 1761 4086 premissis
1785 3981 1931 4059 menda-

511 4104 634 4180 vimus
649 4103 805 4211 inquiri,
819 4106 959 4183 vocs'tis
975 4106 1159 4212 pertibus,
1172 4110 1386 4187 ueritatemz
1400 4111 1487 4191 Viso
1503 4112 1618 4220 igitur
1633 4113 1804 4221 inquestn
1823 4139 1930 4218 supet

511 4235 583 4311 hiis
604 4234 844 4313 demandato
866 4255 995 4315 nostro
1012 4238 1123 4327 secte,
1143 4267 1211 4345 per
1231 4242 1334 4317 curie
1349 4258 1476 4319 nostre
1492 4242 1682 4349 judicium
1703 4244 1849 4321 dictum
1865 4242 1930 4324 fuit

512 4383 549 4440 et
573 4366 860 4471 pronunciatum
888 4369 1101 4473 predictum
1121 4369 1374 4476 privilegium,
1395 4372 1507 4449 tacite
1526 4374 1682 4451 veritnte
1703 4391 1741 4451 et
1763 4388 1928 4481 suggests

390 4548 396 4551 -
511 4492 683 4584 salsitate,
707 4496 950 4604 impetratum
970 4496 1102 4588 fuisse,
1123 4515 1160 4575 et
1180 4528 1256 4578 non
1279 4499 1419 4579 debere
1439 4504 1576 4596 teneri,
1599 4503 1747 4611 iuitqm
1767 4532 1837 4611 per
1851 4530 1929 4581 nos-

509 4641 604 4701 tram
619 4626 761 4703 curiam
774 4628 942 4705 totaliter
952 4629 1191 4719 annulatum,
1208 4648 1261 4720 et,
1278 4630 1367 4709 licet
1381 4632 1503 4711 dictos
1518 4636 1762 4741 impetrantes
1774 4634 1926 4740 proinde

505 4756 605 4861 juste
622 4756 757 4861 punire
774 4786 989 4863 possemus,
1005 4761 1053 4839 ds
1070 4760 1330 4839 misericordia
1340 4780 1473 4841 tomen
1488 4762 1680 4871 porce'ntes
1691 4764 1854 4855 eisdem,
1866 4792 1926 4843 no

510 4884 637 4963 lumus
657 4914 722 4964 eos
740 4889 789 4965 sd
810 4890 995 4969 dictorum
1012 4890 1119 4968 mille
1138 4891 1321 4972 librorum
1340 4924 1382 4971 nc
1397 4896 1585 5001 sexaginte
1606 4896 1792 4975 librorum
1806 4893 1926 4975 reddi-

420 5080 423 5089 .
509 5014 668 5095 tuslium
690 5018 924 5099 solucionem
946 5023 1134 5130 compelli.
