4450 6209
492 716 569 790 264
630 764 634 770 -
1076 715 1169 788 LES
1199 714 1337 790 OLIM.

265 863 453 928 1111111111·
491 878 623 968 questa
637 889 753 968 super
768 861 842 938 hoc
855 858 905 936 de
923 857 1102 937 mandato
1117 857 1219 934 curie
1234 873 1362 934 nostre
1377 855 1487 950 facta,
1503 856 1591 936 visis
1605 859 1720 936 eciam
1737 861 1918 943 omnibus

326 957 390 998 Μ’
493 1022 569 1100 que
589 993 637 1070 ab
659 1008 818 1098 utraque
835 1009 939 1097 parte
959 989 1108 1067 fuerant
1126 1015 1239 1094 super
1258 987 1331 1066 hoc
1349 988 1539 1094 proposita
1559 1006 1600 1068 et
1618 990 1795 1096 probata,
1818 993 1913 1073 dicta

493 1125 680 1202 comitissa
699 1123 910 1214 Matbildis,
930 1150 1000 1228 per
1018 1120 1123 1198 curie
1143 1137 1270 1196 nostre
1285 1117 1491 1226 judicium,
1512 1119 1584 1198 luit
1606 1121 1653 1199 ab
1672 1121 1912 1229 impetitione

493 1254 661 1361 predicta
679 1255 777 1331 dicte
795 1253 990 1362 Margarite
1010 1249 1288 1330 sentencialiter
1306 1248 1488 1328 absoluta.

545 1387 653 1464 Lune
673 1385 851 1493 predicta.

548 1517 599 1596 M.
617 1519 662 1594 11.
683 1515 843 1595 Cuillier
859 1514 1073 1622 reportavit.

546 1782 639 1859 Llll.
669 1783 766 1860 Cum
794 1779 982 1858 comitissa
1006 1777 1178 1856 Hanonie
1202 1795 1347 1885 peteret
1370 1775 1410 1854 in
1434 1777 1535 1856 curia
1559 1793 1687 1856 nostra
1709 1779 1911 1886 quamdam

493 1911 721 1991 sentenciam
742 1908 957 1987 arbitralem
978 1909 1026 1986 ab
1045 1909 1126 2014 ipsa
1148 1907 1351 2013 prolatam,
1373 1925 1417 1984 ut
1436 1905 1602 1998 dicebat,
1624 1907 1664 1984 in
1684 1937 1793 1986 causa
1812 1928 1912 1988 mota

491 2044 590 2120 inter
607 2040 826 2119 defunctum
840 2040 1017 2117 comitem
1037 2038 1207 2117 Hanonie
1224 2055 1261 2116 et
1276 2037 1481 2146 burgenses
1496 2038 1543 2116 de
1561 2037 1755 2118 Malbodio
1771 2041 1911 2120 11811-

491 2175 561 2267 cio,
578 2203 621 2251 ex
640 2201 713 2250 una
727 2187 851 2277 parte,
871 2188 910 2246 et
925 2170 1148 2278 Rochynum
1162 2171 1446 2276 Bonnenseigne
1464 2185 1502 2246 et
1517 2169 1597 2277 ejus
1616 2171 1851 2261 societatem,
1868 2201 1911 2250 ax

490 2304 621 2396 altera,
642 2319 772 2380 contra
791 2301 934 2378 dictum
954 2300 1169 2379 Rochinum
1188 2316 1226 2376 et
1240 2299 1322 2406 ejus
1340 2299 1558 2377 societatem
1573 2300 1789 2378 execucioni
1808 2329 1911 2378 man-

490 2434 585 2526 dari,
604 2452 642 2512 11
658 2434 781 2511 dictus
797 2431 989 2509 Rochinus
1003 2447 1043 2508 et
1060 2431 1144 2538 ejus
1159 2430 1251 2507 socii
1270 2446 1561 2536 proponerente
1580 2430 1768 2508 contrario
1785 2431 1911 2538 plures

488 2566 675 2654 raciones,
690 2562 870 2641 adfinem
887 2562 994 2669 quod
1011 2559 1110 2638 dicta
1124 2560 1314 2638 sentencia
1327 2558 1607 2666 arbitraliserat
1617 2559 1735 2652 nulla,
1753 2563 1910 2642 maxime

488 2695 576 2800 quia
596 2693 814 2770 Franciscns
832 2690 931 2783 Joie,
950 2692 1016 2798 qui
1035 2692 1076 2768 in
1095 2689 1234 2768 dictam
1252 2689 1496 2782 comitiam,
1519 2690 1618 2769 dicte
1637 2692 1825 2770 societatis
1845 2721 1912 2772 no-

489 2825 590 2901 mine
610 2823 939 2928 compromiserat,
958 2838 1002 2898 ut
1021 2821 1227 2910 dicebatur,
1248 2849 1326 2898 non
1346 2837 1520 2928 potuerat
1538 2823 1585 2900 ad
1606 2821 1680 2900 hoc
1699 2823 1838 2900 dictam
1853 2851 1910 2902 so-

489 2954 662 3030 cietatem
686 2951 1029 3057 compromittendo
1053 2951 1254 3058 obligasse,
1281 2967 1535 3058 proponerent
1559 2952 1676 3030 eciam
1702 2951 1830 3058 plures
1852 2983 1909 3034 ra-

489 3084 615 3160 ciones
644 3082 692 3158 ad
718 3081 836 3158 finem
862 3083 984 3188 quod,
1008 3082 1038 3159 si
1067 3082 1164 3158 dicta
1193 3083 1383 3160 sentencia
1409 3100 1489 3159 erat
1511 3081 1655 3188 aliqua,
1676 3101 1803 3184 tamen
1832 3103 1909 3164 erat

488 3215 618 3321 iniqua
633 3230 671 3291 et
682 3213 731 3290 ad
743 3212 948 3320 equitatem
957 3212 1191 3304 reducenda;
1210 3239 1324 3319 quare
1337 3213 1517 3319 petebant
1529 3211 1666 3292 dictam
1681 3215 1908 3294 sentenciam

486 3345 628 3422 nullam
647 3343 903 3450 pronunciari,
924 3343 984 3421 vel
1003 3343 1034 3420 si
1054 3360 1153 3421 esset
1172 3341 1311 3450 aliqua,
1334 3369 1416 3420 eam
1438 3342 1577 3422 debere
1596 3343 1725 3422 reduci
1744 3345 1795 3423 ad
1813 3347 1909 3425 arbi-

486 3476 602 3552 trium
622 3474 714 3553 boni
733 3473 803 3550 viri
823 3506 832 3551 ε
854 3474 1045 3563 Tandem,
1067 3475 1240 3580 inquesta
1259 3473 1352 3552 lacta
1372 3501 1487 3580 super
1505 3475 1683 3582 predictis
1701 3475 1777 3552 visa
1797 3494 1836 3555 et
1854 3476 1909 3554 di-

485 3605 648 3711 ligenter
667 3605 893 3694 examinata,
917 3605 1207 3709 pronunciatum
1227 3603 1313 3694 suit,
1337 3633 1406 3709 per
1431 3604 1534 3683 curie
1556 3623 1682 3683 nostre
1697 3605 1905 3713 judicium,

486 3736 631 3813 dictum
645 3734 883 3812 Franciscum
895 3735 987 3840 Joye
998 3734 1166 3839 potuisse
1182 3733 1365 3840 obligasse
1376 3736 1514 3814 dictam
1528 3737 1743 3816 societatem
1757 3753 1796 3815 et
1808 3738 1907 3816 bona

487 3866 584 3942 dicte
606 3864 793 3942 societatis
816 3864 1172 3969 compromittendo,
1197 3881 1240 3942 ut
1265 3865 1407 3943 dictum
1430 3883 1501 3958 est,
1525 3867 1566 3944 in
1587 3867 1724 3944 dictam
1746 3870 1908 3948 comitis-

485 4023 575 4085 sam,
590 4012 629 4070 et
637 3994 864 4072 sentenciam
878 3994 1093 4075 arbitralem
1106 3995 1205 4072 dicte
1219 3996 1406 4075 comitisse
1421 4025 1533 4106 super
1544 3999 1619 4076 hoc
1630 3998 1812 4089 tenuisse,
1830 4027 1906 4080 non

485 4124 724 4204 obstantibus
744 4124 983 4231 processibus
1008 4141 1047 4202 et
1065 4125 1447 4230 pronunciacionibus
1459 4129 1772 4237 quibuscumque
1795 4159 1906 4238 super

485 4255 558 4332 hoc
575 4255 803 4362 porcariam
814 4271 982 4333 nostram
997 4254 1087 4332 alias
1105 4255 1231 4348 factis3
1248 4273 1286 4333 et
1302 4257 1422 4364 quod,
1439 4259 1470 4335 si
1485 4259 1642 4364 predicti
1660 4261 1855 4338 Rochinus
1870 4280 1907 4340 et

486 4387 567 4493 ejus
586 4386 677 4464 socii
696 4384 886 4463 voluerint
906 4387 1084 4492 prosequi
1106 4387 1154 4464 de
1176 4386 1372 4493 iniquitate
1392 4388 1491 4466 dicte
1512 4390 1720 4481 sentencie,
1741 4390 1782 4466 in
1803 4391 1905 4470 curia

485 4535 610 4593 nostra
631 4531 755 4621 partes
773 4543 889 4621 super
904 4516 978 4592 hoc
997 4515 1200 4593 audientur
1220 4533 1259 4594 11
1277 4516 1344 4594 fiet
1356 4517 1439 4624 jns;
1460 4535 1515 4608 et,
1538 4518 1674 4597 auditis
1693 4547 1807 4626 super
1833 4521 1904 4600 hoc

484 4645 592 4721 dictis
608 4645 779 4751 partibus
797 4661 944 4750 postea,
965 4646 1064 4724 dicta
1077 4647 1283 4736 sentencia,
1301 4665 1486 4754 quatenus
1499 4665 1648 4756 reperta
1659 4649 1774 4729 luerit
1789 4679 1900 4758 equa,

483 4773 728 4851 mandabitur
747 4776 973 4854 execucioni.
994 4774 1001 4787 '

538 4904 645 4980 Lune
664 4904 841 5009 predicta.

540 5035 591 5112 M.
614 5034 837 5141 Pasquerius
856 5037 1059 5144 reportavit
