4450 6209
736 730 1002 839 nsQntrns
1027 749 1094 822 cr
1120 730 1328 823 Pnocts
1670 756 1741 826 357

317 891 423 970 sibus
453 891 555 969 dicto
582 890 758 998 episcopo
787 889 975 969 solvendis
998 917 1068 997 pro
1093 889 1268 996 dampnis
1295 891 1386 982 suis,
1416 891 1563 1001 injuriis
1586 912 1623 971 et
1648 894 1745 970 inte-
1775 911 1906 966 Pertusa
1926 913 1969 978 1v,

317 1051 439 1115 resse,
461 1022 740 1100 sentencialiter
757 1021 1073 1128 condempnatus,
1096 1020 1274 1128 dictoque
1296 1022 1471 1130 episcopo
1497 1024 1545 1102 de
1565 1024 1746 1130 predictis
1844 1005 1908 1053 ¹³⁰⁹·

317 1154 464 1233 clericis
483 1153 669 1243 resaisito,
691 1153 796 1261 qnia,
818 1182 887 1262 per
906 1153 1182 1231 commissarios
1201 1171 1350 1232 nostros
1364 1172 1475 1261 porte
1492 1156 1591 1233 dicte
1607 1156 1746 1235 domus

318 1283 543 1393 episcopalis
555 1300 591 1361 et
603 1282 725 1361 hostia
737 1283 827 1360 dicti
839 1283 1012 1373 carceris,
1029 1283 1068 1358 in
1079 1311 1195 1361 manu
1206 1302 1332 1363 nostra
1343 1286 1481 1391 posita,
1493 1315 1561 1393 per
1571 1289 1746 1366 eamdem

317 1445 476 1497 manum
490 1432 659 1493 nostram
670 1414 809 1493 resecta
827 1415 1000 1506 fuerunt,
1022 1414 1121 1493 dicta
1139 1444 1253 1493 manu
1267 1432 1393 1494 nostra
1407 1417 1497 1495 inde
1513 1436 1653 1510 amota,
1672 1420 1749 1496 dic-

316 1566 401 1627 tum
421 1548 638 1655 episcopum
658 1546 760 1624 curia
777 1564 905 1625 nostra
924 1546 1093 1654 reposuit
1110 1546 1150 1623 in
1168 1547 1304 1623 saisina
1324 1548 1362 1623 in
1385 1576 1477 1655 qua,
1500 1567 1586 1627 aute
1607 1550 1750 1627 violen-

318 1680 415 1759 ciam
433 1679 663 1788 predictam,
684 1679 765 1785 ipse
785 1694 865 1757 erat
882 1678 930 1755 de
949 1678 1069 1784 portis
1089 1694 1128 1755 ct
1147 1678 1280 1757 hostiis
1297 1680 1534 1786 supradictis.

376 1810 531 1890 Sabbati
551 1810 730 1917 predicta.

375 1940 535 2022 Cuillier
553 1939 765 2048 reportavit.

375 2206 435 2285 lv.
466 2204 581 2297 Cum,
604 2232 729 2283 coram
752 2205 863 2283 certis
883 2204 1148 2283 commissoriis
1172 2204 1360 2313 deputatis
1380 2234 1400 2281 a
1420 2206 1531 2283 nobis
1552 2206 1748 2312 episcopus

319 2336 556 2413 Niverncnsis
573 2334 831 2442 proposuisset
849 2336 956 2441 quod
977 2352 1109 2444 gentes
1125 2335 1272 2414 comitis
1292 2336 1529 2413 Nivernensis
1550 2334 1747 2413 Perrinum

321 2483 360 2543 et
388 2465 588 2555 Guiotum‚
615 2482 660 2541 ut
687 2465 770 2571 ipse
792 2465 958 2555 dicebat,
986 2465 1143 2544 clericos
1168 2466 1266 2545 etin
1288 2465 1524 2572 possessione
1552 2465 1749 2543 clericatus

320 2597 469 2676 notorie
486 2595 703 2689 existentes,
728 2613 905 2703 ceperant
923 2597 965 2673 in
990 2596 1140 2675 civitate
1155 2597 1388 2687 Niveruensi,
1414 2597 1454 2673 in
1479 2626 1569 2703 qna,
1597 2596 1644 2673 de
1660 2597 1747 2704 jure

321 2728 531 2818 communi,
553 2726 723 2835 cognicio
747 2744 786 2805 et
803 2728 957 2834 punicic
976 2727 1202 2807 clericorum
1221 2726 1531 2835 deliuqneucium
1550 2729 1598 2805 ad
1622 2728 1746 2835 ipsum

303 2860 541 2968 *episcopum
557 2875 714 2965 spectat,
732 2875 771 2935 et
784 2858 890 2966 quod
910 2858 1009 2936 dicte
1025 2876 1158 2966 gentes
1170 2859 1318 2937 comitis
1329 2859 1503 2966 predicti,
1523 2888 1592 2965 per
1611 2858 1749 2937 officia-

320 2990 396 3069 lem
411 2991 679 3069 Niveruensem
693 3007 731 3068 et
744 2990 925 3067 vicarium
937 2989 1028 3066 dicti
1040 2990 1205 3097 episcopi
1218 2990 1362 3067 monite
1372 2990 1748 3069 utdictosPerrinum

263 3186 275 3205 .
321 3138 361 3201 et
383 3120 585 3210 Guiotum‚
610 3131 805 3228 tachram
828 3119 999 3208 clericos,
1027 3120 1081 3197 eis
1103 3120 1325 3213 redderent,
1352 3120 1561 3200 noluerunt
1584 3148 1649 3199 eos
1669 3121 1751 3199 red·
1886 3210 1893 3225 Ι

290 3346 305 3371 ,
324 3252 431 3341 dere,
448 3280 613 3360 cumque
631 3252 788 3357 quidam
806 3251 1011 3329 servientes
1025 3252 1162 3339 nostri,
1181 3280 1225 3329 ex
1244 3271 1348 3360 parte
1367 3269 1510 3339 nostra,
1530 3252 1677 3329 eisdem
1689 3280 1750 3329 co-

321 3383 424 3462 mitis
436 3383 614 3492 gentibus
630 3381 884 3461 inhibuissent
904 3411 953 3461 ne
968 3382 1090 3461 dictos
1103 3384 1144 3459 Ρ.
1164 3400 1203 3461 et
1216 3383 1262 3463 G.
1284 3384 1374 3461 alibi
1388 3381 1650 3471 transferrent,
1666 3400 1752 3490 post

301 3592 311 3607 „
323 3516 441 3595 eciam
454 3513 617 3593 similem
626 3512 918 3602 inhihicionem,
931 3513 1226 3620 expartevicarii
1237 3514 1328 3593 dicti
1340 3513 1521 3621 episcopi,
1533 3514 1588 3591 eis
1598 3513 1746 3606 factam,

322 3646 491 3753 predicte
509 3661 642 3754 gentes
659 3643 749 3723 dicti
770 3643 920 3723 comitis
940 3642 1095 3723 eosdem
1113 3643 1216 3751 apud
1236 3645 1480 3734 Danziacum,
1503 3661 1604 3723 extra
1625 3646 1750 3723 dioce-

322 3778 393 3855 sim
408 3777 674 3855 Niveruensem
690 3775 980 3868 transtulerunt3
1003 3775 1202 3883 dictusque
1220 3804 1364 3867 comes,
1377 3805 1447 3883 per
1465 3775 1643 3855 vicariurn
1659 3777 1750 3855 dicti

324 3906 490 4015 episcopi
507 3906 608 4013 apud
626 3906 855 4015 Dauniacnm
874 3907 1078 4014 requisitus
1091 3900 1199 4015 qnod
1217 3907 1337 3985 dictos
1354 3908 1394 3983 Ρ.
1417 3924 1455 3985 et
1469 3906 1514 3986 G.
1537 3906 1753 4011 restitueret

326 4039 468 4128 eidem,
486 4066 552 4115 eos
566 4038 764 4116 restituere
782 4037 922 4127 noluit,
937 4037 1004 4115 sed
1020 4065 1085 4116 cos
1100 4038 1140 4115 in
1154 4036 1353 4116 tormentis
1370 4022 1461 4144 poni
1476 4038 1582 4132 fecit,
1598 4055 1651 4127 et,
1669 4030 1754 4147 post

324 4170 446 4249 multa
458 4154 737 4249 tormentorum
750 4196 907 4278 genera,
925 4168 1080 4247 eosdem
1097 4169 1195 4246 trahi
1214 4186 1251 4247 et
1261 4168 1441 4276 suspendi
1454 4169 1559 4261 lecit,
1577 4170 1747 4247 asseratis

324 4320 383 4381 set
398 4302 515 4381 eciam
533 4329 659 4379 coram
678 4299 941 4378 commissariis
950 4299 1129 4406 predictis
1148 4299 1421 4407 quodquidam
1437 4300 1750 4379 servienssnmmi
1829 4308 1836 4325 '

324 4434 514 4540 pontilicis
532 4432 656 4511 fuerat
673 4432 714 4509 in
733 4431 897 4540 quadam
917 4430 1073 4525 ecclesia
1090 4431 1191 4537 apud
1210 4431 1412 4511 Nivernnm
1432 4461 1500 4537 per
1513 4447 1644 4541 gentes
1660 4432 1749 4509 dicti

326 4565 474 4646 comitis
502 4582 633 4673 captus
659 4581 698 4641 et
720 4563 768 4642 ab
796 4563 929 4641 eadem
956 4562 1113 4643 ecclesia
1142 4561 1337 4652 violenter,
1362 4562 1569 4669 frangendo
1597 4564 1751 4641 ecclesie
1859 4598 1862 4606 ⁴

326 4697 613 4786 inmunitatem,
642 4711 844 4784 extractus,
871 4694 1120 4803 peciissetque
1144 4695 1313 4801 predicta
1333 4694 1550 4783 emendari,
1573 4695 1673 4773 dicto
1694 4724 1753 4775 co-

326 4827 418 4905 mite
438 4827 548 4934 plura
566 4828 615 4905 ad
633 4828 692 4905 sni
712 4827 972 4907 defensionem
992 4826 1217 4904 econtrario
1237 4846 1491 4934 proponente,
1509 4844 1548 4904 et
1566 4826 1664 4905 iuter
1684 4828 1754 4905 alia

327 4959 478 5037 dicente
497 4959 602 5065 qnod
621 4959 713 5039 dicti
732 4960 773 5037 P.
795 4977 834 5037 et
855 4958 900 5037 G.
922 4959 1016 5067 layci
1038 4976 1146 5037 erant
1165 4976 1204 5037 et
1223 4960 1366 5037 uxorati
1388 4977 1426 5037 et
1452 4978 1695 5050 mercatores,
1719 4977 1756 5038 et

327 5088 470 5197 absque
483 5089 617 5183 habitu
630 5087 792 5167 clericali
810 5108 848 5168 et
867 5089 1102 5194 possessione
1121 5106 1276 5169 tonsure
1297 5090 1540 5197 deprehensi,
1557 5092 1622 5199 qui
1637 5092 1754 5168 eciam
