4450 6209
494 703 567 779 l68
1072 704 1164 779 LES
1194 702 1333 779 OLIM.

267 854 397 909 rarum
410 854 453 918 tv,
491 862 699 935 lavensem,
720 872 764 924 ex
783 844 919 935 altera,
939 873 1054 953 super
1072 846 1147 925 boc
1170 846 1274 954 quod
1296 844 1449 953 petebat
1473 845 1596 925 dictus
1613 844 1774 923 clericus
1788 845 1914 951 plures

328 946 392 990 1809.

492 1004 553 1055 res
573 976 711 1085 ipsius,
732 974 894 1055 mobiles
912 992 951 1054 et
965 976 1199 1067 immobiles,
1221 976 1379 1068 saisitus,
1399 994 1521 1084 eaptus
1541 994 1580 1055 et
1598 974 1735 1055 levatas
1757 1002 1827 1081 per
1842 976 1913 1055 dic·

490 1126 573 1187 tum
592 1107 839 1187 senescallum
866 1124 906 1185 et
928 1107 1131 1187 servientes
1151 1134 1238 1187 suos
1261 1107 1368 1186 etde
1392 1108 1511 1214 ipsius
1530 1106 1724 1196 mandato,
1751 1122 1795 1185 ut
1817 1106 1913 1185 dice·

491 1239 615 1332 batur,
636 1240 764 1317 minus
777 1236 880 1346 juste
906 1256 945 1317 et
962 1239 1043 1317 sine
1063 1266 1173 1317 censa
1190 1238 1432 1329 racionabili,
1453 1267 1541 1319 cum
1562 1236 1747 1317 fructibus
1765 1265 1915 1345 percep-

490 1371 540 1449 tis
557 1387 596 1449 et
614 1373 680 1479 qui
699 1370 840 1478 percipi
861 1386 1067 1476 potuerunt
1086 1369 1236 1463 exinde,
1259 1398 1335 1448 una
1358 1398 1445 1451 cum
1466 1370 1640 1477 dampnis
1658 1385 1698 1447 et
1719 1368 1911 1459 interesse,

490 1502 638 1581 racione
654 1503 848 1581 vinearum
868 1519 908 1581 et
925 1519 1112 1581 terrarum
1132 1528 1285 1581 suarum
1312 1529 1391 1582 non
1416 1501 1620 1590 cultarum,
1645 1500 1804 1579 durante
1825 1518 1914 1579 tem-

489 1661 582 1742 pore
598 1632 698 1712 dicte
710 1633 914 1741 capcionis,
933 1632 1006 1712 sibi
1020 1632 1153 1723 reddi3
1174 1633 1285 1726 item,
1305 1633 1459 1745 injurias
1475 1632 1605 1741 plures
1617 1632 1743 1713 eidem
1761 1660 1829 1739 per
1842 1632 1914 1710 dic·

489 1782 572 1843 tum
591 1764 838 1844 senescallum
858 1794 926 1845 seu
937 1792 1027 1844 suos
1041 1764 1260 1857 servientes,
1282 1764 1363 1871 ipso
1384 1754 1602 1853 mandantd,
1625 1778 1667 1842 ut
1687 1762 1853 1851 dicebat,
1874 1764 1914 1842 il-

491 1895 583 1975 latas
609 1896 680 1975 sibi
706 1894 917 1985 emendari,
944 1895 1047 1975 dicto
1072 1894 1275 1975 senescallo
1304 1896 1344 1974 in
1373 1896 1603 1975 contrarium
1628 1894 1779 1973 dicente
1804 1922 1844 1973 se
1869 1896 1914 1973 ad

490 2027 672 2135 premissa
691 2056 768 2107 non
786 2028 927 2116 teneri,
947 2056 1052 2116 cnm,
1073 2028 1106 2105 si
1126 2027 1251 2136 aliqua
1266 2046 1433 2136 ceperat,
1451 2028 1655 2116 saisivemt,
1669 2025 1752 2133 capi
1769 2054 1837 2104 seu
1849 2027 1913 2105 sai-

490 2159 554 2237 siri
572 2158 713 2239 lecerat
737 2160 784 2239 de
808 2158 919 2239 bonis
945 2159 1063 2267 ipsius
1086 2158 1229 2252 clerici,
1255 2160 1328 2241 hoc
1351 2159 1489 2239 lecerat
1504 2160 1606 2269 juste
1634 2175 1673 2237 et
1697 2157 1815 2250 licite,
1842 2176 1913 2235 tam

489 2307 644 2397 propter
657 2289 787 2397 plures
803 2288 1085 2368 inobediencias
1103 2307 1143 2367 et
1161 2291 1357 2381 emendas,
1377 2292 1418 2369 in
1437 2290 1578 2399 quibus
1595 2290 1705 2369 nobis
1718 2288 1915 2367 tenebatur

491 2421 614 2499 dictus
634 2419 808 2511 clericus,
831 2449 944 2533 quam
967 2420 1086 2499 eciem
1105 2420 1254 2501 racione
1275 2420 1541 2500 mandatorum
1563 2448 1677 2528 super
1696 2417 1769 2497 hoc
1790 2420 1912 2497 eidem

489 2550 689 2642 lactomm,
721 2548 1273 2632 secundumconsuetudinem
1304 2552 1444 2661 patrie,
1473 2571 1548 2632 tam
1578 2551 1625 2631 ab
1654 2550 1914 2632 archidiacono

488 2683 765 2793 lingolismensi
788 2712 902 2792 quum
928 2680 1117 2763 officiariis
1140 2683 1344 2763 Pictavensi
1373 2700 1412 2763 et
1435 2684 1673 2774 Bituricensi,
1699 2684 1913 2763 auctoritate

490 2843 653 2923 quorum
670 2815 793 2893 dictus
812 2814 970 2894 clericus
987 2832 1067 2894 erat
1086 2833 1125 2894 et
1144 2817 1211 2895 diu
1229 2815 1349 2895 luerat
1369 2834 1407 2895 et
1425 2816 1549 2896 adbuc
1569 2834 1640 2909 est,
1661 2833 1704 2894 ut
1721 2816 1801 2923 ipse
1817 2816 1914 2894 dice-

490 2944 572 3035 bat,
595 2945 938 3025 excommunicatus
957 2964 996 3023 et
1014 2946 1275 3054 multipliciter
1293 2966 1522 3058 aggravatus,
1537 2946 1694 3057 quibus,
1709 2946 1816 3055 juxta
1835 2975 1913 3027 con·

490 3076 733 3155 suetudinem
747 3077 884 3185 patrie,
898 3078 1100 3157 tenebatur
1113 3078 1289 3169 obedire,
1308 3096 1346 3157 et
1360 3080 1574 3187 specialiter
1585 3080 1688 3188 quia,
1705 3107 1821 3185 super
1834 3106 1913 3186 pre·

490 3208 632 3297 missis,
663 3227 867 3288 conventus
896 3208 1019 3288 dictus
1049 3209 1295 3302 senescallus,
1326 3213 1374 3290 ad
1403 3211 1622 3291 instanciam
1655 3210 1746 3289 dicti
1773 3210 1910 3300 clerici,

491 3367 614 3419 coram
634 3358 785 3421 cantore
803 3341 1062 3421 Amelianensi
1084 3360 1123 3421 et
1138 3344 1311 3421 iohanne
1331 3343 1379 3423 de
1400 3345 1607 3453 Rouveroy,
1632 3341 1768 3429 milite,
1794 3342 1913 3450 inqui·

489 3471 668 3551 sitoribus
683 3474 723 3552 in
740 3474 850 3553 dictis
864 3474 957 3553 locis
969 3492 1099 3553 contra
1112 3474 1291 3555 officiales
1303 3492 1451 3555 nostros
1465 3506 1486 3553 a
1501 3475 1611 3554 nobis
1626 3474 1841 3583 deputatos,
1856 3502 1913 3553 au·

490 3601 579 3681 ditis
598 3604 800 3711 propositis
823 3628 890 3712 per
913 3606 1038 3712 ipsum
1059 3606 1237 3685 clericum
1259 3624 1296 3685 et
1317 3606 1600 3687 delensionibus
1619 3606 1813 3691 senescalli
1833 3633 1913 3715 pre·

490 3734 595 3825 dicti,
608 3733 730 3813 luerat
742 3736 1031 3842 pronunciatum
1047 3762 1116 3844 per
1128 3737 1248 3817 dictos
1260 3738 1500 3845 inquisitores
1512 3739 1655 3817 dictum
1670 3737 1911 3817 senescallum

486 3866 587 3972 juste
608 3867 736 3943 etrite
756 3895 911 3944 manum
935 3885 1102 3948 nostram
1120 3868 1159 3945 in
1178 3868 1290 3948 bonis
1312 3870 1401 3948 dicti
1421 3870 1545 3949 clerici
1565 3871 1803 3978 apposuisse:
1819 3869 1912 3949 Visis

490 3995 605 4102 igitur
622 3996 806 4103 inquestis
825 4026 938 4105 super
957 3998 1031 4077 boc
1052 3999 1099 4078 de
1119 4000 1294 4080 mandato
1313 4018 1441 4081 nostro
1461 4001 1581 4096 lactis,
1599 4001 1801 4111 auditaque
1823 4002 1912 4080 rela-

490 4126 598 4203 cione
613 4127 731 4234 ipsius
746 4130 922 4221 cantoris,
936 4131 1023 4209 visis
1040 4130 1157 4209 eciam
1174 4132 1409 4239 processibus
1423 4133 1619 4241 predictis,
1638 4151 1714 4210 tam
1730 4161 1800 4239 pro
1815 4133 1910 4210 dicto

490 4257 627 4339 clerico
651 4288 763 4368 quam
787 4278 917 4340 contra
937 4263 1063 4369 ipsum
1082 4262 1187 4343 lactis
1211 4282 1249 4342 et
1273 4264 1427 4357 habitis,
1449 4294 1517 4375 per
1540 4264 1643 4343 curie
1667 4280 1795 4343 nostre
1810 4264 1912 4373 judi·

490 4390 588 4469 cium
611 4392 755 4470 dictum
774 4390 846 4471 fuit
869 4393 1083 4503 predictum
1107 4397 1355 4475 senescallum
1374 4424 1529 4475 menum
1549 4412 1714 4475 nostram
1739 4396 1777 4472 in
1806 4396 1911 4475 dictis

488 4519 600 4600 bonis
618 4522 825 4630 appositam
844 4522 946 4601 licite
961 4526 1194 4632 apposuisse,
1212 4544 1250 4605 et
1264 4527 1369 4636 quod
1388 4555 1520 4605 manus
1539 4542 1667 4605 nostra·
1682 4525 1846 4604 inbonis
1859 4527 1911 4633 ip-

489 4652 567 4731 sius
591 4653 714 4732 clerici
734 4655 924 4733 tenebitur
943 4684 1140 4765 quousque
1162 4656 1209 4735 de
1229 4658 1465 4738 absolucione
1486 4684 1553 4737 sua
1572 4674 1730 4747 constet,
1753 4674 1792 4735 et
1810 4655 1910 4765 quod
1958 4703 1966 4721 ·

487 4801 563 4862 tarn
585 4785 631 4861 de
650 4785 761 4865 bonis
779 4787 986 4867 mobilibus
1005 4789 1122 4896 ipsius
1142 4789 1282 4880 clerici,
1304 4791 1418 4898 captis
1441 4820 1507 4869 seu
1528 4790 1662 4869 saisitis
1681 4819 1748 4897 per
1768 4789 1906 4867 dictum

489 4916 734 4996 senescallum
755 4948 823 4997 seu
841 4950 930 4999 suos
948 4923 1168 5015 servientes,
1189 4952 1302 5031 quarn
1325 4925 1442 5003 eciem
1464 4924 1511 5003 de
1530 4922 1714 5001 fructibus
1733 4922 1907 4999 immobi-

486 5044 582 5124 lium
600 5076 670 5153 per
689 5048 789 5154 ipsos
807 5052 1010 5159 perceptis,
1031 5053 1166 5133 saisitis
1186 5070 1223 5131 et
1239 5053 1365 5133 levatis
1386 5056 1505 5165 etqui
1526 5054 1668 5163 percipi
1687 5068 1904 5160 potuerunt,
