4450 6209
402 669 406 688 '
494 687 569 762 oss
1075 687 1167 762 trs
1198 687 1339 761 ocur.

269 836 455 899 munau.
492 829 564 908 aar
584 829 786 937 impotem,
809 827 1071 910 inobedientes
1095 799 1210 909 uiae
1233 831 1273 907 in
1295 828 1464 938 parando
1489 844 1632 908 maro
1654 828 1847 938 prestas,
1873 837 1914 910 a

330 929 393 972 Μ’
494 960 679 1068 quosdam
695 960 743 1038 de
756 962 921 1068 quadam
936 961 1183 1039 multitudine
1197 961 1384 1040 dictorum
1397 960 1654 1040 habitantium
1666 961 1912 1041 citatorumet

494 1092 791 1198 comparentium
816 1121 943 1172 coram
968 1093 1071 1172 curia
1091 1093 1281 1172 dictorum
1300 1091 1579 1202 religiosorum,
1601 1122 1689 1172 curu
1709 1093 1815 1174 dicto
1836 1097 1911 1174 llu-

493 1251 608 1332 gone‚
625 1223 664 1300 in
682 1224 946 1302 contumeliam
963 1223 1052 1303 dicti
1069 1224 1228 1315 abbatis,
1247 1225 1372 1332 ipsum
1386 1224 1548 1303 illusisse
1562 1242 1602 1302 et
1613 1242 1699 1332 post
1707 1225 1833 1332 ipsum
1848 1227 1913 1304 cla

493 1353 735 1436 masseAbell
752 1353 864 1433 Aball
881 1383 949 1461 per
962 1354 1061 1436 dicte
1074 1357 1179 1434 curie
1191 1372 1319 1434 nostre
1328 1355 1534 1465 judicium,
1551 1356 1801 1435 communitas
1814 1358 1910 1436 dicte

492 1484 578 1564 ville
593 1485 866 1592 condempnata
878 1484 950 1563 luit
965 1487 1014 1564 ad
1027 1485 1252 1565 solvendum
1272 1486 1374 1566 dicto
1389 1485 1534 1577 abbati,
1555 1514 1626 1594 pro
1641 1487 1911 1568 inobedientiis

493 1630 531 1692 et
548 1616 696 1725 injuriis
716 1615 912 1724 predictis,
929 1635 1130 1708 trecentas,
1152 1634 1192 1696 et
1210 1617 1323 1696 nobis
1341 1620 1523 1697 ducentas
1541 1618 1656 1697 libras
1671 1621 1911 1699 Turonenses

491 1775 561 1854 pro
577 1747 752 1839 emenda,
769 1748 966 1856 dictusque
982 1751 1102 1856 Hugo,
1117 1777 1186 1855 per
1200 1747 1304 1826 idern
1311 1749 1516 1859 judicium,
1533 1767 1683 1830 amotus
1693 1751 1769 1830 luit
1779 1752 1911 1860 imper·

491 1894 650 1982 psoium
669 1878 716 1956 ab
736 1877 869 1956 officiis
888 1879 1103 1959 consulatus
1124 1879 1223 1958 dicte
1244 1879 1344 1958 ville.

549 2008 712 2088 Sabbato
731 2009 911 2115 predicta.

547 2141 710 2248 Mangon
728 2143 942 2246 reportavit.

547 2403 622 2479 LX.
654 2402 770 2494 Cum,
791 2431 860 2509 per
879 2421 1060 2483 arrestum
1084 2407 1187 2484 curia
1208 2425 1354 2498 nostra,
1375 2407 1519 2486 dictum
1538 2406 1671 2486 linisset
1688 2408 1796 2516 quod
1815 2437 1912 2487 com-

491 2532 620 2611 missio
650 2561 763 2640 quam
795 2533 1003 2643 burgenses
1027 2537 1074 2614 ds
1099 2539 1363 2648 Dono-Regis,
1393 2567 1508 2648 super
1529 2540 1717 2651 geolagio,
1738 2569 1909 2649 garunna,
1981 2575 1985 2583 ·

490 2662 602 2741 bonis
626 2662 890 2743 bastardorum
907 2683 946 2744 et
959 2667 1192 2747 aubenarum
1207 2701 1250 2748 ac
1263 2671 1430 2777 quodam
1445 2670 1581 2750 fossato
1600 2700 1671 2780 pro
1690 2671 1914 2750 animalibus

492 2795 742 2902 adaquandis,
759 2813 887 2874 contra
904 2817 1188 2906 procuratorem
1201 2820 1373 2880 nostrum
1388 2820 1427 2880 et
1436 2802 1617 2881 ballivum
1627 2803 1913 2894 Bituricensem,

491 2927 581 3032 ipsis
600 2954 679 3005 non
698 2929 850 3020 vocatis,
873 2929 920 3006 ad
940 2948 1062 3010 certos
1080 2932 1273 3011 auditores
1291 2933 1579 3041 impetraverant
1591 2963 1661 3042 per
1677 2936 1839 3013 modum
1852 2963 1913 3014 no

490 3057 623 3148 vitatis,
636 3086 748 3165 quam
758 3060 938 3168 petebant
945 3063 1211 3155 renovari,n0n
1217 3083 1471 3156 renovaretur,
1482 3066 1550 3143 sed
1556 3065 1668 3144 cartis
1677 3065 1912 3144 auditoribus

491 3188 791 3268 committeretur
803 3192 909 3298 quod
923 3193 993 3299 ipsi
1015 3195 1261 3301 inquirerent,
1282 3214 1468 3304 quantum
1488 3197 1536 3274 ad
1555 3196 1699 3275 dictum
1717 3196 1907 3286 fossatum,

491 3321 521 3396 si
535 3337 657 3400 castro
668 3340 798 3401 nostro
816 3325 988 3430 expediat
1002 3325 1125 3432 ipsum
1141 3328 1282 3418 claudi,
1299 3346 1354 3420 et,
1370 3346 1554 3436 qraantum
1568 3327 1616 3405 ad
1630 3328 1723 3406 alios
1736 3328 1910 3408 articulos

491 3451 695 3559 predictos,
710 3483 823 3562 super
841 3474 1013 3564 tempore
1029 3487 1105 3565 quo
1119 3460 1208 3537 dicti
1227 3459 1434 3568 burgenses
1453 3461 1592 3540 dietam
1607 3461 1909 3540 commissionem

493 3579 795 3690 impetraverint,
817 3615 886 3664 nos
906 3615 1054 3666 eramus
1074 3606 1112 3667 et
1129 3618 1200 3696 per
1217 3591 1346 3696 plures
1364 3619 1483 3670 annos
1501 3591 1693 3670 lueramm
1717 3592 1758 3668 in
1782 3593 1910 3671 saisina

490 3715 767 3818 predictorum,
785 3735 824 3794 et
843 3719 1025 3825 quicquid
1052 3749 1167 3826 super
1188 3721 1264 3798 hiis
1284 3722 1495 3801 invenirent
1515 3723 1617 3801 curie
1635 3741 1767 3802 nostre
1785 3751 1908 3832 repor-

490 3858 629 3922 tarent:
642 3849 752 3924 Facta
771 3848 886 3952 igitur
905 3877 1019 3954 super
1037 3851 1247 3957 premissis,
1259 3855 1364 3961 juxta
1380 3853 1471 3932 dicti
1488 3855 1617 3932 arresti
1628 3871 1821 3945 tenorem,
1837 3883 1907 3932 ma·

491 3973 616 4082 gistris
637 3977 801 4054 Draconi
828 3978 876 4056 de
898 3980 1059 4058 ilaritate
1085 3999 1122 4059 et
1141 3982 1293 4062 Nicolao
1312 3983 1361 4062 de
1381 3985 1574 4074 Creciaco,
1596 3983 1740 4064 clericis
1759 3987 1904 4074 nostris,

491 4105 773 4197 commissione,
794 4109 949 4218 visoque
969 4139 1037 4218 per
1052 4113 1194 4193 curiam
1214 4132 1381 4193 nostram
1400 4145 1578 4223 processu
1593 4145 1663 4223 per
1680 4116 1782 4226 ipsos
1799 4145 1906 4224 super

489 4238 681 4342 premissis
696 4238 808 4330 sacto,
829 4242 917 4348 quia
936 4243 1131 4322 inventum
1150 4264 1206 4323 est
1225 4245 1386 4338 ibidem,
1406 4275 1476 4354 per
1492 4247 1613 4326 dictos
1629 4265 1905 4355 procuratorem

490 4385 528 4446 et
546 4366 726 4448 ballivum
747 4389 912 4465 nostros,
934 4374 1052 4459 nichil
1070 4405 1142 4483 pro
1159 4375 1270 4454 nobis
1289 4375 1408 4458 luisse
1422 4379 1680 4486 propositum,
1705 4396 1744 4458 et
1760 4407 1830 4488 per
1848 4407 1905 4458 eos

488 4500 653 4580 articulis
680 4503 719 4578 in
749 4505 846 4582 dicta
875 4508 1138 4586 commissione
1167 4511 1353 4589 contentis
1380 4513 1508 4590 minus
1537 4511 1768 4591 sufficienter
1798 4511 1904 4590 luisse

488 4659 728 4737 responsum,
744 4663 814 4742 per
832 4639 937 4715 curie
955 4656 1082 4718 nostre
1093 4641 1300 4750 judicium,
1323 4643 1466 4722 dictum
1485 4643 1558 4722 luit
1572 4643 1678 4752 quod
1695 4644 1904 4734 commissio

488 4762 655 4866 predicta
668 4767 920 4860 renovabitur,
933 4787 971 4848 et
982 4773 1226 4852 mandabitur
1236 4777 1342 4882 quod
1351 4775 1441 4853 dicti
1453 4774 1612 4854 ballivus
1628 4793 1666 4854 et
1677 4789 1902 4883 procurator,

487 4893 517 4971 si
539 4892 683 5002 aliquid
698 4899 925 4980 racionabile
944 4931 1014 5010 pro
1035 4904 1145 4983 nobis
1163 4924 1375 5014 proponere
1394 4935 1508 5016 super
1525 4909 1598 4987 boc
1614 4907 1820 4997 voluerint,
1840 4906 1903 4984 ite·

486 5053 572 5102 rum
592 5027 804 5119 audiantur,
825 5050 864 5110 et
882 5032 1063 5140 quicquid
1083 5065 1153 5142 pro
1171 5054 1331 5146 utraque
1346 5054 1450 5146 parte
1470 5039 1664 5117 inventum
1676 5037 1791 5117 luerit
1805 5036 1900 5116 curie
