4450 6209
519 713 594 783 alc
1097 715 1191 789 bES
1226 713 1358 788 Othtt.

297 866 426 918 sanim
440 861 484 924 W·
574 855 716 935 XLVII.
747 857 846 935 Cum
864 857 904 933 in
922 856 1060 934 nostris
1071 840 1277 964 Campania
1295 855 1490 945 nundinis,
1506 875 1632 934 coeam
1645 855 1828 941 (liumus
1848 879 1942 939 nun-

353 954 416 1000 ¹⁸⁰⁶'
517 984 691 1064 dinatum
715 981 951 1079 custodibus,
972 1005 1072 1070 mota
1098 1004 1196 1066 esset
1215 988 1464 1066 controversia
1488 985 1586 1064 inter
1604 981 1784 1064 Jacobum
1810 1005 1850 1066 et
1867 988 1940 1070 Ge-

516 1117 666 1194 raldum
686 1118 807 1197 dictos
829 1117 1024 1198 Cbaucbet
1045 1137 1083 1196 et
1100 1117 1353 1198 Guillelmum
1375 1117 1519 1207 Poucii,
1542 1117 1639 1194 cives
1658 1135 1697 1194 et
1718 1137 1941 1200 mercatores

514 1247 862 1340 Claromoutenses,
887 1277 930 1328 er
951 1268 1056 1358 parte
1076 1279 1171 1340 una,
1195 1267 1233 1328 et
1253 1248 1427 1359 bajulum
1449 1251 1551 1326 curie
1575 1249 1937 1346 Montis-Passalani,

513 1378 690 1458 carissimi
718 1381 891 1459 avunculi
919 1399 958 1458 et
987 1380 1112 1459 fidelis
1139 1381 1257 1460 nostri
1286 1381 1384 1488 regis
1411 1381 1671 1489 Majoricarum
1694 1380 1873 1473 illustris,
1898 1413 1939 1460 ex

509 1508 645 1601 altera,
668 1539 781 1620 super
807 1512 980 1621 eoquod
1003 1511 1093 1590 dicti
1115 1530 1342 1590 mercatores
1365 1511 1545 1619 petebant
1565 1529 1602 1590 et
1620 1511 1865 1618 requirebant
1883 1545 1939 1592 re-

507 1642 651 1749 gistrari
669 1644 874 1751 quamdam
894 1644 1126 1722 sentenciam
1152 1671 1219 1722 seu
1240 1641 1452 1737 defensam,
1475 1643 1522 1755 ad
1548 1668 1680 1722 eorum
1700 1645 1935 1737 instanciam,
1972 1742 1977 1753 Ι

508 1792 639 1852 contra
658 1777 940 1854 universitatem
964 1792 1216 1854 mercatorum
1238 1792 1276 1853 et
1295 1775 1496 1854 bominum
1522 1773 1570 1853 de
1593 1776 1938 1856 Monte-Pessulmo
2004 1868 2017 1889 '

509 1922 548 1980 et
566 1906 740 1984 subditos
759 1906 850 1984 dicti
868 1905 987 2014 bajuli
1010 1922 1049 1984 et
1073 1933 1207 1985 eorum
1233 1907 1350 1999 bona,
1372 1904 1486 1984 latam
1508 1933 1576 2012 per
1596 1907 1773 1985 custodes
1792 1909 1938 2014 predio-

507 2052 583 2126 tos,
600 2065 670 2144 pro
686 2065 734 2114 eo
746 2036 852 2146 quod
867 2037 992 2117 dictus
1004 2038 1156 2146 bajulus
1170 2039 1209 2114 in
1227 2037 1453 2116 execucione
1470 2037 1733 2116 mandatomm
1750 2039 1937 2118 dictorum

508 2169 710 2247 custodum
735 2168 783 2247 de
808 2169 1096 2276 compellendo,
1118 2197 1186 2278 per
1210 2197 1368 2248 suorum
1393 2167 1658 2246 vendicionem
1682 2170 1874 2249 bonosum
1901 2191 1937 2250 et

508 2300 725 2408 captionem
745 2327 965 2408 corporum,
981 2299 1217 2408 Philippum,
1233 2301 1414 2378 Jacobum
1438 2319 1476 2380 et
1494 2299 1648 2378 Petrum
1664 2299 1712 2378 de
1731 2301 1933 2393 Cruzoliis,

507 2449 545 2508 et
557 2430 650 2509 alios
666 2431 714 2509 de
729 2431 905 2510 societate
922 2429 1113 2509 dictorum
1131 2430 1179 2510 de
1195 2431 1401 2521 Crusoliis,
1415 2431 1463 2508 ad
1478 2431 1721 2512 reddendum
1736 2451 1774 2510 et
1789 2433 1935 2512 solven-

508 2563 602 2641 dum
618 2563 728 2641 dictis
739 2563 1014 2641 mercatoribus
1028 2564 1213 2671 quasdam
1230 2563 1474 2673 pecuniarum
1487 2563 1731 2670 quantitates,
1744 2565 1785 2641 in
1796 2567 1934 2672 quibus

507 2695 598 2772 dicti
614 2694 806 2772 debitores
821 2694 870 2771 de
884 2722 1041 2801 corpore
1058 2693 1314 2772 nundinarum
1332 2691 1551 2771 dicebantur
1563 2695 1708 2773 eisdem
1725 2701 1934 2777 mercatori·

507 2826 580 2904 bus
601 2824 801 2903 efficaciter
820 2823 994 2932 obligati,
1019 2824 1216 2935 negligens
1238 2824 1362 2904 luerat
1385 2842 1423 2902 et
1442 2825 1560 2902 eciam
1586 2825 1810 2918 defectivum
1834 2829 1931 2912 dicto

505 2956 634 3063 bajulo
648 2958 687 3032 in
702 2956 929 3033 contr-mium
948 2973 1136 3034 asserente
1156 2985 1195 3034 se
1213 2983 1363 3064 semper
1376 2983 1456 3034 esse
1471 2973 1511 3034 et
1524 2955 1637 3036 luisse
1655 2956 1693 3034 in
1710 2962 1931 3042 escensione

507 3088 696 3165 dictorum
708 3087 972 3165 mandatorum
983 3085 1226 3194 diligentem,
1242 3105 1296 3178 et,
1313 3087 1445 3166 multis
1460 3085 1541 3166 aliis
1556 3087 1784 3180 racionibus,
1801 3121 1931 3200 propo-

506 3235 620 3296 nente
641 3220 779 3298 dictam
804 3217 1080 3316 inbibicionem
1105 3247 1172 3297 seu
1194 3217 1387 3298 defensam
1407 3247 1485 3298 non
1505 3237 1634 3298 tenere
1654 3249 1726 3298 nee
1744 3224 1928 3330 registrari
1956 3214 1962 3225 ¹

506 3352 663 3439 debere3
677 3351 849 3438 undem,
864 3349 1002 3428 auditis
1019 3351 1235 3430 racionibus
1253 3352 1421 3460 parcium
1437 3352 1706 3460 predictarum,
1723 3379 1792 3460 per
1812 3356 1929 3434 dictos

504 3481 680 3561 custodes
698 3480 769 3560 suit
787 3481 1079 3589 pronunciatum
1101 3483 1240 3560 dictam
1261 3483 1448 3562 interdicti
1466 3483 1695 3562 sentenciam
1712 3511 1781 3562 seu
1802 3485 1928 3566 deien-

504 3643 600 3705 sam,
617 3641 694 3692 non
710 3612 946 3690 obstantibus
964 3615 1167 3720 propositis
1187 3643 1231 3692 ex
1250 3631 1354 3722 parte
1371 3615 1460 3692 dicti
1480 3613 1615 3723 bajuli,
1635 3641 1716 3693 esse
1729 3618 1928 3724 registrari-

504 3746 610 3832 dam,
625 3760 663 3821 et
677 3743 784 3851 quod
798 3743 1071 3850 registraretur.
1086 3744 1202 3852 Aqua
1216 3747 1422 3834 sentencia,
1436 3761 1630 3852 tamquam
1644 3742 1735 3824 falsa
1747 3764 1786 3824 et
1801 3775 1924 3855 prava,

503 3873 576 3952 luit
594 3903 662 3981 per
679 3890 963 3981 procuratorem
983 3873 1073 3954 dicti
1093 3876 1229 3985 bajuli,
1250 3877 1404 3954 nomine
1425 3905 1495 3956 suo
1517 3895 1556 3955 et
1578 3877 1819 3956 subditorum
1840 3909 1927 3959 suo·

501 4034 606 4095 rum,
628 4005 676 4082 ad
692 4022 857 4082 nostram
873 4005 1017 4082 curiam
1032 4005 1283 4115 appellatum:
1300 4007 1454 4119 Auditis
1461 4009 1588 4116 igitur,
1609 4010 1648 4085 in
1666 4009 1768 4086 curia
1783 4025 1924 4104 nosue,

502 4136 611 4214 dictis
629 4135 799 4244 partibus
818 4136 857 4212 in
878 4165 987 4215 causa
1007 4138 1275 4248 appellacionis
1297 4139 1486 4247 predicte,
1506 4140 1669 4247 visisque
1691 4141 1925 4246 processibus

498 4267 687 4346 dictarum
709 4268 901 4375 parcium,
926 4286 964 4345 et
985 4270 1218 4363 nacionibus,
1248 4299 1292 4348 ex
1316 4289 1419 4378 parte
1445 4271 1534 4349 dicti
1561 4271 1677 4379 bajuli
1702 4275 1922 4380 propositis,

499 4400 650 4505 plenius
665 4398 882 4491 intellectis,
897 4427 966 4507 per
976 4402 1080 4479 curie
1092 4421 1220 4482 nostre
1236 4401 1441 4510 judicium,
1460 4403 1604 4480 dictum
1616 4400 1689 4481 luit
1700 4421 1748 4481 et·
1760 4433 1925 4510 pronun-

500 4532 637 4609 ciatum
653 4532 777 4609 dictos
793 4531 969 4609 custodes
985 4534 1083 4611 male
1093 4534 1303 4642 judicasse,
1320 4551 1359 4612 et
1374 4536 1519 4612 dictum
1532 4531 1817 4642 procuratorem
1835 4535 1922 4613 dicti

496 4662 633 4769 bajuli,
650 4664 806 4741 nomine
826 4661 1067 4741 subditorum
1084 4693 1259 4756 suorum,
1277 4666 1374 4744 bene
1392 4664 1614 4773 appellasse,
1633 4665 1848 4774 dictamque
1869 4667 1923 4742 in-

415 4841 420 4849 ·
496 4791 647 4870 terdicti
663 4795 892 4871 sentenciam
910 4821 980 4871 seu
1000 4794 1192 4874 defensam
1214 4825 1292 4874 non
1310 4797 1449 4875 debere
1470 4797 1618 4874 servari.
1692 4859 1694 4864 ,

551 4921 694 4999 Eadem
719 4926 908 5002 sentencia
933 4923 1049 5003 debet
1073 4927 1155 5005 lieri
1180 4929 1376 5036 prodictu
1402 4927 1530 5035 bajulo
1557 4945 1687 5006 contra
1713 4927 1917 5006 Robertum

495 5054 674 5142 Bondeti,
696 5055 796 5133 Doat
815 5073 852 5132 et
871 5057 1069 5164 Hugonem
1093 5058 1141 5136 de
1166 5061 1327 5167 llyomo,
1355 5061 1452 5138 cives
1478 5075 1518 5136 et
1543 5077 1770 5138 mercatores
1789 5057 1918 5138 ¹Claro·

2036 169 2136 724 l
