4450 6209
493 715 567 786 502
1081 712 1170 783 LES
1200 709 1337 782 OLIM.

264 870 394 923 Pavum
407 869 451 930 tv,
489 875 685 963 poterunt,
701 855 947 965 judicandam
969 852 1179 943 remittant,
1201 868 1339 929 certam
1369 868 1406 928 et
1430 868 1707 959 competentem
1735 852 1854 943 diem,
1874 854 1919 929 ad

325 964 388 1004 1810.

491 1018 573 1067 earn
594 988 756 1096 judicari
774 987 977 1066 videndam
998 1002 1036 1063 et
1054 984 1300 1075 audiendam,
1324 984 1433 1064 dictis
1453 984 1621 1093 partibus
1645 984 1877 1091 assignando.

546 1120 770 1199 Auditores:
795 1120 961 1227 llangest
979 1117 1114 1225 junior
1135 1134 1173 1194 et
1192 1118 1353 1223 Crepon.
1604 1108 1605 1113 ’

546 1253 703 1329 Veneris
723 1270 809 1357 post
825 1252 1001 1359 Cyneres.

544 1801 571 1875 l.
601 1798 699 1876 Cum
717 1798 932 1903 Stephanus
951 1796 987 1873 le
1002 1794 1172 1872 Poitevin
1188 1810 1317 1871 contra
1330 1792 1549 1871 Gervasium
1563 1794 1834 1903 deTlrefauge,
1851 1796 1919 1871 Ro-

487 1932 623 2008 binum
648 1930 696 2007 de
716 1928 901 2007 Lundone
919 1945 957 2005 et
976 1927 1219 2018 Renaudurn,
1241 1926 1459 2014 servientes,
1479 1952 1602 2001 coram
1623 1925 1828 2003 senescallo
1845 1926 1920 2002 Pic-

487 2063 627 2139 tavensi
642 2060 900 2169 proposuisset
918 2059 1024 2167 quod
1042 2057 1204 2165 predicti
1222 2058 1438 2147 Gervasius,
1461 2058 1632 2136 Robinus
1647 2074 1686 2133 et
1699 2059 1916 2146 Renaudus,

490 2223 578 2270 curn
591 2192 766 2301 pluribus
776 2191 859 2269 aliis
872 2191 949 2268 suis
962 2190 1228 2296 complicibus,
1241 2218 1328 2265 curn
1342 2190 1471 2278 armis,
1486 2190 1534 2267 de
1547 2208 1673 2279 nocte,
1686 2189 1830 2265 dictum
1846 2190 1921 2266 Ste

488 2327 674 2431 phanum,
691 2341 784 2402 tunc
797 2325 1022 2403 servientem
1040 2322 1218 2399 duodene
1232 2321 1472 2411 Pictavensis,
1488 2320 1674 2399 hostiliter
1689 2321 1916 2412 invaserunt,

416 2518 421 2528 .
487 2457 791 2545 vulneraverunt,
806 2473 843 2533 et
854 2455 977 2532 tribus
990 2454 1119 2562 digitis
1132 2454 1171 2529 in
1186 2452 1333 2530 duabus
1346 2453 1520 2530 manibus
1530 2454 1816 2531 mutilaverunt:
1830 2456 1920 2531 Tan-

490 2587 593 2676 dem,
608 2586 702 2664 lacta
718 2616 833 2694 super
846 2585 1056 2692 premissis,
1076 2587 1214 2662 vocatis
1229 2584 1340 2661 dictis
1350 2585 1522 2689 partibus
1537 2600 1574 2661 et
1589 2584 1745 2672 auditis,
1762 2614 1831 2691 per
1847 2584 1922 2662 dic-

487 2737 572 2796 tum
586 2718 834 2821 senescallum
850 2717 1022 2824 inquesta
1039 2734 1078 2793 et
1094 2717 1142 2793 de
1162 2714 1311 2822 speciali
1333 2716 1511 2793 mandato
1530 2734 1657 2793 nostro
1676 2716 1779 2792 curie
1797 2734 1921 2793 nostre

488 2848 747 2954 reportata,ad
754 2846 873 2925 finem
881 2848 1029 2924 civilem
1039 2848 1366 2955 perpresidentes,
1377 2848 1555 2936 Parisius,
1566 2847 1615 2923 ad
1622 2865 1815 2955 requestas
1822 2867 1922 2924 extra

489 2980 767 3085 parlamentum
777 2978 985 3085 judicanda
1005 2952 1101 3083 (it),
1125 2978 1197 3055 visa
1218 2996 1257 3054 et
1275 2977 1477 3086 diligenter
1492 2980 1714 3067 examinata,
1733 3008 1801 3085 per
1819 2982 1922 3056 curie

489 3128 617 3189 nostre
625 3109 830 3217 judicium,
849 3109 973 3186 dictus
984 3109 1184 3187 Gervasius
1197 3109 1237 3186 in
1252 3110 1426 3187 ducentis
1441 3110 1548 3187 libris
1561 3129 1599 3187 et
1611 3111 1736 3189 dictus
1752 3112 1923 3189 Probinus

490 3246 700 3320 incentum
726 3240 834 3317 libris
861 3269 1061 3346 parvorum
1083 3242 1385 3328 turonensium,
1409 3240 1519 3317 nobis
1543 3240 1748 3319 reddendis
1772 3243 1922 3319 racione

490 3374 669 3464 amende,
696 3372 850 3449 fuerunt
875 3370 1154 3449 sentencialiter
1179 3371 1463 3477 condempnati,
1494 3373 1541 3449 de
1570 3400 1642 3479 qua
1669 3372 1923 3479 condempna-

488 3507 595 3583 cione
609 3505 710 3582 dicto
723 3504 918 3581 vulnerato
933 3522 1087 3581 centurn
1101 3504 1196 3581 libre
1211 3506 1453 3581 Tumnenses
1465 3503 1770 3610 applicabuntur;
1785 3520 1840 3596 et,
1855 3535 1923 3610 per

486 3639 590 3716 idem
605 3637 810 3745 judicium,
829 3636 902 3713 suit
922 3637 1066 3713 dictum
1087 3637 1194 3743 quod
1210 3635 1334 3713 dictus
1355 3636 1575 3725 Renaudus,
1593 3637 1658 3742 qui
1682 3637 1819 3714 dicitur
1842 3666 1920 3715 esse

485 3771 678 3874 fugitivus,
703 3769 931 3875 requiretur,
957 3786 995 3845 et
1014 3768 1225 3844 adducetur
1243 3768 1416 3845 Parisius·
1429 3770 1467 3843 in
1486 3768 1705 3861 Castelleto,
1726 3797 1797 3876 pro
1818 3770 1918 3846 dicto

488 3929 639 3978 excessu
659 3898 817 3977 civiliter
837 3901 1068 4006 puniendus.

542 4034 614 4110 Iste
631 4048 784 4109 vocatur
802 4031 992 4108 lohannes
1010 4031 1045 4108 le
1066 4032 1202 4125 Grant,
1226 4049 1270 4109 ut
1290 4033 1437 4109 dicitur.

542 4167 644 4273 Roya
661 4165 873 4272 reportavit.

433 4314 441 4332 ⁹
541 4296 645 4375 Istud
659 4296 871 4404 judicatum
893 4296 1033 4373 lactum
1050 4296 1139 4382 luit,
1162 4296 1262 4372 inter
1283 4297 1360 4373 duo
1380 4298 1625 4403 parlamenta,
1644 4298 1819 4376 Mercurii
1835 4314 1920 4404 post

485 4430 718 4506 Nativitatem
738 4428 848 4505 beate
869 4430 1002 4518 Marie,
1022 4456 1121 4504 anno
1140 4428 1406 4506 trecentesimo
1427 4431 1588 4507 decimo

540 4692 583 4768 Il.
615 4693 713 4769 Cum
733 4691 925 4770 Taxardus
950 4691 999 4769 de
1024 4692 1160 4780 Pihen,
1185 4693 1350 4781 scutifer,
1375 4695 1415 4769 in
1441 4696 1626 4802 requestis
1650 4722 1776 4771 coram
1800 4692 1918 4801 presi-

484 4822 662 4915 dentibus
681 4824 843 4904 Parisius
862 4824 1073 4933 requireret
1087 4823 1195 4930 quod
1210 4826 1376 4903 Herveus
1390 4826 1642 4918 Talemelarii,
1664 4826 1840 4914 clericus,
1857 4851 1919 4931 pe

484 4955 651 5048 cuniam,
667 4984 783 5063 quam
798 4955 844 5034 ab
859 4957 940 5062 ipso
957 4972 1165 5062 receperat,
1183 4984 1251 5062 pro
1268 4957 1505 5063 impetrando
1521 4957 1593 5036 sibi
1608 4959 1748 5037 litteras
1761 4986 1781 5033 a
1797 4955 1914 5041 curia,

482 5083 582 5162 ultra
595 5113 782 5163 summam
802 5117 915 5194 quam
935 5117 1005 5195 pro
1027 5089 1137 5166 dictis
1157 5088 1292 5165 litteris
1307 5088 1481 5178 solverat,
1499 5091 1678 5169 redderet
1697 5089 1839 5176 eidem,
1857 5086 1918 5163 de
