4450 6209
501 714 577 787 eos
670 662 673 665 ⁵
1080 707 1171 782 cns
1203 693 1343 780 otru.

273 875 405 928 eninm
418 871 461 934 tv,
501 853 765 932 emolumento
781 850 872 928 dicti
886 849 999 958 sigilli
1016 850 1162 956 integre
1175 875 1252 926 non
1270 846 1435 936 reddito,
1450 845 1609 924 durante
1624 863 1796 953 tempore
1813 848 1924 928 officii

336 969 399 1012 '³⁰⁶'
501 983 742 1091 suipredicti,
754 1011 824 1089 pro
833 981 1119 1089 quatuordecim
1132 978 1328 1066 nundinis,
1342 977 1448 1060 mille
1459 994 1497 1058 et
1506 977 1801 1086 quadringentas
1813 979 1925 1058 libras

501 1120 744 1195 Turonenses
759 1113 895 1194 debilis
913 1130 1084 1203 monete3
1102 1114 1214 1202 item,
1232 1139 1302 1217 pro
1322 1110 1562 1193 estimacione
1584 1110 1771 1190 dictorum
1792 1141 1927 1190 mune-

500 1277 587 1325 rum
605 1247 651 1325 ab
673 1247 762 1352 ipso·
773 1245 903 1326 illicite
923 1262 1177 1350 receptorum,
1195 1258 1382 1322 trecentas
1396 1241 1509 1323 libras
1526 1243 1770 1322 Turonenses
1790 1241 1927 1322 debilis

500 1395 675 1462 monete:
697 1395 910 1454 ceterorum
932 1376 1121 1455 bonorum
1142 1401 1318 1463 suorum,
1339 1390 1416 1452 tam
1434 1371 1638 1452 mobilium
1659 1403 1774 1480 quam
1793 1373 1928 1454 immo·

499 1509 655 1596 bilium,
677 1508 896 1596 medietate,
919 1535 989 1614 pro
1005 1506 1166 1585 emenda
1187 1505 1377 1587 dictorum
1392 1531 1633 1595 excessuum,
1655 1504 1766 1586 nobis
1784 1504 1926 1610 integre

500 1639 731 1747 applicanda.
746 1641 858 1726 ltem,
873 1667 961 1716 cum
977 1640 1101 1716 dictus
1111 1639 1197 1720 Huo
1213 1653 1341 1716 contra
1355 1635 1567 1742 predictum
1578 1634 1789 1718 lohannern
1802 1636 1928 1741 plures

501 1799 671 1847 excessus
688 1769 966 1877 proposuisset,
988 1797 1059 1845 nos
1078 1795 1192 1872 super
1212 1765 1423 1844 excessibus
1442 1765 1661 1870 hujusmodi
1683 1782 1722 1846 et
1742 1764 1928 1848 defensio-

500 1903 614 1978 nibus
641 1901 758 2006 ipsius
782 1901 979 1990 lobannis,
1003 1899 1142 1976 vocatis
1164 1897 1349 2005 partibus,
1374 1896 1514 2004 inquiri
1531 1895 1691 1978 lecimus
1708 1899 1925 1978 veritatem:

500 2033 586 2109 Visa
599 2031 714 2138 igitur
727 2048 765 2108 et
780 2031 981 2137 diligenter
996 2031 1202 2106 examinata
1220 2030 1392 2136 inquesta
1408 2027 1587 2134 predicta,
1604 2057 1673 2133 per
1685 2028 1788 2105 curie
1803 2047 1925 2106 nostre

495 2162 704 2270 judicium,
733 2162 857 2242 dietus
877 2162 1067 2240 Johanues
1095 2189 1117 2238 a
1143 2161 1319 2266 predictis
1344 2175 1473 2236 contra
1492 2159 1616 2264 ipsum
1636 2160 1839 2265 propositis
1858 2159 1927 2236 luit

500 2293 777 2372 sentencialiter
791 2293 1002 2382 absolutus,
1017 2294 1118 2372 etad
1134 2291 1347 2398 predictum
1363 2289 1531 2370 officium
1546 2289 1717 2374 custodie
1732 2291 1926 2370 restitutus

501 2425 540 2506 in
562 2425 720 2505 eodem,
742 2425 928 2530 quamdiu
949 2425 1059 2502 nobis
1078 2422 1275 2529 placuerit,
1297 2447 1550 2506 remansurus.

560 2556 735 2632 Mercurii
757 2573 842 2660 post
859 2555 1093 2632 Nativitatem
1114 2553 1281 2632 Domini.

559 2685 747 2764 Martillus
764 2687 878 2766 habet
893 2687 1000 2762 istam
1017 2687 1241 2794 inquestam.

561 2951 702 3026 XXXV.
735 2949 831 3026 Cum
848 2953 981 3026 Petrus
995 2950 1043 3026 de
1056 2953 1230 3059 Bougon‚
1247 2967 1432 3029 mercator
1445 2978 1665 3057 porcorum,
1681 2950 1926 3058 Reginaldum

503 3080 647 3168 Buille,
676 3082 793 3158 civem
817 3082 1110 3169 Bituricensem,
1132 3083 1303 3165 traxisset
1324 3084 1363 3160 in
1388 3111 1552 3174 causam,
1574 3082 1804 3188 peticionem
1824 3111 1927 3160 suam

502 3211 643 3290 faciens
658 3229 787 3292 contra
807 3214 932 3319 ipsunt
947 3243 1062 3321 super
1081 3216 1258 3294 trecentis
1271 3215 1422 3321 triginta
1442 3231 1481 3294 et
1499 3230 1663 3322 quatuor
1672 3214 1817 3320 porcis,
1833 3241 1928 3320 quos

503 3344 654 3422 dicebat
673 3346 840 3426 eundem
856 3348 916 3436 n..
937 3363 1110 3452 tempore
1131 3373 1209 3453 quo
1229 3347 1326 3453 ipse,
1349 3373 1418 3453 pro
1438 3345 1550 3424 nohis
1566 3362 1603 3426 et
1622 3346 1787 3426 exercitu
1801 3362 1928 3424 nostro

460 3576 463 3581 Ι
502 3477 698 3565 Flandrie,
723 3478 897 3556 victualia
922 3478 1109 3583 capiebat,
1134 3479 1174 3556 in
1195 3477 1357 3584 quadam
1380 3476 1533 3570 foresta,
1563 3479 1601 3554 in
1622 3505 1696 3584 qua
1719 3479 1929 3584 impingua-

504 3606 652 3696 bantur,
672 3608 829 3713 cepisse,
846 3608 949 3687 dicto
965 3611 1007 3685 R.
1029 3609 1245 3714 capcionem
1263 3607 1451 3690 dictorum
1471 3635 1675 3714 porcorum
1694 3627 1875 3714 negante,
1894 3625 1928 3686 et

504 3738 553 3813 ad
573 3739 631 3814 sui
653 3737 912 3816 defensionem
930 3740 1050 3818 multa
1064 3758 1316 3846 proponente;
1338 3741 1508 3848 factaque
1521 3769 1635 3846 super
1649 3741 1722 3826 hoc
1741 3740 1927 3847 inquesta,

506 3885 545 3942 et
562 3885 690 3945 nostre
705 3871 808 3950 curie
824 3889 1029 3977 reportata,
1045 3872 1122 3950 visa
1135 3889 1173 3950 et
1190 3871 1391 3981 diligenter
1407 3873 1629 3962 examinata,
1649 3873 1771 3952 dictus
1791 3875 1849 3964 R„
1867 3901 1932 3979 per

506 3999 610 4074 curie
631 4016 758 4080 nostre
773 4001 980 4107 judicium,
1002 4002 1300 4110 condempnatus
1320 4003 1454 4085 fuisset
1472 4003 1520 4083 ad
1538 4003 1779 4092 reddendum
1802 4003 1930 4087 eidem

504 4130 616 4207 Petro
637 4130 829 4211 dictorum
848 4160 1050 4238 porcorum
1071 4134 1253 4222 valorem,
1277 4152 1314 4213 ct
1334 4129 1496 4241 dampna
1517 4134 1645 4214 omnia
1665 4163 1741 4240 que
1757 4135 1837 4239 ipse
1854 4163 1932 4212 sus.-

504 4262 726 4339 tinueratin
741 4265 937 4369 predictis,
962 4265 1079 4372 ipsius
1095 4267 1299 4372 punicione
1318 4266 1479 4346 ulterius
1501 4266 1611 4345 nobis
1632 4282 1776 4346 retenta
1799 4297 1807 4341 ε
1830 4268 1929 4344 Tan·

506 4391 611 4478 dem,
634 4395 739 4491 curia
758 4412 900 4482 nostra,
922 4425 1036 4502 super
1055 4397 1130 4476 hoc
1149 4396 1276 4476 habita
1297 4395 1575 4476 deliberacione
1590 4396 1806 4486 nobiscum,
1823 4416 1861 4474 et
1879 4397 1930 4474 ei·

506 4524 594 4599 dem
613 4526 657 4598 R.
672 4525 713 4600 in
727 4524 800 4602 vita
816 4541 855 4602 et
874 4527 1056 4604 membris
1070 4526 1280 4631 parcendo,
1298 4543 1452 4635 propter
1470 4525 1693 4607 clericorum
1713 4543 1929 4606 nostrorum

505 4655 737 4755 presenciam
756 4656 822 4761 qui
838 4657 954 4762 priori
975 4656 1223 4737 interfuerant
1237 4658 1408 4766 judicato
1426 4659 1530 4762 lto),
1550 4657 1828 4738 sentencialiter
1846 4685 1931 4764 pro·

505 4783 695 4859 nunciavit
718 4788 845 4865 omnia
868 4787 970 4867 bona
997 4789 1087 4866 dieti
1112 4792 1172 4877 R„
1194 4805 1272 4868 tam
1292 4789 1449 4870 mobilia
1475 4819 1588 4897 quam
1616 4788 1829 4876 inmobilia,
1856 4807 1931 4868 tan-
2032 4859 2036 4868 ,

504 4940 621 5019 quam
640 4919 853 5010 commissa,
874 4918 985 4996 nobis
1004 4946 1085 4996 esse
1107 4920 1251 5026 integre
1273 4919 1503 5027 applicanda.

562 5044 739 5130 Mercurii
760 5068 846 5157 post
863 5051 1100 5130 Nativitatem
1121 5052 1288 5134 Domini.
