4450 6209
364 953 427 995 1301.

531 707 579 779 ll
1109 710 1200 785 tus
1231 709 1372 787 OLlM.

127 860 169 945 ’Δ
303 856 432 915 aarum
446 862 489 927 tv,
529 881 622 928 num
644 868 827 941 cosham,
846 852 888 927 in
908 880 951 929 ea
971 850 1178 957 appositam
1202 880 1270 959 pro
1286 850 1388 931 lacto
1403 852 1493 932 dicti
1508 854 1716 959 patrissui,
1735 856 1826 935 iude
1846 888 1946 937 arno·

528 984 618 1070 veri,
633 999 671 1059 et
681 983 842 1061 eandem
854 982 1019 1061 voeriam
1029 982 1099 1061 sibi
1114 982 1314 1062 deliberari
1330 1016 1338 1059 :
1353 984 1543 1074 Tandem,
1561 984 1733 1092 inqueetn
1749 1014 1862 1094 super
1877 990 1945 1069 hoc

527 1114 620 1189 laeta
634 1132 672 1190 et
684 1114 1004 1219 euriereportata,
1024 1112 1098 1192 viee
1114 1130 1153 1191 et
1166 1112 1366 1221 diligenter
1383 1114 1606 1206 ematinata,
1621 1143 1688 1221 per
1702 1116 1807 1193 curie
1820 1136 1943 1197 nosue

522 1244 728 1350 judicium,
753 1244 896 1322 dictum
914 1243 988 1323 fuit
1008 1259 1048 1323 et
1065 1242 1358 1348 pronunciatum
1379 1244 1485 1349 quod
1502 1272 1637 1329 nanus
1656 1262 1783 1323 nocua
1801 1274 1944 1325 amore·

524 1373 628 1451 bitur
644 1374 697 1451 de·
711 1374 837 1451 voeria
855 1374 1033 1479 predicta.

580 1504 738 1583 Veneris
757 1521 841 1610 post
861 1505 1037 1583 Sanctum
1061 1503 1262 1581 Andream.

579 1768 623 1843 ll.
655 1768 753 1844 Cum
769 1768 961 1844 lohannes
976 1768 1024 1843 de
1041 1766 1252 1873 Lespcisse,
1268 1764 1394 1857 mules,
1412 1767 1453 1841 in
1465 1766 1568 1845 curia
1578 1784 1706 1845 nostm
1716 1789 1944 1875 proponeret

524 1897 647 2003 quod,
673 1897 864 2005 cumipse
886 1896 1134 2007 justiciando‚
1164 1898 1321 2006 cepisset
1349 1896 1554 2004 quemdam
1584 1896 1780 1975 hominem
1804 1900 1940 2006 piscan-

522 2044 599 2103 tem
615 2027 655 2103 in
672 2028 885 2108 marchesio
895 2028 945 2107 de
959 2028 1199 2119 Cormeram,
1215 2044 1254 2107 et
1269 2026 1500 2107 eumdemin
1515 2054 1584 2105 aua
1598 2026 1766 2132 prisione
1781 2046 1938 2122 teneret,

521 2166 595 2265 pro
616 2186 663 2235 eo
683 2160 790 2266 quod
810 2159 952 2238 dictum
973 2159 1244 2248 marchesium,
1271 2174 1313 2237 ut
1333 2158 1411 2264 ipse
1431 2156 1543 2235 miles
1566 2158 1729 2249 dicebat,
1754 2178 1814 2241 eat
1833 2189 1938 2243 suum

521 2311 559 2368 et
576 2292 837 2382 deffensabile,
861 2309 899 2369 et
918 2290 1013 2368 illud
1034 2291 1187 2374 tenebat
1205 2292 1245 2369 in
1261 2290 1379 2369 feodo
1401 2290 1655 2369 aticeeomite
1671 2292 1885 2385 Meleduni‚
1904 2310 1938 2371 et

519 2422 622 2529 quod
644 2422 723 2529 ipse
743 2422 888 2499 bassam
899 2422 1089 2531 justiciam
1107 2424 1147 2499 in
1166 2422 1267 2499 dicto
1285 2421 1493 2499 marchesio
1509 2419 1672 2498 hahebat
1689 2449 1758 2527 per
1777 2422 1938 2499 castella-

518 2555 580 2631 nie
602 2553 798 2633 Meleduni
826 2532 1259 2661 consuetudinem,'que
1284 2552 1370 2633 talis
1389 2569 1461 2645 eet,
1486 2570 1531 2632 ut
1547 2552 1711 2644 dicebat,
1732 2552 1839 2660 quod
1858 2554 1935 2660 qui-

518 2715 682 2793 cumque
705 2702 810 2761 tenet
833 2684 990 2763 feodum
1021 2683 1167 2774 nobile,
1189 2711 1258 2790 per
1279 2710 1517 2789 consequens
1535 2683 1683 2761 bassam
1702 2682 1935 2791 hahetjusti·
2026 2720 2028 2723 ·

518 2816 613 2893 ciam
633 2818 674 2896 in
693 2816 853 2905 eodem,
873 2831 1151 2924 genteamostre
1171 2813 1407 2921 prepositure
1428 2812 1624 2895 Meleduni
1650 2814 1795 2893 dictum
1816 2813 1933 2891 homi·

516 2974 606 3022 nem
623 2944 670 3022 de
685 2974 751 3022 sua
762 2945 927 3052 prisione
943 2944 1082 3052 injuste
1098 2961 1313 3025 amoverant
1328 2962 1367 3023 ct
1383 2944 1620 3025 denotantia
1635 2944 1802 3051 prisione
1814 2962 1934 3025 nostra

515 3074 728 3163 Meleduni‚
757 3104 872 3180 quare
897 3074 1049 3180 petebat
1075 3074 1219 3151 dictum
1244 3074 1439 3151 hominem
1468 3074 1539 3150 sihi
1569 3071 1682 3150 reddi
1707 3092 1745 3151 et
1774 3074 1931 3163 restitui3

516 3206 692 3312 dicteque
715 3222 846 3314 gentes
868 3221 995 3283 nostre
1021 3204 1205 3294 dicerent,
1234 3234 1277 3283 ex
1304 3206 1476 3295 adverso,
1503 3205 1716 3310 predictum
1740 3206 1931 3283 hominem

514 3339 652 3446 injuste
678 3354 830 3444 captum
858 3335 970 3414 luisse
997 3364 1017 3412 a
1043 3335 1146 3414 dicto
1171 3335 1292 3414 milite
1319 3353 1356 3412 et
1382 3364 1460 3413 non
1489 3334 1629 3413 dehere
1656 3336 1782 3413 eidem
1809 3337 1930 3428 reddi,

513 3500 581 3575 pro
601 3499 646 3547 eo
666 3468 773 3576 quod
791 3468 935 3544 dictum
955 3466 1225 3557 marchesium,
1248 3483 1291 3542 ut
1309 3465 1502 3554 dicebant,
1521 3482 1577 3544 est
1594 3493 1797 3543 commune
1815 3466 1932 3543 omni·

511 3599 583 3677 bus
602 3600 679 3676 illis
703 3599 769 3704 qui
795 3626 839 3673 ec
859 3597 915 3672 uti
941 3596 1088 3683 volunt,
1111 3613 1149 3671 et
1176 3596 1224 3671 ad
1245 3596 1463 3701 piscandum
1491 3613 1529 3672 et
1548 3595 1596 3672 ad
1616 3596 1880 3703 adaquandum
1898 3614 1932 3672 et

513 3732 561 3806 ad
580 3748 702 3806 cetera
721 3726 909 3816 facienda,
931 3727 1027 3832 sicut
1040 3727 1081 3803 in
1096 3724 1362 3803 communibus
1378 3726 1595 3805 marchesiis
1611 3742 1667 3805 eet
1681 3724 1763 3803 fieri
1781 3755 1932 3805 consue-

510 3878 614 3948 tum3
637 3859 799 3935 dicendo
820 3858 973 3963 insuper
993 3856 1136 3933 dietum
1150 3857 1401 3935 marchesium
1416 3886 1494 3935 non
1511 3886 1590 3935 esse
1607 3856 1851 3933 deffensabile
1866 3884 1930 3933 nec

513 3990 630 4067 eciam
648 3988 819 4068 leodale:
839 3987 1030 4079 Tandem,
1051 3986 1146 4063 lacta
1163 3988 1363 4095 superbiis
1378 3990 1568 4095 inquesta,
1586 3987 1660 4064 visa
1680 4004 1718 4064 et
1733 3985 1929 4095 diligenter

510 4122 735 4212 examinata,
754 4121 841 4228 quia
860 4147 1026 4226 peream
1050 4119 1246 4197 inventum
1266 4118 1338 4197 fuir
1357 4119 1568 4226 predictum
1586 4117 1838 4195 marchesium
1853 4143 1926 4193 esse

509 4255 558 4329 ita
575 4280 796 4343 commune,
814 4252 910 4329 sicut
923 4268 1054 4361 gentes
1068 4268 1196 4329 nostre
1211 4250 1443 4343 asserebant,
1461 4250 1659 4357 dictusque
1671 4247 1783 4328 miles
1796 4248 1835 4325 in
1851 4274 1925 4353 pro

506 4383 669 4464 bacione
683 4412 817 4461 eorum
836 4410 911 4489 que
930 4397 1178 4488 proposuerat
1196 4381 1349 4475 defecit,
1371 4408 1438 4487 per
1459 4380 1560 4461 curie
1577 4395 1704 4461 nostre
1720 4376 1922 4486 judicium.

508 4515 651 4594 dictum
672 4514 744 4593 fuit
763 4531 802 4593 et
817 4513 1109 4621 pronunciatum
1126 4514 1339 4620 predictum
1354 4512 1552 4591 hominem
1568 4510 1723 4591 omniuo
1740 4536 1821 4587 esse
1835 4506 1923 4587 lihe-

506 4648 684 4736 randum,
707 4662 745 4721 et
767 4644 872 4751 quod
892 4644 1014 4722 dietus
1032 4643 1143 4721 miles
1163 4644 1368 4749 predictam
1389 4642 1541 4749 prisiam
1562 4642 1609 4724 de
1633 4640 1732 4717 dicto
1752 4637 1918 4724 homine,

506 4778 642 4885 injuste
661 4775 812 4863 laetam,
832 4774 1059 4855 emendabit.

562 4909 667 4984 Lune
683 4922 768 5011 post
779 4906 957 4984 Sanctum
977 4905 1181 4984 Andream.

560 5019 610 5115 lll.
628 5037 748 5145 Aymo
766 5036 979 5142 reportavit.
