4450 6209
726 722 997 830 nnouncns
1023 740 1087 811 nr
1113 713 1319 813 naucits.
1660 736 1736 812 559

310 876 454 964 libratis
466 898 583 970 terre,
598 879 669 988 ipsi
681 883 790 991 Hugo
805 899 842 959 ct
854 880 1083 962 Guillclmns
1097 880 1306 960 offerebant
1317 909 1357 958 se
1369 895 1518 986 paratos
1532 879 1641 958 dictis
1653 912 1738 960 con-
1774 882 1961 949 Psameris,

306 1012 462 1122 jugibus
486 1011 692 1115 natureae
714 1031 752 1094 a
771 1013 1212 1108 casanatensem
1234 1031 1334 1092 ame
1355 1012 1536 1102 assidere,
1557 1011 1736 1093 inausa
1835 975 1899 1021 ¹³¹⁰·

310 1161 462 1230 moneta
478 1161 607 1224 ctuon
621 1143 662 1224 in
674 1143 757 1234 alia,
774 1173 878 1234 cum,
895 1162 1066 1250 tempore
1082 1143 1326 1250 ohligacionis
1339 1143 1508 1250 predicte
1523 1161 1561 1221 et
1577 1163 1738 1231 contrac-

307 1275 613 1360 tucmatrimonii
628 1276 804 1382 predicti,
824 1275 964 1354 debilis
974 1293 1127 1354 moneta
1143 1274 1300 1354 haberet
1313 1274 1470 1380 plenum
1484 1302 1652 1366 cursum,
1672 1306 1738 1384 pc-

307 1423 447 1496 tentes,
457 1406 657 1513 completis
669 1407 877 1514 premissis,
893 1437 932 1486 se
944 1407 990 1486 ab
1000 1407 1235 1515 obligacionc
1248 1404 1613 1512 premissaliberari,
1629 1408 1737 1486 dictis

308 1540 470 1619 Henrico
496 1556 533 1618 et
555 1542 711 1646 laqucta
733 1540 773 1616 in
799 1540 1029 1617 contrarium
1055 1537 1270 1618 dicentibus
1293 1536 1399 1645 quod
1418 1536 1504 1641 ipsi,
1532 1537 1736 1618 addonem

310 1689 519 1760 monetam,
536 1671 772 1749 solucionem
785 1671 907 1748 facere
924 1671 970 1747 de
985 1670 1093 1748 dictis
1110 1670 1284 1748 ducentis
1297 1686 1335 1746 et
1348 1669 1618 1775 quinquaginta
1630 1670 1736 1751 libris

309 1820 346 1878 et
359 1802 476 1879 dictas
491 1802 622 1878 decem
636 1801 787 1879 libratas
801 1819 900 1878 terre
914 1801 1077 1878 assidere
1090 1802 1328 1890 tenebantur,
1343 1801 1446 1910 qnia,
1462 1799 1552 1877 licet
1562 1817 1734 1908 tempore

307 1949 493 2010 contracte
523 1931 766 2039 obligacionis
796 1932 982 2038 predicte,
1016 1931 1154 2009 debilis
1176 1948 1327 2008 moneta
1353 1948 1534 2020 curreret,
1564 1950 1735 2039 tempore

305 2080 431 2142 tamen
450 2063 702 2144 terminorum
717 2062 923 2142 solucionis
939 2079 978 2140 et
991 2063 1091 2140 dicte
1106 2062 1233 2142 assisic
1247 2062 1520 2154 faciendarum,
1534 2062 1642 2142 fortis
1654 2093 1735 2142 mo

306 2212 392 2272 neta
406 2193 570 2274 habebat
584 2223 734 2274 cursum
749 2223 878 2283 suum,
893 2223 1025 2300 quare,
1038 2194 1078 2271 in
1093 2193 1181 2272 lorti
1196 2209 1350 2276 moneta
1363 2210 1400 2270 ct
1411 2221 1488 2270 non
1505 2193 1639 2284 debili,
1655 2168 1735 2302 pre-

304 2327 418 2404 missa
439 2325 628 2404 dehebant
645 2324 868 2430 adimplere,
885 2341 928 2402 ut
951 2325 1142 2416 dicebant3
1159 2324 1225 2429 qni
1245 2324 1403 2428 quidem
1422 2323 1656 2414 castellanus,
1673 2354 1734 2406 co-

305 2457 410 2562 guito
427 2457 474 2544 de
489 2456 695 2562 premissis,
714 2457 975 2562 pronunciavit
988 2455 1180 2561 predictos
1194 2457 1394 2561 Hugunem
1410 2472 1450 2531 et
1460 2454 1731 2546 Gnillelmum‚

305 2590 388 2693 ejus
402 2586 542 2677 lilium,
559 2588 681 2666 teneri
700 2587 860 2676 solvere,
879 2587 989 2670 dictis
1009 2587 1250 2694 conjugibus,
1268 2586 1384 2666 dictas
1401 2585 1583 2665 ducentas
1600 2585 1730 2677 libras,

305 2719 350 2798 ad
369 2716 508 2802 honam
527 2734 718 2799 monetam
733 2735 824 2796 tunc
839 2734 1069 2808 currentem,
1087 2745 1156 2823 pro
1172 2717 1261 2794 dote
1278 2746 1346 2794 scu
1364 2716 1559 2824 maritagio
1574 2720 1732 2824 laqucte

304 2849 486 2956 predicte,
501 2849 1044 2958 etaliasquinquagintalibras
1056 2849 1227 2929 residuas
1238 2849 1286 2928 ad
1298 2849 1540 2937 solvendum,
1552 2849 1733 2929 adtermi-

305 3011 396 3063 num
411 2982 703 3073 tuncluturum,
724 3012 804 3062 esse
826 2982 1023 3060 solvendas
1037 2982 1086 3060 ad
1101 2981 1242 3064 bonam
1262 2997 1469 3070 monetam,
1490 2980 1519 3058 si
1534 2980 1636 3060 bona
1649 3009 1732 3060 mo-

305 3129 489 3193 netatamc
498 3130 675 3191 curreret.
685 3115 797 3205 Item,
810 3113 916 3219 quod
927 3113 1087 3219 predicti
1098 3115 1210 3220 Hngo
1221 3129 1258 3190 et
1266 3111 1496 3194 Guillelmus
1506 3111 1732 3192 tenebantur

304 3244 468 3322 assidere
488 3244 657 3350 predicte
671 3245 844 3349 laquete,
861 3272 931 3348 pro
952 3245 1041 3322 dote
1062 3273 1129 3320 sua
1143 3271 1217 3326 sen
1229 3242 1581 3349 maritagio,dictas
1592 3243 1731 3321 decem

303 3374 454 3454 libratas
468 3392 568 3452 terre
583 3374 631 3452 ad
642 3373 766 3453 honos
780 3375 1021 3450 Turonenses
1035 3390 1129 3450 tunc
1142 3390 1351 3463 currentem
1369 3400 1481 3477 aquo
1498 3372 1657 3477 quidem
1665 3375 1731 3479 ju·

304 3507 437 3597 dicatu,
455 3524 635 3614 tanquam
648 3504 741 3585 salso
753 3522 791 3582 et
802 3534 931 3611 pravo,
947 3506 1070 3585 dictus
1080 3505 1191 3582 miles
1203 3486 1500 3594 etGuillelmus,
1515 3503 1598 3609 ejus
1610 3502 1727 3593 filius,
1838 3508 1841 3515 ’

302 3639 351 3715 ἃᾶ
363 3637 543 3718 ballivum
556 3639 870 3718 Matisconcnsem
880 3636 1132 3743 appellarunt,
1146 3635 1213 3743 qui
1229 3635 1388 3715 ballivus
1397 3635 1626 3722 sentenciam
1640 3634 1730 3713 dicti

302 3770 490 3850 castellani
510 3769 758 3861 confirmavit,
777 3799 797 3850 a
819 3795 892 3875 qua
913 3768 1105 3848 sentencia
1126 3766 1419 3855 confirmatoria,
1435 3783 1620 3872 ¹tanquam
1640 3764 1730 3845 lalsa

302 3919 339 3977 ct
362 3931 488 4008 prava,
511 3901 601 3978 dicti
626 3903 736 4008 Hngo
760 3917 798 3979 ct
822 3900 1063 3989 Guillelmus,
1086 3900 1170 4007 ejus
1190 3898 1310 3988 filins,
1335 3898 1469 3976 iterato
1493 3899 1544 3976 ad
1562 3915 1727 3978 nostram

301 4031 443 4108 curiam
475 4031 726 4137 appellarunt,
746 4031 876 4137 judice
901 4033 1016 4138 igitur
1038 4033 1078 4110 in
1098 4031 1198 4110 dicta
1221 4030 1486 4137 appellacionis
1500 4059 1634 4118 .cansa,
1662 4058 1730 4136 per

301 4163 443 4242 curiam
464 4178 649 4251 nostram,
670 4161 769 4249 dato,
794 4177 836 4244 et¹
850 4163 896 4240 de
912 4163 1057 4240 meritis
1077 4191 1272 4240 causarum
1291 4162 1543 4266 predictarum
1564 4161 1726 4265 cognito,

298 4323 367 4401 per
391 4293 570 4374 eumdem
588 4292 661 4372 luit
678 4292 966 4398 pronunciatum
986 4292 1200 4398 predictum
1219 4291 1464 4373 castellanum
1484 4290 1729 4370 Sanctchn·

299 4426 445 4535 gulphi,
465 4442 648 4535 quantum
668 4424 716 4502 ad
737 4423 937 4502 articulum
957 4441 1111 4504 centum
1131 4423 1313 4502 librarum
1333 4420 1630 4508 Turonensium,
1652 4450 1728 4528 que

300 4559 613 4648 erantsolvende‚
631 4585 701 4664 pro
713 4556 837 4662 primo
853 4557 1033 4645 termino,
1051 4552 1653 4664 malajudioasse.-pronuuoiando
1668 4580 1728 4632 so·

297 4689 487 4770 lusionem
504 4689 694 4768 dictarum
707 4705 859 4771 centnm
872 4687 1054 4766 librarum
1068 4714 1148 4764 esse
1168 4686 1377 4764 [amendam
1392 4686 1441 4764 ad
1451 4699 1647 4776 monetam
1663 4683 1728 4761 dc·

297 4821 432 4913 bilem,
455 4836 493 4898 et
513 4821 611 4899 bene
634 4821 673 4897 in
700 4821 775 4898 hoc
794 4818 1021 4927 appellatum
1048 4817 1162 4896 luisse
1187 4847 1260 4926 per
1279 4833 1423 4924 partem
1438 4815 1661 4905 adversam,
1690 4831 1729 4892 et
1857 4815 1864 4822 ’

299 4953 340 5029 in
361 4951 441 5028 aliis
455 4952 620 5029 articulis
635 4950 843 5028 sentencias
860 4950 1049 5028 dictorum
1066 4949 1256 5026 castellani
1265 4966 1311 5026 ct
1324 4946 1451 5026 ballivi
1464 4943 1725 5035 confirmavit,

301 5112 416 5188 aquo
437 5081 593 5189 quidem
615 5082 802 5188 judicato,
824 5097 1002 5187 tanquam
1024 5079 1118 5156 salso
1137 5096 1175 5156 et
1191 5106 1321 5190 prav0,
1345 5107 1388 5155 cx
1410 5095 1514 5184 parte
1538 5075 1726 5154 dictorum
