4450 6209
738 724 1007 832 nvootrns
1034 741 1097 813 nr
1125 724 1333 817 rnocns.
1597 772 1600 777 ·
1675 750 1748 820 srr

322 904 408 993 post
431 880 726 990 appellacionem
749 882 973 991 predictam,
1001 910 1068 990 per
1094 882 1216 961 dictos
1236 882 1413 963 dominos
1432 914 1500 963 seu
1524 915 1660 965 eorum
1684 888 1751 967 ba·
1790 902 1975 969 rnrtncetv,

317 1018 421 1125 julos
440 1044 641 1121 suspensos
655 1014 786 1107 luisse,
802 1032 937 1122 etpost
951 1014 1224 1093 inhibiciouem
1238 1016 1463 1121 predictam,
1480 1046 1548 1124 per
1560 1017 1750 1125 judicium
1853 996 1917 1040 Μ’

322 1150 426 1227 curie
443 1165 589 1239 nostre,
608 1145 730 1224 dictus
750 1147 948 1253 episcopus
969 1146 1206 1225 Caturcensis
1230 1146 1279 1223 ad
1298 1147 1411 1225 vitam
1433 1178 1557 1240 suam,
1582 1151 1644 1227 alii
1662 1180 1751 1229 vero

323 1278 541 1359 condomini
575 1277 735 1385 predicti
765 1278 1067 1384 imperpetuum,
1092 1278 1243 1386 justicia
1272 1279 1492 1359 omnimoda
1524 1280 1611 1358 dicti
1643 1282 1751 1361 castri

323 1410 619 1489 Montis-Pensati
639 1406 794 1487 luerunt
813 1409 961 1514 privati,
980 1425 1017 1487 et
1031 1407 1104 1487 suit
1120 1408 1300 1515 applicata
1323 1409 1477 1489 domino
1493 1413 1586 1521 Regi
1602 1414 1752 1521 justicia

322 1558 529 1622 memorata
541 1576 551 1634 ς
565 1543 649 1630 sed,
665 1541 753 1649 quia
769 1567 846 1619 non
866 1540 1055 1618 invenitur
1069 1568 1137 1647 per
1153 1540 1291 1618 dictam
1312 1541 1524 1648 inquestam
1541 1545 1646 1650 quod
1662 1572 1752 1623 con-

320 1693 378 1753 tra
394 1673 515 1754 dictos
527 1672 700 1751 consules
711 1671 1030 1765 Montis-Pensati,
1049 1700 1163 1779 super
1177 1671 1355 1779 predictis
1368 1674 1620 1763 denuncietis,
1638 1674 1753 1754 luerit

322 1806 546 1915 inquisitum
567 1821 695 1883 contra
716 1804 832 1911 ipsos,
850 1832 964 1909 super
982 1803 1056 1881 hoc
1075 1803 1288 1911 inquiretur
1308 1803 1355 1881 de
1379 1832 1475 1884 novo
1496 1805 1544 1883 ad
1562 1804 1679 1885 linem
1699 1809 1751 1884 ci-

322 1938 448 2015 vilem.

380 2070 531 2150 Sabbati
546 2070 725 2177 predicta.

381 2202 431 2281 Μ.
453 2204 529 2280 Υνο
560 2203 607 2279 de
627 2202 854 2281 Laudunaco
879 2204 1080 2310 reportavit
1100 2222 1138 2281 et
1157 2204 1312 2284 traddiit
1334 2234 1416 2283 eam
1438 2206 1509 2284 sibi
1530 2208 1750 2316 Nogaretus.

381 2472 504 2549 XVIII.
535 2469 634 2548 Cum
646 2471 821 2577 magister
832 2468 1045 2549 Ganbertus
1057 2469 1342 2576 Pelphi,rector
1352 2469 1595 2548 ecclesiarum
1609 2472 1656 2548 de
1667 2472 1754 2551 Cor·

325 2632 418 2681 neco
441 2620 479 2681 et
493 2601 592 2680 beati
612 2600 762 2679 Martini
779 2630 896 2709 prope
912 2602 1108 2689 Bretenos,
1129 2601 1368 2680 Caturoensis
1387 2600 1569 2709 dyocesis,
1591 2632 1751 2710 quarum

325 2764 399 2814 una
414 2733 607 2841 dependet
619 2732 666 2811 ab
680 2732 812 2821 altera,
827 2732 936 2810 nobis
952 2732 1214 2811 denunciasset
1227 2732 1332 2840 quod
1346 2733 1557 2811 Ademarus
1568 2733 1750 2826 Girberti,

325 2868 498 2957 clericus,
511 2865 635 2972 ipsum
649 2882 850 2952 rectorem,
865 2863 905 2940 in
921 2881 1047 2941 nostra
1059 2864 1212 2971 speciali
1224 2865 1367 2971 gardia,
1383 2895 1471 2943 cum
1484 2866 1663 2973 predictis
1675 2867 1753 2943 suis

326 2997 511 3087 ecclesiis,
530 2998 767 3087 existentem,
781 2995 1018 3103 possessione
1035 2996 1135 3073 dicte
1151 2994 1307 3073 ecclesie
1321 2995 1420 3074 beati
1437 2998 1588 3075 Martini
1600 2998 1754 3105 spolias-

325 3150 397 3224 set,
408 3162 475 3211 seu
483 3130 630 3207 fecisset
639 3128 934 3236 perviolenciam
946 3128 1271 3233 spoliari,etbona
1281 3128 1378 3207 dicte
1389 3129 1545 3239 ecclesie
1555 3132 1750 3238 rapuisset,

327 3266 542 3369 dissipasset
567 3278 605 3337 et
626 3260 743 3337 eciam
765 3259 1005 3351 devastasset,
1025 3288 1067 3336 ac
1085 3258 1245 3335 dilectus
1269 3276 1307 3335 et
1323 3257 1449 3336 fidelis
1467 3279 1594 3337 noster
1611 3262 1754 3367 episco-

326 3428 398 3506 pus
407 3392 658 3479 Caturcensis,
669 3418 836 3468 asserens
845 3391 949 3497 quod
957 3390 1080 3468 dictus
1092 3388 1521 3497 Ademaruspredictum
1533 3395 1753 3499 magistrum

326 3528 578 3612 Gauberturn,
601 3539 728 3601 contra
743 3522 951 3630 justiciam,
975 3522 1013 3599 iu
1033 3521 1269 3629 possessione
1288 3520 1455 3626 predicte
1477 3521 1633 3601 ecclesie
1653 3524 1752 3603 beati

328 3658 477 3742 Martini
492 3656 636 3747 turbat,
655 3654 814 3762 impedit
833 3671 871 3732 et
890 3653 1081 3743 molestat,
1099 3651 1345 3759 supplicasset
1359 3653 1541 3731 instanter
1555 3655 1662 3761 quod
1675 3672 1755 3733 tur-

322 3791 518 3879 ‘baciones,
537 3786 823 3894 impedimenta,
847 3785 1133 3864 molestaciones
1153 3801 1192 3861 et
1209 3784 1408 3863 violencias
1428 3814 1449 3861 a
1468 3783 1637 3891 predicto
1661 3786 1755 3865 llde-

328 3952 433 4003 maro
458 3921 595 4009 illatas,
617 3920 836 3997 auctoritate
857 3918 959 4024 regia
984 3916 1194 3995 faceremus
1218 3918 1400 4008 amoveri,
1424 3947 1512 3995 cum
1531 3947 1609 3996 non
1630 3937 1756 4026 posset

329 4058 432 4135 idem
443 4056 640 4163 episcopus
654 4051 876 4129 violenciam
891 4050 981 4127 dicti
994 4048 1171 4127 Ademari
1183 4067 1222 4127 et
1234 4050 1425 4129 lautorum
1442 4081 1600 4130 suorum
1617 4082 1684 4131 sua
1694 4055 1756 4161 ju-

326 4188 547 4265 risdictione
564 4211 817 4290 compescere,
835 4210 921 4270 nos,
937 4198 1013 4258 tam
1034 4181 1139 4287 regio
1150 4182 1237 4289 jure
1253 4199 1400 4281 nostro,
1419 4183 1678 4290 inquantum,
1700 4215 1756 4261 ra-

331 4320 437 4399 cione
458 4318 556 4395 dicte
576 4314 703 4423 gaudie
725 4343 766 4390 ac
783 4312 966 4389 violencie
988 4328 1052 4387 aut
1071 4310 1177 4399 alins,
1198 4313 1245 4387 ad
1265 4341 1335 4391 nos
1355 4313 1560 4419 spectabat,
1579 4344 1694 4419 quam
1709 4317 1756 4394 ad

329 4449 621 4559 requisicionem
644 4444 775 4552 prelati
802 4443 966 4549 episcopi
993 4460 1031 4521 et
1055 4444 1170 4549 partis
1195 4444 1393 4549 utriusque
1419 4444 1753 4550 supplicacionem,

330 4582 441 4661 certis
461 4579 637 4657 dedimus
658 4576 920 4655 commissoriis
940 4575 978 4650 in
999 4574 1184 4651 mandatis
1200 4575 1321 4681 quod,
1339 4575 1385 4651 ad
1401 4574 1529 4652 locum
1543 4577 1756 4657 contencio·

330 4744 415 4793 sum
433 4711 682 4821 personaliter
701 4706 935 4796 accedentes,
953 4706 1191 4813 inquirerent
1210 4706 1259 4783 de
1278 4706 1456 4813 predictis
1474 4706 1756 4787 turbacionibus
1822 4756 1845 4772 -·

331 4863 370 4923 et
383 4843 591 4932 violenciis,
611 4859 648 4918 et
665 4842 874 4947 inquestam
892 4838 981 4915 inde
1000 4836 1133 4916 lactem
1153 4838 1201 4913 ad
1216 4839 1358 4915 curiam
1373 4854 1557 4926 nostram,
1574 4839 1752 4929 Parisius,
1861 4838 1865 4846 ⁸

331 4990 585 5083 reportarent:
607 4974 716 5049 Facta
736 4971 850 5080 igitur
867 4971 1039 5077 inquesta
1061 4997 1175 5075 super
1198 4969 1271 5071 hoc
1294 4968 1342 5047 de
1366 4986 1513 5061 nostro,
1539 4987 1583 5047 ut
1603 4974 1757 5077 premit-

331 5110 435 5196 titur,
458 5104 635 5182 mandato
654 5122 693 5181 et
710 5104 758 5181 ad
775 5119 939 5179 nostram
955 5100 1096 5179 curiam
1114 5117 1318 5206 reportata,
1335 5131 1378 5178 ac
1397 5101 1482 5179 visis
1498 5119 1535 5179 et
1555 5102 1756 5209 diligenter

439 5283 492 5327 nns
512 5282 595 5323 otiu.
620 5282 666 5322 ur.
1610 5258 1651 5325 IS
1733 5272 1737 5280 ’
