4450 6209
469 720 542 795 2dd
786 742 791 749 “
1047 721 1139 793 LES
1175 719 1316 794 OLIM.

243 878 372 929 Pavum
385 875 428 936 tv,
525 862 654 939 Martis
673 879 760 969 post
779 862 1111 941 Circumusionem
1130 862 1295 939 Domini.

304 970 366 1010 ¹³⁰²
526 993 685 1069 Sanctus
704 992 869 1070 Obertus
888 992 1100 1097 reportavit.

522 1256 648 1331 XXIX.
680 1254 777 1332 Cum
794 1282 864 1329 nos
883 1256 1132 1361 ingerranum
1150 1254 1305 1333 domino
1326 1253 1512 1341 Couciaci,
1534 1252 1662 1342 militi,
1679 1253 1894 1334 tradidisse-

465 1414 550 1461 mus
566 1386 730 1461 chaciam
751 1402 788 1461 ct
805 1414 1005 1491 garennam
1026 1413 1119 1490 quas
1137 1385 1369 1463 habebamus
1388 1384 1429 1461 in
1448 1382 1572 1462 boscis
1589 1384 1721 1461 decani
1736 1386 1892 1490 etcapi·

462 1514 532 1591 tuli
554 1516 872 1609 Sancti-Quintini
889 1517 928 1592 in
944 1516 1202 1607 Viromandia,
1219 1544 1262 1595 ac
1283 1516 1323 1593 iu
1338 1516 1462 1595 boscis
1475 1514 1620 1593 abbatis
1634 1533 1672 1594 et
1686 1534 1890 1595 conventus

464 1644 945 1733 Sancti-Nicolai·in·Bosco,
962 1646 1110 1725 racione
1124 1647 1318 1755 cujusdam
1332 1644 1624 1753 permutacionis
1636 1674 1724 1723 cum
1733 1647 1815 1751 ipso
1828 1647 1892 1725 do

463 1778 568 1855 mino
583 1777 693 1868 facte,
710 1795 839 1883 postea
855 1778 1019 1882 quedam
1040 1777 1254 1856 commissio
1268 1779 1466 1883 superbos
1481 1776 1635 1857 obtenta
1649 1776 1722 1855 suit
1741 1806 1762 1855 a
1779 1777 1889 1859 nohis

465 1907 512 1985 ad
537 1926 659 1986 certos
686 1908 894 1997 auditores,
916 1909 1055 2013 quibus
1075 1908 1336 1986 mandavimus
1362 1925 1406 1985 ut
1429 1908 1519 2015 ipsi,
1540 1908 1678 1987 vocatis
1697 1888 1886 2013 partibus,

463 2038 700 2146 inquirerent
709 2039 903 2117 veritatem
915 2038 963 2130 si,
975 2056 1147 2146 tempore
1158 2068 1234 2145 quo
1244 2040 1470 2118 tradidimus
1478 2040 1706 2146 lngerranno
1718 2037 1886 2145 predicto

463 2197 666 2277 garennam
687 2186 725 2247 et
744 2169 909 2247 abaciam
927 2171 1129 2277 predictae,
1150 2200 1222 2249 nos
1242 2198 1390 2249 eramus
1411 2170 1452 2248 in
1470 2166 1704 2275 possessione
1722 2196 1886 2277 gemnae

464 2318 501 2378 et
520 2301 646 2378 chacic
667 2301 940 2407 predictarum,
963 2320 1002 2379 ot
1020 2332 1041 2379 a
1060 2316 1203 2408 quanto
1218 2319 1389 2407 tempore
1403 2318 1504 2393 ante,
1522 2318 1561 2378 et
1573 2301 1604 2379 si
1618 2300 1741 2383 dictos
1752 2302 1888 2382 boscos

463 2461 549 2542 erga
567 2460 714 2521 omnes,
738 2450 775 2511 et
794 2432 1004 2539 specialiter
1024 2462 1111 2541 erga
1127 2432 1272 2510 dictum
1285 2431 1493 2538 capitulum
1507 2449 1593 2511 ante
1607 2432 1888 2538 pronunciata

462 2590 549 2639 nem
569 2564 776 2669 predictam
800 2582 1043 2642 tenueramus
1066 2564 1209 2642 liberos
1236 2580 1274 2641 et
1299 2564 1474 2640 inmunes
1497 2564 1545 2640 ab
1570 2564 1673 2640 omni
1698 2563 1824 2640 chacia
1849 2581 1889 2641 et

461 2722 624 2801 garenna
638 2725 647 2771 ε
662 2693 812 2771 Auditis
822 2695 938 2803 igitur
952 2694 1166 2773 nacionibus
1181 2694 1384 2801 propositis
1402 2693 1491 2771 binc
1508 2712 1546 2772 et
1560 2694 1667 2783 inde,
1687 2710 1728 2771 et
1742 2694 1816 2772 visa
1834 2695 1887 2770 in·

462 2841 594 2929 questa
617 2850 731 2931 super
755 2825 829 2902 hiis
856 2826 905 2903 de
931 2826 1106 2904 mandato
1126 2842 1255 2903 nostro
1280 2824 1395 2917 sacta,
1417 2852 1486 2930 per
1509 2825 1614 2933 curie
1639 2842 1767 2903 nostre
1786 2824 1888 2931 judi·

462 2953 581 3045 cium,
602 2953 744 3030 dictum
763 2953 835 3032 fuit
852 2971 890 3032 et
904 2957 1195 3061 pronunciatum
1214 2956 1407 3034 inventum
1426 2955 1540 3033 fuisso
1560 2954 1791 3034 sufficienter
1804 2985 1887 3064 pro

461 3081 591 3160 batum
608 3085 712 3192 quod
727 3114 797 3162 uos
812 3087 852 3163 iu
870 3087 1105 3193 possessione
1122 3103 1160 3164 et
1176 3086 1310 3163 saisina
1326 3086 1513 3167 dicturum
1528 3116 1692 3195 garenna
1706 3104 1747 3165 et
1757 3086 1885 3174 chasia

461 3233 499 3291 et
514 3216 750 3293 custodiendi
772 3216 909 3295 dictam
928 3227 1148 3325 garennam,
1165 3235 1335 3324 tempore
1350 3217 1446 3295 facte
1462 3218 1561 3295 dicte
1574 3218 1882 3324 permutacionis,

460 3370 608 3423 eramus
628 3364 665 3425 et
684 3345 877 3427 fueramus
896 3374 965 3455 per
985 3349 1271 3455 quatuordecim
1292 3377 1410 3428 annos
1434 3366 1523 3427 ante
1546 3348 1679 3426 factam
1702 3366 1884 3454 permuta

458 3478 605 3557 cionem
626 3480 850 3585 predictam,
879 3480 1102 3588 dictmnque
1127 3480 1329 3559 dominum
1349 3498 1388 3558 et
1406 3508 1555 3557 causam
1572 3509 1593 3557 a
1615 3480 1723 3559 nobis
1741 3479 1781 3555 in
1801 3490 1885 3586 pre-
1947 3472 1956 3487 ’

458 3606 567 3687 dictis
582 3610 785 3687 habentem
799 3638 994 3689 remanere
1010 3611 1152 3689 debere
1165 3612 1206 3687 in
1220 3611 1356 3689 saisina
1370 3611 1554 3718 predicta,
1570 3610 1669 3689 salvo
1682 3639 1798 3717 super
1810 3610 1884 3689 hoc

454 3740 542 3845 jure
561 3741 801 3845 proprietatis
820 3743 915 3846 parti
936 3741 1099 3820 adverse.

516 3868 646 3947 Martis
658 3869 839 3975 predicta.

516 4000 639 4075 Monoi
660 4000 870 4107 reportavit.

513 4264 624 4341 XXX.
656 4264 758 4342 Mota
772 4266 1021 4345 controversia
1032 4295 1158 4345 coram
1172 4271 1363 4376 preposito
1373 4268 1587 4355 Parisiensi,
1604 4271 1703 4347 inter
1716 4269 1881 4376 priorem

459 4392 1019 4504 Sancti-Martini·de·Campis
1047 4399 1286 4488 Parisiensis,
1313 4418 1481 4507 exparte
1502 4428 1597 4490 una,
1624 4417 1662 4479 et
1681 4401 1881 4485 dominum

456 4525 854 4617 Montis-Morenciaci,
879 4556 923 4606 ex
948 4529 1083 4623 altera,
1110 4560 1293 4637 supereo
1317 4532 1424 4639 quod
1454 4531 1577 4609 dictus
1603 4532 1707 4637 prior
1731 4531 1883 4612 dicebat

458 4654 598 4731 dictum
615 4656 829 4750 dominum,
852 4661 990 4769 injuste
1006 4678 1043 4739 et
1062 4662 1102 4738 in
1119 4640 1209 4740 dicti
1222 4663 1359 4769 prioris
1374 4662 1641 4771 prejudicium,
1658 4662 1882 4769 proclamari

456 4782 625 4863 faciendo
650 4789 691 4863 in
716 4818 785 4867 suo
811 4808 930 4869 castro
950 4792 1334 4873 Montis-Moreuciaci
1357 4811 1535 4873 mostram
1561 4791 1643 4871 fieri
1666 4793 1882 4901 generabant

456 4940 527 5019 pro
548 4916 746 4995 eando'ad
769 4922 974 5000 exercitum
998 4940 1171 5002 nostrum
1192 4925 1388 5014 Fannia,
1416 4926 1627 5032 precepisse
1649 4923 1880 5031 senprecipi,

455 5043 585 5124 secisse
602 5044 813 5155 hospitibus
830 5052 1145 5149 Sancti-Martini,
1168 5056 1491 5137 commorantibus
1507 5057 1547 5135 in
1564 5056 1663 5135 vittis
1674 5056 1725 5135 de
1744 5057 1879 5133 Taven
