4450 6209
762 695 1033 807 saoneres
1060 713 1124 785 nr
1149 695 1357 786 esoces.
1698 718 1772 791 aar

348 882 416 962 per
435 856 508 934 hoc
529 856 766 963 deputandos
785 886 806 935 a
824 856 949 949 nobis,
972 873 1009 933 et
1026 855 1241 950 :liberisaut
1258 855 1552 962 proximioribus
1562 855 1774 937 ‚herodem
1811 870 1999 931 serumst,

350 988 538 1066 dictorum
564 989 771 1067 occisorum
794 988 863 1067 fiet
886 988 1045 1065 emenda
1072 1005 1116 1065 nt
1140 1016 1269 1094 supra,
1290 988 1345 1065 ad
1374 1017 1487 1094 quam
1515 988 1620 1065 idem
1646 1018 1774 1067 comes
1874 961 1937 1004 Μ’

349 1120 441 1195 Furi
461 1120 596 1197 eodem
610 1118 756 1226 judicio
770 1149 838 1228 per
850 1138 1018 1198 nostram
1036 1119 1314 1197 curiamoxtitit
1332 1120 1644 1225 condempnatus.
1660 1122 1771 1212 Item,

350 1276 419 1355 pro
439 1280 513 1328 una
534 1251 674 1359 capella
693 1252 838 1331 ibidem
857 1250 1037 1339 facienda,
1052 1267 1103 1329 nt
1122 1278 1251 1355 supra,
1271 1249 1555 1356 inoctingentis
1571 1250 1678 1329 libris
1698 1254 1776 1330 Tu-

349 1384 567 1463 ronensinm
592 1384 794 1463 bonorum.
812 1386 934 1475 Item,
961 1412 1029 1489 pro
1055 1398 1218 1491 quanam
1241 1380 1456 1488 capellaniis
1483 1382 1685 1461 fundandis
1704 1386 1776 1463 ihi-

350 1512 454 1601 dem,
473 1531 660 1621 utsupra,
684 1516 724 1591 in
742 1516 927 1623 octoginta
950 1513 1055 1591 libris
1080 1513 1195 1591 annui
1209 1528 1255 1589 -et
1272 1514 1447 1619 perpetui
1468 1513 1658 1604 redditos,
1678 1518 1775 1596 etin

348 1642 442 1720 iocis
461 1644 772 1725 convenientibus
789 1644 1014 1733 assidendis,
1033 1672 1110 1749 que
1127 1642 1294 1721 oruntio
1314 1661 1542 1751 perpetuum
1563 1646 1611 1722 de
1630 1671 1778 1753 presen-

348 1772 494 1851 tacione
512 1792 637 1851 nostra
656 1793 696 1851 et
711 1804 967 1853 successomm
983 1791 1217 1864 nostrornm,
1233 1772 1425 1863 videlicet,
1446 1803 1514 1882 pro
1535 1776 1706 1881 quoIibct
1722 1807 1776 1855 ea-

349 1905 499 2011 peIIano
520 1906 650 2014 viginti
671 1906 778 1983 Iihris
795 1906 910 1983 annui
930 1906 1162 2013 etsperpetui
1182 1905 1367 1984 redditus.
1388 1907 1498 1997 Item,
1521 1907 1777 2014 condempna-

349 2038 400 2115 vit
426 2038 527 2115 curia
551 2054 676 2115 nostra
702 2038 868 2136 eundem
897 2038 1075 2114 comitem
1103 2036 1197 2113 Furi
1226 2037 1274 2113 ad
1304 2037 1587 2120 emendandum
1607 2039 1776 2146 dampna

349 2168 674 2247 hominibusviIIe
690 2170 737 2247 de
754 2168 1036 2264 Mille-Modiis,
1051 2196 1126 2273 qne
1141 2196 1211 2273 per
1230 2168 1375 2249 dictum
1392 2170 1570 2249 comitem
1591 2188 1629 2248 et
1646 2188 1776 2278 gentes

347 2328 432 2377 suos
450 2300 639 2379 hostiliter
663 2300 735 2377 fuit
758 2300 900 2389 invasa,
920 2327 999 2407 que
1027 2315 1085 2377 est
1109 2297 1379 2405 archiepiscopi
1397 2298 1591 2390 turritani,
1618 2330 1695 2407 qne
1716 2332 1776 2379 ex-

348 2428 583 2512 timcbnntnr
610 2460 679 2537 per
698 2432 819 2513 dictos
844 2448 1060 2509 executores
1079 2446 1124 2507 ut
1143 2458 1264 2536 snpra.
1286 2430 1396 2517 Item,
1419 2459 1488 2535 pro
1507 2432 1670 2513 emenda
1684 2462 1776 2539 ,pre-

346 2560 553 2651 dictornm,
574 2562 867 2670 condempnavit
875 2561 979 2649 curia
998 2577 1125 2645 nostra
1139 2560 1306 2643 eundem
1324 2560 1502 2643 comitem
1516 2563 1629 2652 Euri,
1650 2564 1774 2645 etmi-

345 2694 601 2785 sericorditor,
618 2764 621 2770 .
638 2695 677 2774 in
704 2696 859 2804 'oignon
888 2694 1007 2779 millia
1030 2694 1222 2775 =librarum
1250 2692 1532 2775 Turonensium
1564 2694 1771 2786 mnarum,

346 2853 508 2931 quarum
528 2825 711 2907 medietas
730 2826 891 2932 expendi
907 2824 1043 2903 debeat
1059 2825 1098 2901 in
1121 2823 1485 2933 operibuspietatis,
1505 2824 1558 2903 -ad
1574 2823 1774 2907 arbitrium

346 2972 535 3046 nostrum,
559 2975 596 3035 et
611 2956 692 3035 ‹aIia
713 2956 1023 3037 medietasnobis
1051 2956 1273 3063 applicetur.
1295 2957 1407 3045 Item,
1420 2956 1575 3037 dictum
1596 2958 1774 3039 comitem

345 3091 438 3169 Furi
456 3089 627 3199 predicto
644 3089 773 3169 comiti
788 3088 1019 3179 Armeniaci,
1037 3117 1104 3195 pro
1120 3088 1293 3193 dampnis
1313 3117 1381 3195 per
1395 3117 1483 3169 enm
1497 3088 1615 3195 passis
1632 3089 1673 3167 in
1688 3090 1775 3169 aliis

346 3250 461 3329 qnam
473 3223 514 3301 in
533 3222 704 3331 expensis
717 3222 820 3300 Iactis
835 3222 874 3299 in
894 3222 1163 3329 prosecucinne
1179 3221 1437 3328 predictorum
1447 3221 1495 3297 :in
1511 3222 1613 3299 coria
1627 3239 1772 3315 nostra,

346 3354 425 3461 ipsa
444 3354 546 3431 curia
570 3370 697 3433 nostra
712 3351 1005 3460 condempnavit
1026 3352 1066 3429 in
1086 3378 1147 3429 sex
1172 3350 1343 3429 millibus
1368 3350 1476 3429 Iibris
1493 3353 1772 3429 Tumnensium

346 3485 555 3576 bonorum3
576 3514 691 3594 quam
709 3512 913 3576 summam,
935 3513 1005 3591 per
1023 3484 1167 3563 curiam
1185 3498 1354 3564 nostram
1373 3499 1551 3571 taxatam,
1570 3482 1694 3572 diotns
1710 3511 1774 3561 co·

346 3646 427 3697 mos
442 3618 655 3695 Armeniaci
672 3646 741 3725 pro
760 3614 933 3724 dampnis
949 3616 1027 3695 suis
1041 3614 1220 3722 predictis
1232 3612 1382 3721 juravit.

402 3749 556 3831 sabbati
576 3768 663 3857 post
680 3748 1093 3855 Sanctum-Georgium.

401 3882 442 3961 B.
460 3881 510 3960 de
529 3885 632 3961 Meso
652 3881 865 3990 reportavit.

402 4016 484 4093 Non
504 4014 627 4092 habeo
648 4014 871 4122 inquestam.

401 4278 526 4358 XXIV.
557 4278 630 4355 Die
654 4274 798 4353 sabbati
818 4293 905 4382 post
927 4273 1064 4353 festum
1090 4274 1192 4353 beati
1212 4272 1365 4381 Georgii
1388 4275 1490 4381 apud
1511 4273 1770 4367 Cacicantnm‚

345 4411 492 4516 prolato
502 4425 644 4487 arresto
654 4406 1106 4493 inter·comitemFuxi,ex
1117 4422 1318 4511 unaparte,
1330 4421 1368 4481 et
1376 4405 1555 4482 comitem
1563 4405 1771 4483 Armoniaci

347 4558 385 4619 et
398 4540 470 4619 sibi
487 4540 731 4629 adherentes,
750 4567 794 4615 ex
809 4537 940 4627 altera,
955 4538 1123 4645 precepit
1137 4537 1240 4615 curia
1254 4533 1360 4643 quod
1373 4534 1444 4641 ipsi
1463 4533 1536 4613 sibi
1547 4534 1597 4613 nd
1613 4534 1772 4613 invicem

346 4672 574 4781 legittimum
597 4687 806 4780 prestarent
824 4686 1183 4759 assecurameotum,
1205 4686 1243 4747 et
1264 4686 1371 4755 tunc,
1392 4666 1440 4743 ad
1460 4665 1682 4743 mandatnm
1706 4696 1773 4746 cu·

348 4806 419 4895 rie,
438 4834 564 4884 comes
578 4804 790 4883 Armeniaci
808 4804 943 4896 Gamo,
958 4802 1040 4909 ejus
1054 4801 1182 4893 frater,
1196 4801 1406 4879 vicecomes
1416 4797 1717 4906 Ferencagnelli‚
1736 4820 1774 4879 et

347 4936 574 5026 Bemardos,
592 4936 799 5015 vicecomes
815 4938 1012 5028 Tarsum,
1030 4935 1078 5013 de
1098 4952 1198 5013 seet
1217 4934 1295 5012 suis
1309 4932 1412 5010 dicto
1433 4931 1686 5026 comitiFuxi‚
1703 4961 1772 5040 pro

347 5096 387 5147 se
403 5087 442 5148 et
455 5069 548 5159 suis,
564 5066 764 5176 perfidem
779 5096 886 5146 suam
903 5066 1134 5175 legittimum
1148 5063 1394 5173 prestiterunt
1409 5080 1770 5152 assecuramentum3

1592 5218 1642 5299 49.
