4450 6209
743 685 1016 796 ruousrns
1041 704 1107 780 nr
1133 686 1341 781 eruens.
1606 656 1612 665 ⁵
1705 714 1747 785 71

383 850 489 929 Lune
504 863 592 927 ante
606 847 843 931 nativitatem
857 848 958 927 beati
973 849 1155 927 lobannis
1167 851 1341 958 baptiste.

369 984 432 1062 Μ.
453 984 496 1059 R.
517 977 746 1058 llousselleti
761 982 996 1085 reportavit¹.

378 1116 422 1192 ln
441 1111 593 1193 duobus
612 1110 727 1190 saccis
743 1127 816 1204 est,
830 1110 1009 1191 videlicet
1026 1112 1068 1191 in
1085 1138 1191 1191 saeco
1213 1131 1251 1191 et
1269 1114 1366 1192 mala
1385 1116 1434 1193 de
1453 1114 1539 1195 tela.

379 1384 441 1461 XI.
473 1380 571 1461 Cum
598 1376 699 1460 inter
724 1376 905 1459 ballivum
928 1376 1203 1459 Bituricensem
1236 1406 1304 1487 pro
1331 1378 1461 1473 nobis,
1491 1400 1532 1460 et
1557 1383 1751 1495 religiosos

326 1514 424 1593 viros
438 1512 613 1591 abbatem
630 1528 669 1590 et
682 1526 911 1590 conventum
924 1512 1176 1591 Sancti-Satin
1188 1531 1225 1593 et
1240 1542 1375 1592 eorum
1389 1514 1556 1622 priorem
1571 1516 1619 1592 de
1633 1516 1749 1607 Mera,

325 1676 368 1725 ex
385 1674 461 1724 una
474 1661 596 1752 parte,
614 1660 653 1722 et
670 1644 897 1737 Robertum,
916 1641 1117 1723 dominum
1131 1644 1179 1721 de
1191 1645 1368 1735 Betunia,
1385 1646 1565 1729 comitem
1579 1662 1670 1725 tune
1688 1646 1752 1723 Ni-

322 1805 565 1870 vemensem,
579 1776 736 1855 nomine
750 1805 819 1855 suo
833 1793 871 1853 et
885 1768 1094 1853 liberorum
1106 1775 1295 1884 ejusdem,
1309 1776 1348 1852 in
1360 1774 1464 1855 ballo
1474 1778 1550 1855 sive
1561 1780 1674 1885 garde
1683 1808 1751 1857 sua

322 1908 586 1999 existencium,
619 1936 663 1985 ex
691 1906 828 2001 altera,
863 1907 1114 1985 controversia
1146 1924 1248 1985 mota
1277 1906 1408 1987 fuisset
1433 1938 1620 2017 mperes
1647 1911 1751 2017 qnod

323 2040 445 2118 dictus
469 2067 616 2131 comes,
636 2037 792 2134 nomine
816 2067 893 2145 quo
916 2066 1049 2143 supra,
1076 2037 1225 2116 dicebat
1248 2057 1285 2117 et
1304 2041 1492 2119 asserebat
1511 2040 1668 2119 comites
1687 2042 1750 2119 Ni-

1792 862 1923 921 Pnrtrrrr
1935 864 1979 932 tv,

1854 958 1917 999 taor.

320 2198 540 2259 remenses,
564 2169 630 2277 qui
644 2198 716 2275 pro
733 2187 908 2276 tempore
925 2168 1283 2278 lucrum,quorum
1300 2170 1411 2250 liberi
1425 2170 1585 2279 predicti
1600 2176 1643 2253 ll.
1661 2192 1749 2251 sunt
1803 2242 1809 2257 ‚
1910 2238 1913 2245 .

320 2301 501 2394 heredes,
526 2330 607 2379 esse
632 2319 671 2379 et
687 2299 803 2379 luisse
829 2301 971 2411 longuo
995 2318 1167 2409 tempore
1188 2304 1228 2381 in
1248 2304 1383 2381 saisina
1402 2304 1516 2412 garde
1539 2304 1628 2381 dicti
1649 2305 1750 2411 prio·
1824 2316 1831 2332 '

320 2450 424 2511 ratus
444 2433 492 2509 de
513 2435 619 2512 Meva
646 2449 684 2509 et
709 2432 1027 2538 pertinenciarum
1054 2432 1226 2539 ejusdem
1252 2462 1451 2541 quousque
1471 2451 1602 2543 gentes
1621 2454 1748 2513 nostre

324 2567 373 2643 de
392 2565 491 2643 dicta
509 2564 623 2672 garda
640 2562 890 2641 desaisierunt
905 2565 1078 2656 eosdem,
1095 2580 1333 2671 peteretque,
1351 2564 1506 2643 nomine
1526 2593 1603 2672 quo
1619 2592 1745 2671 supra,

321 2695 495 2804 pluribus
515 2695 635 2774 crusis
654 2711 692 2773 et
705 2695 936 2785 nacionibus,
952 2724 994 2773 se
1011 2696 1059 2773 ad
1079 2697 1232 2803 gardam
1249 2696 1455 2807 predictam
1471 2696 1619 2775 restitui
1642 2713 1678 2774 et
1691 2728 1749 2776 re

321 2828 458 2919 saisirir
476 2827 614 2907 ballivo
629 2826 868 2916 bituricensi,
885 2856 955 2935 pro
966 2827 1097 2915 nobis,
1114 2844 1154 2904 ct
1164 2827 1276 2905 dictis
1293 2827 1492 2935 religiosis,
1506 2857 1574 2935 pro
1588 2856 1644 2917 se,
1660 2858 1747 2909 ron·

319 2960 478 3037 tracium
505 2960 773 3051 asserentibus,
799 2959 1052 3067 pluribusque
1076 2959 1292 3037 nacionibus
1309 2959 1527 3067 petentibus
1547 2990 1586 3037 se
1607 2959 1747 3038 absolvi

321 3091 369 3169 ab
396 3091 637 3200 impeticione
658 3090 826 3197 predicta
846 3090 936 3170 dicti
957 3088 1121 3181 comitis,
1148 3116 1298 3169 necnon
1317 3092 1558 3198 prommciari
1586 3120 1655 3199 pro
1679 3120 1748 3173 no·

320 3221 380 3300 bis
408 3238 447 3300 et
474 3223 566 3330 ipsis
593 3221 777 3331 religiosis
806 3251 876 3301 nos
906 3238 944 3301 et
969 3222 1070 3330 ipsos
1097 3222 1294 3332 religiosos
1323 3251 1404 3300 osse
1429 3224 1683 3301 remanendos
1707 3226 1746 3303 in

322 3356 456 3432 saisina
485 3352 599 3463 garde
623 3352 810 3461 predictc;
839 3382 1018 3462 cumque,
1045 3354 1149 3432 hallo
1177 3382 1243 3431 seu
1266 3355 1381 3462 garda
1405 3354 1583 3460 predictis
1608 3353 1744 3443 finitis,

322 3503 545 3595 procurator
563 3486 709 3564 comitis
726 3484 981 3576 Nivemcnsis,
1001 3484 1068 3593 qui
1088 3514 1192 3564 nunc
1211 3504 1286 3580 ast,
1309 3486 1463 3565 nomine
1483 3485 1591 3594 eujus
1611 3486 1657 3562 de
1677 3489 1748 3565 sai·

321 3620 402 3696 sina
427 3619 526 3697 dicte
553 3614 667 3726 garde
692 3634 815 3696 actum
841 3617 930 3709 fuit,
952 3617 1329 3725 peteretinquestam
1350 3616 1597 3697 demandato
1617 3636 1747 3696 nostro

321 3778 437 3857 super
455 3750 529 3826 boc
547 3748 679 3827 factam
699 3749 819 3825 videri
839 3778 882 3826 ac
901 3750 1019 3826 eciam
1030 3746 1214 3855 judicari:
1230 3748 1317 3828 Visa
1331 3748 1500 3857 predicta
1518 3749 1692 3855 inquesta
1712 3767 1749 3825 et

323 3880 526 3991 diligenter
544 3880 770 3974 examinata,
796 3881 1052 3988 omnibusque
1071 3882 1143 3958 rite
1164 3909 1206 3958 ac
1224 3879 1462 3958 solemnitate
1481 3908 1557 3987 qua
1572 3880 1750 3959 conuenit

321 4014 429 4105 actis,
444 4038 513 4120 per
527 4014 630 4091 curie
641 4013 983 4121 nostrejudicium,
994 4010 1155 4092 ballivus
1169 4029 1299 4091 noster
1310 4012 1522 4119 predictus,
1536 4012 1747 4120 pronubis,

322 4160 362 4219 et
380 4144 471 4221 dicti
491 4144 673 4254 religiosi,
694 4172 763 4253 pro
783 4174 841 4237 se,
862 4142 911 4223 ab
926 4144 1170 4252 impeticione
1185 4144 1355 4251 predicta
1371 4144 1460 4222 dicti
1476 4146 1626 4225 comitis
1642 4145 1749 4222 ahso-

321 4272 395 4352 lnti
414 4274 586 4365 luenmt,
607 4292 647 4353 et
665 4304 733 4382 per
752 4276 855 4355 idem
870 4275 1060 4383 judicium
1079 4273 1371 4383 pronunciatum
1392 4274 1467 4353 luit
1484 4302 1553 4354 nos
1572 4294 1610 4353 et
1631 4276 1749 4353 dictos

320 4404 517 4512 religiosos
540 4404 581 4482 in
605 4408 737 4485 saisina
763 4406 877 4518 garde
903 4406 995 4485 dicti
1023 4408 1212 4514 prioratus
1238 4407 1285 4483 de
1305 4407 1411 4485 Mera
1437 4423 1477 4483 et
1498 4406 1751 4512 paronensis-

321 4563 407 4615 mm
420 4537 593 4645 ejusdem
604 4538 744 4616 debere
758 4564 966 4627 remanere,
982 4536 1083 4615 salvo
1091 4538 1180 4645 jure
1190 4536 1284 4616 dicti
1298 4535 1457 4625 comitis,
1473 4537 1623 4644 siquod
1635 4536 1750 4616 babet

321 4670 362 4745 in
382 4670 610 4776 pmprietate
630 4672 745 4779 garde
764 4670 933 4777 predicte
952 4669 991 4747 in
1012 4668 1138 4778 cujus,
1160 4684 1229 4747 etc.

367 4795 487 4879 Luna
505 4818 593 4908 post
610 4802 841 4880 nativitatem
860 4801 960 4880 beati
978 4800 1163 4881 lobannis
1181 4800 1369 4909 baptista..

365 4993 997 5091 ¹Onlitenmarge21NotsMandamustobis
1073 5002 1104 5066 in
1122 5002 1229 5069 nostris
1247 5002 1375 5089 registris
1390 4999 1566 5075 continetur,
1582 5004 1751 5068 execucioni

320 5108 999 5195 quatinusdictamcondempnaciouem,pmut
1073 5101 1749 5173 mandaris...urrurrrrtibrar'ruronenses2
1851 5120 1854 5128 '
