4450 6209
523 728 597 801 562
1104 725 1195 798 LES
1219 722 1358 798 OLIM.

293 877 483 942 Pumnrtv,
520 869 721 977 complices
731 869 854 949 illatos
867 868 939 948 sibi
948 865 1064 946 lusisse
1077 861 1363 953 dicebant,tieri
1373 859 1636 951 mandavisset,
1651 858 1939 966 inquestamque

358 971 422 1014 mm
520 1026 634 1109 super
656 1001 846 1107 premissis
872 999 1007 1078 factem
1029 998 1078 1077 ad
1096 1014 1261 1076 nostram
1286 993 1429 1074 curiam
1445 989 1690 1100 judicandam
1714 988 1938 1070 remisisset:

518 1133 605 1212 Visa
617 1133 817 1242 diligenter
832 1131 1006 1238 inquesta
1017 1128 1200 1236 predicta,
1217 1125 1400 1233 quianon
1412 1121 1486 1200 fuit
1498 1122 1539 1200 in
1552 1149 1595 1200 ea
1609 1137 1805 1228 repertum
1820 1137 1939 1227 partes

517 1263 564 1341 ad
584 1263 658 1343 hoc
676 1263 789 1342 fuisse
818 1262 1003 1372 legittime
1032 1277 1193 1348 vocatas,
1225 1257 1345 1334 immo
1376 1271 1571 1361 repertum
1600 1269 1674 1343 est,
1704 1279 1822 1358 super
1851 1251 1934 1340 boc,

514 1393 718 1498 productos
732 1411 848 1472 testes
860 1421 939 1474 non
957 1391 1072 1471 fuisse
1092 1387 1331 1498 singulariter
1349 1401 1388 1464 et
1406 1385 1598 1493 sigillatim
1617 1382 1865 1472 examinatos,
1876 1383 1936 1489 ju·

513 1523 639 1631 risque
665 1524 839 1603 ordinem
869 1524 909 1602 in
932 1521 1063 1600 multis
1087 1519 1170 1600 aliis
1195 1516 1479 1626 pretermissum
1504 1514 1637 1605 luisse,
1659 1544 1729 1622 per
1752 1532 1933 1594 arrestum

514 1672 639 1734 nostre
656 1657 772 1749 curie,
793 1655 937 1734 dictum
952 1653 1025 1734 luit
1039 1653 1178 1732 dictam
1191 1651 1404 1758 inquestam
1422 1665 1461 1726 et
1477 1675 1696 1753 processum
1715 1645 1933 1753 hujusmodi

512 1787 854 1864 commissariorum
869 1785 1128 1892 predictorum
1142 1781 1269 1860 nullos
1284 1807 1365 1858 esse
1378 1794 1416 1856 et
1429 1779 1570 1857 iterum
1586 1775 1691 1856 refici
1708 1775 1852 1854 debere
1871 1804 1934 1882 per

513 1933 634 1995 certos
653 1915 927 1996 commissarios
946 1941 1060 2020 super
1075 1915 1150 1992 hoc
1168 1939 1190 1990 a
1208 1928 1335 1992 nostra
1349 1910 1452 1988 curia
1472 1908 1722 2016 deputandos.

568 2047 745 2126 Mercurii
764 2063 850 2126 ante
869 2046 1019 2124 Pascha.

566 2177 612 2256 G.
635 2177 683 2255 dc
703 2177 799 2256 Usco
818 2174 1031 2283 reportavit.

565 2308 733 2386 Remissa
747 2307 820 2386 fuit
838 2307 886 2386 ad
903 2305 1158 2384 reficiendam.

565 2573 687 2652 LVlll.
718 2572 814 2650 Cum
826 2571 955 2678 plures
967 2571 1064 2650 cives
1079 2569 1347 2649 laudunenses
1360 2567 1473 2656 facta,
1488 2582 1533 2645 ut
1543 2566 1770 2672 accepimus,
1783 2569 1931 2674 conspi-

505 2705 656 2782 racione
669 2721 708 2782 et
722 2719 942 2810 congregata
955 2701 1201 2780 multitudine
1216 2700 1431 2788 hominum,
1446 2727 1534 2776 eum
1548 2698 1676 2788 armis,
1691 2697 1732 2774 in
1740 2697 1929 2805 quandam

506 2852 649 2912 curtem
660 2863 735 2941 que
752 2849 824 2924 est,
840 2850 883 2913 ut
895 2833 1043 2925 dicitur,
1058 2831 1258 2912 Robertile
1270 2830 1504 2919 Madelinier,
1520 2830 1732 2936 impetuose
1741 2831 1930 2910 venissent

506 2981 544 3042 et
560 2963 707 3042 edificia
723 2964 895 3072 quedam
904 2963 1047 3042 ibidem
1066 2963 1276 3050 existencia,
1291 2963 1340 3040 ad
1355 2990 1508 3040 manum
1526 2977 1693 3040 nostram
1706 2961 1842 3066 posita,
1856 2961 1928 3040 fre·

503 3095 646 3202 gissent
664 3123 732 3173 seu
754 3094 972 3183 diruissent,
991 3092 1207 3198 multosque
1225 3092 1319 3172 alios
1334 3120 1505 3172 excessus
1524 3090 1618 3171 inibi
1633 3107 1923 3200 perpetrassent,

503 3226 542 3301 in
563 3243 737 3306 nostrum
752 3242 790 3304 et
805 3241 934 3304 nostre
943 3224 1224 3333 jurisdiccionis
1239 3240 1498 3331 contemptum
1508 3252 1551 3304 ac
1564 3223 1652 3304 dicti
1674 3221 1829 3300 Roberti
1845 3251 1928 3330 pre·

495 3355 686 3462 judicium
701 3373 739 3434 et
749 3383 961 3463 gravamen,
974 3355 1112 3434 ballivo
1122 3355 1411 3436 viromandensi
1424 3354 1681 3438 mandavimus
1691 3355 1799 3460 quod
1812 3381 1926 3460 super

498 3488 705 3590 premissis,
721 3516 789 3595 per
801 3515 840 3566 se
850 3487 909 3566 vel
925 3515 992 3594 per
1002 3487 1135 3576 alium,
1148 3487 1289 3565 vocatis
1298 3485 1483 3593 portibus,
1493 3486 1702 3593 inquireret
1709 3484 1923 3562 veritatem:

497 3619 608 3696 Facta
625 3619 740 3728 igitur
762 3647 874 3727 super
897 3618 1093 3724 predictis,
1114 3618 1284 3725 partibus
1304 3618 1455 3708 vocatis,
1475 3619 1646 3725 inquesta
1665 3635 1703 3698 et
1722 3616 1924 3724 diligenter

497 3749 587 3838 visa,
610 3777 696 3828 eum
716 3777 784 3855 per
809 3777 892 3825 earn
915 3748 1062 3854 liquido
1085 3748 1134 3826 sit
1152 3766 1389 3856 compertum
1414 3749 1590 3858 Egidium
1613 3748 1662 3826 de
1682 3746 1919 3855 Ruppelorti,

498 3878 617 3954 Adam
639 3879 687 3956 de
706 3879 908 3970 Noviomo,
934 3879 1146 3956 Hubertum
1172 3880 1219 3958 de
1244 3881 1453 3988 Arenceyo,
1474 3883 1698 3960 lorrannum
1717 3879 1918 3965 Daranins,

408 4039 414 4055 ·
497 4007 746 4088 Guillelmum
770 4009 818 4086 de
840 4009 1181 4099 Sancto-lohanne,
1202 4010 1398 4090 Ansellum
1414 4014 1460 4089 de
1477 4009 1762 4101 Monte-Aemo,
1780 4009 1920 4086 lohan-

496 4166 582 4216 ncm
604 4139 747 4216 dictum
768 4140 964 4218 Corbeaux
984 4157 1022 4219 et
1036 4143 1329 4248 laquemardum
1351 4144 1399 4220 de
1418 4141 1686 4222 Monte-Aemo
1706 4139 1756 4218 ad
1774 4156 1917 4218 curtem

494 4271 713 4375 predictam,
727 4270 766 4346 in
781 4298 896 4348 manu
911 4289 1048 4362 nostra,
1064 4290 1218 4378 propter
1233 4273 1413 4350 debatum
1426 4273 1605 4380 parcium,
1622 4272 1853 4360 existentem,
1865 4299 1918 4347 ao·

494 4400 661 4491 cessisse,
679 4430 765 4478 curn
780 4429 915 4510 magna
929 4401 1175 4480 multitudine
1188 4403 1389 4482 hominum
1405 4405 1504 4483 dicte
1516 4404 1621 4497 ville,
1638 4421 1678 4482 et
1689 4404 1791 4510 ipsos
1801 4404 1918 4509 quod·

493 4531 579 4606 dam
590 4531 759 4611 foramen
774 4562 842 4610 seu
856 4534 1020 4610 hostium
1035 4532 1134 4611 dicte
1150 4536 1265 4612 curtis
1278 4536 1511 4625 obturatum,
1529 4536 1579 4612 de
1593 4535 1770 4613 mandato
1784 4561 1917 4640 prepo-

490 4659 550 4737 siti
574 4663 693 4740 nostri
715 4663 993 4755 Laudunensis,
1019 4665 1241 4744 auctoritate
1260 4667 1411 4774 propria
1429 4665 1695 4753 deohturasse,
1718 4680 1756 4742 et
1779 4663 1913 4742 dictam

490 4807 655 4884 curtem,
675 4793 714 4871 in
731 4823 845 4871 manu
863 4813 1002 4887 nostra,
1022 4813 1065 4874 ut
1086 4797 1336 4903 premittitur,
1354 4798 1591 4887 existentem,
1608 4794 1815 4885 intravisse,
1838 4821 1911 4872 non

487 4941 615 4999 tamen
637 4951 723 5000 cum
738 4924 868 5014 armis,
890 4926 1068 5033 stellaque
1089 4927 1129 5007 in
1149 4927 1247 5007 dicte
1266 4945 1370 5010 ourte
1394 4927 1593 5011 existencia
1614 4926 1911 5015 destruxissent

489 5051 592 5160 quod
616 5053 671 5132 eis
697 5052 837 5159 placuit
860 5054 949 5132 inde
969 5075 1195 5163 asportasse,
1222 5076 1345 5167 spreta
1370 5058 1606 5166 apposicione
1628 5085 1763 5137 manus
1784 5073 1908 5135 nostre
