4450 6209
494 728 569 802 268
1079 725 1169 798 LES
1200 721 1343 796 OLIM.

268 882 399 934 aarum
411 877 456 944 lv,
493 869 646 977 nagium
666 869 814 946 edictis
833 865 1053 944 hominibus
1068 884 1106 943 et
1121 895 1140 942 a
1155 866 1460 973 quibuscumque
1476 863 1578 955 aliis;
1597 866 1770 956 tandem,
1789 867 1916 944 locum

330 971 393 1016 1³⁰7.

493 1019 628 1080 tenens
641 1001 732 1078 dicti
746 999 889 1090 ballivi,
904 998 1042 1076 auditis
1053 997 1267 1076 racionibus
1277 996 1474 1105 utriusque
1488 996 1618 1102 partis,
1633 998 1783 1076 racione
1796 1000 1920 1107 cujus-

496 1132 582 1209 dam
610 1131 778 1210 delectus
803 1129 890 1207 facti
913 1159 936 1206 a
958 1129 1067 1206 dictis
1091 1129 1276 1236 religiosis
1296 1157 1421 1206 coram
1442 1127 1681 1207 auditoribus
1702 1157 1818 1236 super
1836 1159 1920 1237 pre-

495 1263 618 1340 missis
633 1261 821 1368 deputatis
835 1289 856 1337 a
870 1259 973 1338 dicto
986 1259 1113 1336 locum
1131 1275 1305 1348 tenente,
1321 1258 1581 1364 pronunciavit
1595 1258 1715 1336 dictos
1727 1258 1920 1368 religiosos

496 1394 685 1471 decetcro
703 1420 781 1471 non
796 1419 875 1470 esse
892 1391 1148 1469 admittendos
1162 1391 1211 1468 ad
1227 1390 1456 1468 tradendum
1473 1387 1568 1466 lacta
1584 1417 1668 1480 sua,
1684 1417 1755 1468 ncc
1772 1390 1819 1468 ad
1835 1419 1919 1497 pro-

495 1524 714 1603 ducendum
729 1539 843 1602 testes
860 1549 950 1600 suos
963 1551 1079 1630 super
1090 1521 1298 1628 premissis,
1315 1521 1525 1599 secundum
1541 1549 1653 1600 usum
1666 1537 1706 1598 et
1722 1539 1921 1600 consuetu-

496 1657 626 1736 dinem
646 1657 784 1765 patric,
801 1655 875 1732 alio
894 1682 1074 1761 processu
1088 1654 1129 1731 in
1150 1653 1248 1732 dicta
1268 1681 1377 1730 causa
1397 1652 1529 1730 habito
1549 1680 1675 1730 coram
1690 1651 1801 1730 dictis
1819 1653 1922 1732 audi-

495 1787 642 1866 toribus
663 1788 702 1864 in
721 1815 791 1864 suo
811 1785 949 1864 robore
970 1785 1172 1876 duratur03
1194 1815 1215 1862 a
1234 1813 1311 1891 quo
1324 1783 1506 1892 judicato,
1523 1800 1716 1890 tamquam
1736 1813 1758 1860 a
1777 1782 1870 1862 falso
1886 1802 1921 1862 et

495 1947 629 2024 pravo,
650 1918 742 1995 dicti
762 1917 927 2025 religiosi
948 1917 997 1994 ad
1014 1934 1181 1996 nostram
1202 1916 1343 1993 curiam
1365 1914 1619 2022 appellarunt:
1641 1915 1790 1994 Auditis
1809 1916 1921 2024 igitur

496 2050 666 2156 partibus
690 2049 730 2127 in
748 2078 859 2126 causa
876 2048 1142 2156 appellaciouis
1159 2046 1344 2154 predicte,
1368 2064 1406 2124 et
1423 2047 1502 2125 viso
1522 2074 1699 2153 processu
1719 2074 1833 2154 super
1851 2045 1922 2124 hoc

497 2181 606 2272 facto,
622 2199 752 2258 vocato
766 2181 884 2258 eciam
900 2197 938 2257 et
951 2181 1081 2258 audito
1094 2179 1232 2258 ballivo
1244 2195 1374 2258 nostro
1387 2178 1595 2256 Senonensi
1612 2205 1713 2254 nunc
1729 2177 1918 2268 existente,

497 2341 565 2418 per
589 2313 692 2390 curie
714 2331 841 2390 nostre
856 2312 1062 2420 judicium,
1083 2312 1226 2389 dictum
1247 2310 1320 2388 suit
1338 2327 1377 2388 et
1395 2309 1686 2416 pronunciatum
1707 2309 1851 2386 dictum
1870 2309 1922 2386 lo-

497 2473 583 2521 cum
599 2461 791 2522 tenentem
818 2443 977 2550 predicti
1003 2444 1132 2522 ballivi
1159 2443 1259 2522 bene
1280 2441 1489 2549 judicasse,
1517 2458 1555 2518 et
1583 2439 1704 2519 dictos
1729 2440 1922 2548 religiosos

497 2575 596 2652 male
612 2575 827 2682 appellasse,
848 2594 887 2653 et
906 2575 1012 2683 quod
1032 2575 1103 2682 ipsi
1122 2575 1195 2652 hoc
1209 2573 1482 2664 emendabunt,
1506 2589 1543 2649 et
1563 2573 1667 2679 quod
1687 2571 1786 2650 dicte
1801 2589 1923 2680 partes

496 2706 546 2783 ad
561 2733 716 2784 examen
734 2708 823 2785 dicti
840 2706 967 2785 ballivi
988 2706 1219 2784 Senonensis
1233 2704 1280 2782 ad
1295 2704 1578 2811 procedendum
1595 2702 1752 2782 ulterius
1772 2703 1921 2781 indicta

499 2865 607 2913 causa
628 2865 761 2915 eorum
782 2838 973 2924 redibunt.

554 2968 663 3044 Lune
677 2970 858 3074 predicta.

554 3099 727 3180 Bocellus
738 3102 951 3208 reportavit.

552 3364 645 3442 LIX.
676 3366 762 3444 Visa
788 3367 961 3473 inquesta
985 3366 1084 3443 inter
1103 3381 1234 3471 gentes
1265 3364 1410 3443 domini
1431 3363 1559 3470 Regis,
1582 3390 1626 3439 ex
1646 3390 1722 3440 una
1738 3379 1863 3468 parte,
1886 3379 1933 3440 et·
1994 3352 1997 3366 ’

400 3541 405 3546 ·
496 3494 670 3573 abbatem
680 3513 719 3574 et
728 3514 956 3575 conventum
968 3495 1617 3602 Sancti-Benedicti-super-Ligerim,
1631 3522 1675 3572 ex
1686 3492 1810 3583 altera,
1828 3493 1922 3570 lacta

496 3628 647 3704 racione
676 3628 992 3735 sergenteriarum
1018 3629 1121 3705 curie
1143 3628 1191 3705 de
1212 3627 1388 3734 Marrigni
1410 3644 1448 3703 et
1478 3628 1525 3703 de
1550 3625 1920 3732 Mota-de·Corgon,

495 3775 650 3863 propter
670 3757 839 3836 delectus
858 3757 984 3864 plures
1000 3759 1039 3833 in
1063 3787 1105 3834 ca
1125 3774 1314 3863 repertos,
1335 3785 1413 3836 non
1431 3755 1502 3833 suit
1519 3756 1685 3865 judicata
1705 3772 1744 3833 at
1756 3754 1922 3862 precepit

497 3887 600 3962 curia
612 3887 717 3993 quod
738 3888 869 3965 iterato
890 3888 966 3979 fiat,
989 3888 1124 3964 vocatis
1141 3888 1205 3995 qui
1223 3886 1364 3964 luerint
1382 3886 1573 3965 evocandi.

553 4019 661 4095 Lune
680 4018 860 4124 predicta.

552 4148 729 4228 Bocellus
743 4151 955 4256 reponaris.

552 4280 719 4359 Remissa
739 4299 796 4360 est
814 4283 986 4389 inquesta
1006 4282 1053 4358 ad
1072 4281 1362 4389 perficiendum.

550 4545 625 4621 LX.
655 4546 938 4652 Proposuerunt
957 4546 1118 4622 incuria
1137 4562 1263 4622 nostra
1282 4543 1465 4623 Guichius
1485 4546 1534 4623 de
1550 4542 1717 4635 Senella,
1736 4543 1920 4622 Guichius

493 4673 695 4766 Attaviani,
718 4678 861 4784 Symon
882 4677 1040 4784 Spinelli
1061 4693 1099 4753 et
1120 4677 1261 4754 Bambe
1281 4676 1329 4753 de
1353 4678 1497 4786 Burgo,
1519 4705 1590 4784 pro
1618 4703 1658 4755 sc
1682 4674 1920 4782 singulariter

495 4823 534 4882 et
552 4807 716 4896 divisim,
736 4825 943 4886 asserentes
957 4836 996 4886 se
1015 4836 1163 4885 causam
1180 4826 1217 4886 ct
1231 4808 1294 4914 jus
1309 4808 1443 4916 agendi
1461 4808 1619 4893 habere,
1642 4806 1819 4884 videlicet
1839 4804 1917 4882 dic·

488 4953 556 5015 tus
576 4936 759 5015 Guichius
777 4939 825 5015 de
845 4938 1012 5031 Senella,
1033 4940 1183 5017 racione
1204 4938 1381 5018 cessionis
1399 4937 1470 5016 sibi
1485 4937 1579 5015 facte
1598 4967 1642 5014 ex
1660 4965 1768 5016 causa
1788 4935 1918 5012 vendi-

493 5070 611 5148 cionis
629 5098 697 5176 per
716 5071 842 5150 castre
857 5070 1053 5161 Gaufredi,
1073 5071 1258 5151 Guichius
1275 5072 1474 5160 Attaviani,
1493 5099 1535 5148 ex
1553 5097 1715 5178 persona
1729 5067 1913 5147 Attaviaui
