4450 6209
513 707 586 780 136
1095 703 1185 775 LES
1215 699 1356 775 OLIM.

274 862 406 916 Pratum
418 859 461 922 rt,
507 874 623 954 quam
639 846 743 924 idem
760 845 968 922 vicecomes
981 872 1022 922 se
1038 844 1171 922 tulisse
1190 843 1352 935 dicebat,
1370 843 1660 921 contradictum
1675 843 1715 920 Ρ.
1733 839 1887 920 Arnaldi
1902 859 1938 920 et

336 956 399 998 Μ’
506 980 588 1086 ejus
604 977 721 1066 bona,
744 1006 859 1084 quam
875 976 1105 1054 sentenciam
1120 975 1234 1054 frater
1249 993 1288 1053 et
1303 972 1406 1053 lilius
1422 974 1626 1082 supradicti
1642 974 1818 1052 dicebant
1832 991 1870 1050 et
1887 1003 1937 1051 as

504 1109 682 1188 serebant
700 1107 884 1215 legittima
902 1107 1161 1215 appellacione
1180 1135 1397 1214 suspensam
1418 1107 1582 1184 revocari
1606 1123 1644 1184 et
1667 1105 1714 1183 ad
1735 1105 1934 1212 pristinum

501 1258 642 1318 statum
662 1239 815 1332 reduci3
832 1240 934 1318 dicto
950 1239 1170 1319 vicecomite
1187 1237 1418 1318 contrarium
1434 1255 1646 1316 asserente:
1663 1237 1854 1327 Tandem,
1870 1267 1934 1315 au-

502 1374 592 1450 ditis
606 1401 720 1480 super
737 1372 810 1450 hoc
824 1371 1041 1450 racionibus
1057 1371 1255 1480 utriusque
1273 1371 1406 1478 partis,
1424 1371 1576 1479 visaque
1591 1387 1630 1448 et
1647 1371 1849 1480 diligenter
1863 1371 1934 1448 ins-

499 1524 607 1610 pecta
624 1507 817 1613 inquesta,
835 1503 882 1582 de
899 1505 1079 1582 mandato
1096 1521 1226 1582 nostro
1242 1531 1356 1610 super
1372 1503 1446 1582 boc
1459 1503 1570 1592 lacta,
1587 1504 1673 1610 quia
1691 1501 1794 1580 curie
1810 1521 1933 1582 nostre

498 1637 666 1716 constitit
689 1639 920 1716 sentenciam
940 1665 1008 1716 seu
1028 1636 1388 1744 pronunciacionem
1409 1635 1616 1742 predictam
1636 1633 1758 1714 luisse.
1772 1653 1811 1713 et
1831 1664 1930 1726 esse,

498 1770 596 1846 inlra
613 1787 765 1877 tempus
783 1769 958 1847 debitum
977 1768 1233 1877 appellacione
1253 1796 1321 1875 per
1337 1767 1528 1876 predictos
1549 1768 1759 1877 interjecta,
1779 1797 1933 1875 suspen·
2035 1837 2038 1844 ,

498 1931 599 1990 sam,
624 1919 662 1979 et
679 1901 780 1981 bona
801 1901 892 1980 dicti
911 1902 951 1978 P.
973 1899 1147 1990 Arnaldi,
1170 1917 1256 2007 post
1275 1900 1414 1977 dictam
1435 1889 1687 1989 sentenciam,
1710 1901 1930 2007 exequendo

499 2033 676 2123 eandem,
692 2033 794 2110 dicto
807 2031 1015 2110 vicecomiti
1031 2031 1229 2140 applicata,
1245 2032 1452 2110 vicecomes
1463 2033 1656 2140 predictus
1668 2061 1736 2140 per
1748 2049 1930 2110 arrestum

497 2181 626 2242 nostre
646 2165 751 2243 curie
769 2165 1069 2271 condempnatus
1087 2163 1161 2241 luit
1178 2164 1226 2242 ad
1242 2163 1485 2242 reddendum
1503 2183 1541 2245 et
1555 2165 1836 2245 restituendum
1855 2195 1932 2271 pre·

498 2296 599 2374 dicto
624 2295 705 2375 filio
731 2296 859 2374 omnia
877 2295 979 2372 bona
1000 2294 1159 2373 mobilia
1183 2311 1222 2372 et
1240 2294 1452 2373 immobilia
1472 2296 1563 2374 dicti
1584 2296 1702 2386 Petri,
1728 2325 1804 2404 que
1829 2297 1929 2374 idem

495 2429 703 2508 vicecomes
720 2443 807 2535 post
819 2429 1052 2506 sentenciam
1070 2455 1139 2506 seu
1154 2428 1513 2536 pronunciacionem
1525 2429 1752 2537 predictam,
1768 2457 1837 2506 seu
1852 2429 1929 2536 ejus

496 2559 708 2650 occasione,
727 2559 938 2666 occupavit,
961 2575 999 2636 et
1017 2560 1118 2667 cepit
1138 2577 1202 2638 aut
1222 2559 1294 2638 sibi
1315 2559 1523 2667 applicavit.
1545 2562 1630 2655 Que
1651 2560 1841 2638 sentencia
1860 2560 1928 2638 lata

496 2692 568 2768 luit
588 2720 707 2770 nonas
725 2692 912 2781 lanuarii,
935 2720 1036 2770 anno
1056 2693 1212 2770 Domini
1234 2692 1437 2772 millesimo
1456 2693 1725 2772 trecentesimo
1745 2693 1925 2781 secundo,

495 2841 538 2900 ut
562 2825 602 2900 iu
626 2823 783 2912 litteris,
805 2822 982 2900 exhibitis
1002 2840 1170 2929 exparte
1189 2824 1444 2930 procuratoris
1466 2823 1556 2902 dicti
1576 2825 1823 2914 vicecomitis,
1845 2853 1929 2904 con·

495 2956 638 3030 tinetur
663 2970 701 3030 et
724 2981 794 3060 per
818 2954 998 3032 eumdem
1022 2972 1305 3060 procuratorem
1334 2955 1457 3034 extitit
1481 2955 1753 3047 confessatum3
1782 2975 1927 3064 recepta

495 3103 622 3163 tamen
633 3085 874 3164 sufficienter
893 3086 1089 3176 caucione,
1108 3115 1178 3194 per
1197 3087 1447 3166 senescallum
1464 3091 1637 3168 nostrum
1658 3089 1926 3168 Carcassonen·

495 3245 575 3294 sem
593 3217 651 3294 vel
668 3217 751 3325 ejus
770 3219 1005 3308 mandatum,
1024 3247 1045 3295 a
1065 3218 1237 3325 predicto
1255 3220 1336 3298 filio
1355 3220 1531 3300 debonis
1551 3219 1761 3299 mobilibus
1779 3222 1925 3328 predic-

494 3350 543 3426 tis
565 3349 772 3428 reddendis
792 3367 831 3428 et
854 3350 1116 3444 restituendis,
1139 3352 1179 3428 in
1202 3369 1379 3430 eventum
1402 3353 1479 3431 litis
1499 3352 1670 3461 predicte
1693 3381 1803 3430 cause
1829 3353 1926 3460 prin·

495 3481 624 3588 cipalis
640 3482 740 3560 inter
760 3483 858 3591 ipsas
881 3499 1004 3589 partes
1023 3483 1245 3589 pendentis,
1270 3486 1300 3562 si
1321 3484 1438 3563 luerit
1454 3483 1693 3576 laciendum
1716 3503 1755 3563 et
1775 3486 1925 3592 insuper

495 3614 622 3692 eidem
646 3614 745 3703 filio,
769 3643 838 3721 per
863 3613 1005 3692 curiam
1032 3631 1199 3695 nostram
1228 3643 1399 3724 expresse
1427 3617 1499 3696 luit
1524 3617 1730 3696 inhibitum
1756 3645 1805 3695 ne
1832 3619 1920 3724 ipse,

496 3746 593 3822 dicta
611 3745 677 3820 lite
689 3746 897 3851 pendente,
915 3747 964 3827 de
979 3746 1091 3824 bonis
1105 3749 1371 3828 immobilibus
1387 3751 1611 3858 supradictis
1624 3751 1830 3857 quicquam
1844 3749 1924 3827 alie-

495 3904 584 3953 nare
605 3893 808 3982 presumat.
1285 3961 1290 3972 ,

551 3996 679 4083 Martis
698 4026 785 4116 post
804 4009 1087 4119 Magdalenam,
1110 4041 1211 4092 anno
1235 4016 1502 4094 trecentesimo
1523 4033 1670 4122 quarto.

548 4272 707 4352 XXXIV.
740 4272 838 4351 Cum
862 4275 1078 4354 Bernardus
1104 4277 1152 4354 de
1176 4261 1403 4368 Durbanno,
1430 4279 1566 4370 miles,
1582 4297 1618 4358 ct
1639 4279 1855 4360 Gaubertus
1877 4278 1920 4356 de

493 4405 669 4496 Leucata,
688 4405 932 4500 domicellus,
952 4408 1097 4487 domini
1114 4410 1223 4487 castri
1242 4413 1289 4489 de
1302 4413 1483 4501 Leucata,
1501 4414 1612 4492 nobis
1625 4414 1826 4521 conquesti
1843 4412 1920 4490 fuis·

492 4552 575 4615 sent
591 4565 705 4644 super
722 4566 768 4616 eo
785 4539 910 4645 quod,
929 4570 1017 4618 cum
1032 4541 1121 4648 ipsi,
1139 4560 1184 4619 ut
1202 4541 1394 4633 dicebant,
1416 4542 1576 4622 luissent
1593 4563 1631 4624 et
1648 4562 1774 4624 essent
1789 4545 1829 4623 in
1844 4571 1920 4652 pos-

493 4666 682 4756 sessione,
708 4666 768 4744 vel
788 4669 915 4774 quasi,
942 4672 1104 4778 predicti
1131 4672 1240 4750 castri
1268 4673 1317 4750 de
1341 4675 1519 4767 Leucata,
1551 4676 1713 4756 dilectus
1739 4695 1778 4755 et
1803 4675 1919 4754 fidelis

494 4813 621 4875 noster
649 4796 878 4891 Almaricus,
910 4801 1119 4884 vicecomes
1146 4804 1419 4897 Narbonensis,
1448 4836 1516 4913 per
1542 4799 1617 4886 vim
1644 4826 1683 4887 et
1710 4809 1915 4916 potenciam

493 4955 612 5017 suam,
632 4928 776 5008 dictum
794 4948 957 5015 castrum
978 4934 1162 5014 violenter
1182 4956 1426 5044 occupaverat
1442 4957 1481 5016 et
1500 4967 1682 5048 occupare
1699 4940 1851 5028 lecerat,
1867 4938 1930 5056 ips

492 5087 554 5134 sos
577 5079 852 5166 conquerentes
875 5066 1114 5169 possessione
1139 5097 1206 5145 sua
1230 5067 1289 5146 vel
1314 5069 1421 5176 quasi
1447 5071 1619 5177 predicta
1643 5071 1814 5151 indebite
1839 5093 1917 5177 spo-
