4450 6209
521 690 566 759 72
1101 684 1192 757 LES
1222 682 1360 756 OLIM.

289 836 478 901 rannessa,
573 830 624 906 M.
646 830 685 906 P.
707 827 877 908 Toliardi
897 824 1109 935 reportavit.

352 928 415 973 1³01.

573 1092 651 1169 Xll.
681 1091 794 1178 Item,
823 1118 913 1167 cum
937 1090 1037 1167 inter
1058 1087 1239 1166 ballivum
1262 1086 1550 1166 Bitturicensem
1578 1115 1646 1195 pro
1671 1090 1782 1169 nobis
1802 1108 1841 1169 et
1858 1092 1941 1171 reli-

515 1224 662 1330 giosum
689 1221 813 1297 virum
832 1219 998 1326 priorem
1014 1218 1337 1326 Sancti-Stephani
1352 1218 1603 1307 Nivernensis,
1623 1222 1839 1299 monasterii
1857 1221 1939 1301 Clu-

515 1354 716 1441 niacensis,
738 1381 783 1429 ex
802 1380 879 1430 una
899 1369 1022 1459 parte,
1046 1369 1085 1430 ct
1107 1353 1335 1437 Robertum,
1357 1349 1558 1429 dominum
1581 1351 1629 1431 de
1650 1353 1858 1443 Bethania,
1882 1384 1938 1432 co-

514 1485 646 1563 mitem
670 1502 762 1561 tune
785 1482 1072 1575 Nivernensem,
1093 1482 1249 1561 nomine
1269 1510 1339 1560 suo
1364 1498 1403 1559 et
1421 1480 1630 1559 liberorum
1650 1482 1843 1589 ejusdem,
1871 1502 1934 1563 etc.

513 1619 610 1695 sicut
623 1645 733 1723 supra
751 1644 819 1723 per
833 1614 962 1693 omnia
976 1632 1120 1694 mutato
1137 1614 1291 1693 nomine
1305 1612 1512 1720 prioratus,
1529 1630 1567 1691 et
1581 1613 1652 1693 sub
1667 1613 1800 1701 eadem
1815 1616 1907 1695 data.

570 1749 698 1840 Idem,
720 1749 760 1826 P.
779 1746 994 1854 reportavit.

569 1881 618 1956 Et
636 1896 726 1957 sunt
745 1878 785 1965 in
803 1878 942 1956 eodem
962 1906 1080 1955 sacco.

570 2148 664 2225 lllll.
695 2146 952 2227 Commissum
972 2160 1029 2221 est
1045 2141 1183 2221 ballivo
1205 2142 1470 2221 Silvanectensi
1490 2144 1596 2251 quod
1615 2144 1748 2223 iterato
1768 2144 1934 2251 sollemp

430 2284 438 2301 ⁶
513 2280 600 2359 nius
619 2278 728 2355 faciat
747 2278 958 2385 inquestam
979 2302 1093 2381 super
1112 2274 1261 2382 injuriis
1282 2272 1394 2351 illatis
1414 2274 1529 2381 priori
1551 2274 1598 2353 de
1620 2276 1779 2355 Merlou.

569 2543 662 2622 XIV.
694 2542 792 2621 Curn
821 2542 920 2618 inter
948 2538 1124 2617 homines
1151 2536 1238 2614 ville
1270 2539 1317 2615 de
1345 2536 1544 2625 Givisiaco,
1572 2566 1616 2615 cx
1646 2567 1720 2615 una
1750 2556 1873 2646 parte,
1904 2554 1937 2615 et

511 2672 723 2751 lohannem
738 2672 787 2750 de
806 2671 1025 2778 Campania,
1047 2699 1093 2747 ex
1108 2668 1242 2757 altera,
1262 2686 1361 2747 esset
1376 2667 1562 2745 discordia
1577 2696 1689 2776 super
1705 2698 1882 2747 mensura
1894 2669 1937 2745 ad

511 2830 627 2907 quam
655 2803 748 2881 dicti
768 2804 944 2880 homines
971 2788 1114 2879 solvere
1142 2799 1285 2877 debent
1304 2800 1429 2878 eidem
1450 2800 1633 2893 lohanni,
1661 2830 1703 2877 ex
1724 2802 1828 2879 dono
1846 2801 1937 2909 regis

511 2934 684 3024 Francia,
705 2948 868 3038 quatuor
881 2932 1034 3010 modios
1048 2958 1163 3007 avene
1180 2960 1266 3007 cum
1283 2930 1443 3007 dimidio
1459 2930 1673 3021 annuatim,
1689 2948 1727 3007 et
1741 2960 1857 3038 super
1870 2932 1936 3009 hoc

512 3062 642 3169 plures
666 3062 787 3141 hahiti
813 3061 973 3141 fuissem
991 3062 1090 3139 inter
1114 3061 1231 3139 dictas
1254 3078 1378 3168 partes
1397 3089 1610 3169 processus,
1632 3078 1710 3139 tam
1730 3092 1858 3141 coram
1876 3064 1936 3139 Pa-

512 3194 659 3272 risiensi
671 3193 864 3303 preposito
873 3224 990 3303 quam
1005 3194 1044 3270 in
1056 3193 1290 3301 parlamento
1302 3212 1448 3283 nostro,
1465 3222 1533 3301 per
1545 3194 1642 3271 viam
1654 3194 1933 3301 appellacionis:

512 3325 704 3417 Tandem,
727 3326 875 3434 rejectis
898 3325 1065 3404 totaliter
1085 3326 1194 3403 dictis
1218 3326 1470 3432 processibus,
1499 3324 1640 3430 placuit
1666 3326 1809 3403 eisdem
1831 3327 1936 3434 parti·

512 3456 584 3535 bus
607 3457 732 3565 quod,
759 3487 873 3564 super
894 3456 1118 3564 hujusmodi
1139 3484 1317 3533 mensura
1337 3486 1358 3533 a
1377 3454 1486 3533 dictis
1502 3453 1672 3561 partibus
1692 3455 1932 3543 observanda,

512 3589 615 3665 curia
634 3606 762 3667 nostra
776 3590 988 3695 preciperet
1001 3588 1109 3695 qood
1128 3587 1273 3665 videret
1293 3586 1571 3666 racionabiliter
1584 3586 1815 3665 laciendum.
1831 3588 1936 3665 Ordi-

513 3721 613 3796 navit
633 3720 749 3825 igitur
775 3719 878 3795 curia
899 3736 1030 3797 nostra
1052 3718 1157 3825 quod
1182 3718 1272 3796 dicti
1288 3718 1463 3797 homines
1482 3746 1635 3795 avenam
1659 3719 1868 3825 predictam
1890 3720 1936 3795 ei-

514 3850 603 3925 dem
618 3849 780 3926 Johanni
795 3848 940 3927 solvant
953 3850 1000 3925 de
1013 3866 1139 3927 cetero
1153 3850 1201 3927 ad
1217 3849 1321 3927 illam
1337 3878 1551 3927 mensuram
1567 3848 1741 3955 adquam
1756 3878 1840 3927 eam
1854 3879 1937 3927 con·

513 3997 719 4057 sueverunt
732 3979 877 4057 solvere
894 4009 938 4058 ex
952 3980 1128 4088 antiquo;
1145 3979 1193 4057 de
1209 3979 1316 4087 cujus
1332 4008 1507 4058 mensure
1523 3980 1728 4087 quantitate
1744 3980 1824 4089 ipsa
1838 3982 1936 4058 curia

511 4128 639 4189 nostra
653 4140 692 4189 se
711 4109 860 4218 plenius
871 4111 1109 4191 informaret:
1127 4114 1235 4189 Facta
1249 4111 1438 4219 siquidem
1452 4110 1723 4190 informacione
1738 4112 1934 4189 sufficienti

510 4271 626 4349 super
652 4245 725 4321 hoc
752 4260 790 4321 et
815 4259 944 4321 nostre
971 4243 1074 4320 curie
1101 4260 1304 4349 reportata,
1331 4241 1421 4349 quia
1443 4272 1511 4350 per
1537 4271 1619 4319 earn
1643 4243 1838 4321 inventum
1868 4242 1937 4320 luit

508 4376 617 4480 quod
641 4375 802 4483 predicti
829 4376 1004 4452 homines
1023 4375 1071 4453 ab
1091 4374 1245 4480 antiquo
1267 4373 1409 4453 solvere
1430 4391 1468 4453 et
1493 4374 1615 4451 dictus
1635 4376 1825 4452 lohannes
1846 4374 1936 4451 reci·

509 4531 601 4611 pere
615 4504 756 4583 dictam
768 4533 923 4583 avenam
939 4522 1218 4584 consueverunt
1232 4505 1281 4581 ad
1293 4532 1509 4583 mensuram
1521 4505 1658 4612 prioris
1674 4504 1722 4583 de
1734 4505 1934 4595 Givisiaco,
2026 4592 2028 4597 ¹
2068 4498 2071 4505 ⁴

511 4635 568 4713 vel
588 4636 713 4713 eidem
733 4636 898 4715 similem
924 4637 964 4714 in
993 4636 1200 4744 quantitate
1229 4662 1465 4726 mensuram,
1489 4637 1537 4713 ad
1561 4634 1665 4713 illam
1691 4636 1867 4715 videlicet
1891 4636 1935 4713 ad
2002 4688 2005 4695 ·

513 4794 628 4873 quam
648 4767 727 4873 ipse
745 4768 850 4874 prior
864 4767 1030 4845 similem
1047 4795 1163 4845 avene
1182 4766 1451 4874 quantitatem,
1470 4796 1515 4845 ex
1529 4767 1632 4845 dono
1648 4767 1746 4875 regis
1761 4767 1932 4851 Francia,

511 4898 671 5004 percipit
699 4896 893 4974 annuatim
922 4898 970 4980 ab
999 4896 1219 4977 hominibus
1249 4896 1466 4987 antedictis,
1498 4898 1779 5006 perjudicium
1809 4914 1932 4976 nostre

513 5029 630 5127 curie,
652 5028 793 5123 dictum
810 5028 886 5114 ‚fuit
904 5028 1008 5140 quod
1027 5030 1203 5151 homines
1224 5028 1382 5138 predicti
1401 5028 1544 5109 solvere
1561 5048 1600 5108 et
1612 5030 1736 5108 dictus
1748 5028 1933 5110 lohannes
