4450 6209
634 818 645 831 =
746 763 1108 876 suoutrnsnr
1133 766 1340 858 raucus.
1685 784 1760 856 sca

335 926 524 1017 servienti,
536 941 574 1003 et
586 926 626 1002 in
641 927 749 1034 gagio
760 926 901 1034 bajulia
912 924 1250 1013 Montis-Acuti,-et
1259 925 1300 1003 in
1314 941 1466 1002 oentum
1482 924 1590 1006 libris
1604 924 1758 1001 dominc
1797 938 1928 995 Preme
1941 942 1984 1005 tv,

336 1057 445 1165 Regi,
467 1084 536 1164 pro
556 1058 733 1145 emenda,
755 1057 962 1145 solvendis,
985 1056 1108 1135 dictus
1127 1057 1250 1135 Faber
1269 1086 1291 1135 a
1309 1056 1655 1163 condempnacione
1674 1083 1760 1162 pre·
1859 1032 1924 1077 Μ’

336 1184 434 1265 dicta
458 1187 506 1265 ad
530 1205 694 1267 nostram
715 1188 857 1266 curiam
881 1187 1104 1294 appellavit:
1126 1188 1300 1267 Partibus
1325 1187 1440 1294 igitur
1457 1188 1697 1294 presentibus
1719 1187 1759 1262 in

336 1318 435 1397 curia
451 1317 595 1407 neena,
615 1336 654 1396 et
669 1320 785 1398 nichil
805 1320 891 1397 novi
908 1316 1207 1426 proponentibus
1222 1320 1263 1396 in
1277 1346 1386 1397 causa
1401 1318 1669 1426 appellacionis
1682 1346 1762 1425 pre-

336 1448 451 1541 dicte,
474 1450 548 1528 visa
568 1450 770 1559 diligenter
787 1450 885 1530 dicta
898 1451 1090 1557 inquesta,
1112 1478 1188 1558 per
1202 1451 1306 1530 curie
1322 1468 1448 1531 nosne
1461 1450 1667 1557 judicium,
1689 1450 1763 1527 dic

335 1597 419 1659 tum
438 1580 510 1659 luit
527 1582 740 1688 predictum
764 1584 1011 1661 senescallum
1030 1585 1130 1661 bene
1145 1584 1348 1693 judicasse,
1372 1600 1412 1661 et
1434 1583 1578 1660 dictum
1599 1583 1762 1660 Fabrum

337 1711 434 1788 male
453 1712 674 1820 appellasse,
693 1731 730 1792 et
747 1717 851 1821 quod
869 1714 1037 1820 predicta
1055 1715 1351 1823 condempuacio
1369 1713 1611 1791 mandabitur
1630 1741 1762 1791 execu-

212 1864 217 1873 ·
337 1871 448 1921 crona.

391 1972 588 2052 Dominica
607 1994 693 2083 post
715 1976 948 2056 Nativitatem
969 1977 1134 2056 Domini.

393 2103 500 2183 Greci
521 2109 733 2211 reportavit.
1476 2171 1481 2206 .

392 2370 435 2444 Π.
467 2370 549 2446 Lite
563 2386 679 2460 mota,
696 2399 825 2449 coram-
835 2373 962 2460 nobis,
977 2372 1076 2451 inter
1088 2374 1300 2451 lobannem
1316 2366 1365 2450 de
1379 2364 1515 2453 Alneto
1530 2390 1569 2450 et
1584 2376 1666 2480 ejus
1677 2402 1764 2451 uro

337 2525 435 2589 rem,
457 2528 500 2577 er
520 2528 595 2578 una
614 2519 733 2609 parte,
752 2518 790 2579 et
805 2504 1056 2581 Laurencium
1078 2503 1126 2580 dc
1146 2504 1415 2613 Montigniaco,
1439 2532 1482 2580 ex
1500 2503 1633 2591 altera,
1652 2531 1765 2609 super

339 2656 384 2707 eo
400 2629 505 2736 quod
522 2630 610 2709 dicti
627 2632 803 2741 conjuges
816 2634 995 2741 petebant
1008 2634 1301 2744 quadringentas
1315 2634 1429 2712 libras
1443 2634 1580 2712 debilis
1593 2650 1761 2723 monete,

338 2760 506 2840 residuas
526 2763 574 2840 ad
596 2763 838 2856 solvendum,
863 2766 911 2843 de
938 2765 1099 2874 quadam
1126 2765 1257 2875 majori
1284 2794 1430 2846 summa
1454 2767 1597 2844 eisdem
1621 2765 1763 2843 edicto

340 2884 563 2982 Lauronem,
583 2912 625 2971 ut
635 2892 841 2986 dicebatur,
857 2896 999 2988 debita,
1018 2924 1061 2976 ex
1076 2896 1298 2976 vendicicne
1314 2897 1508 3007 cujusdam
1526 2896 1762 2987 hereditatis,

341 3024 441 3102 dicto
464 3026 670 3105 Laurencio
695 3027 931 3108 solucionem
954 3058 1066 3137 super
1092 3029 1165 3107 hoc
1193 3028 1393 3145 allegante,
1425 3029 1668 3109 commissum
1693 3027 1766 3107 suit

339 3156 531 3263 preposito
554 3160 751 3237 Parisiensi
778 3178 838 3253 ut,
868 3188 945 3239 non
973 3162 1144 3240 obstante
1169 3161 1331 3268 quadam
1358 3163 1481 3240 littera
1508 3161 1763 3269 quittacionis,

340 3314 456 3393 quam
477 3287 565 3365 dicti
585 3290 765 3398 conjuges
793 3276 968 3369 dicebant
987 3319 1026 3369 se
1047 3290 1178 3369 iecisse
1200 3290 1272 3368 sub
1296 3320 1362 3399 spe
1382 3292 1509 3369 strnue
1532 3291 1769 3369 numeracio·

341 3418 416 3510 nis,
438 3420 640 3497 summarie
662 3420 709 3498 de
732 3422 924 3529 premissis
946 3422 1155 3530 inquireret
1177 3423 1393 3513 veritatem,
1417 3423 1482 3529 qni
1504 3422 1659 3528 quidem
1681 3448 1767 3527 pre·

340 3550 503 3657 positae,
520 3552 700 3659 inquisito
723 3554 770 3632 de
788 3554 996 3660 premissis,
1014 3551 1176 3633 absolvit
1196 3552 1340 3631 dictum
1361 3554 1614 3631 Laurencium
1633 3554 1681 3631 ab
1698 3554 1768 3628 im-

341 3682 527 3786 peticione
548 3684 1052 3794 conjugnm‘predictorum3
1072 3702 1301 3792 posteaque,
1322 3702 1477 3793 propter
1498 3684 1766 3762 clemacionem

222 3828 225 3835 '
344 3814 585 3903 eorumdem,
600 3814 648 3893 dc
666 3816 787 3923 gracia
802 3816 951 3925 speciali
967 3845 1009 3894 ac
1025 3816 1074 3895 de
1087 3816 1281 3895 vobrntate
1297 3816 1387 3895 dicti
1408 3816 1620 3905 laurencii,
1639 3814 1727 3893 licet
1746 3846 1767 3892 a

342 3942 444 4023 dicto
466 3945 635 4053 judicato
659 3975 736 4026 non
760 3946 891 4028 fuisset
914 3948 1158 4057 appellatum,
1181 3950 1260 4027 viso
1287 3950 1549 4027 iterato-dicto
1571 3974 1766 4054 processu,

342 4100 411 4181 per
431 4077 533 4153 curie
554 4093 680 4155 nostre
698 4078 906 4186 judicium,
927 4080 1070 4158 dictum
1096 4078 1169 4156 luit
1187 4080 1288 4157 bene
1312 4078 1425 4158 sarisse
1451 4108 1566 4185 super
1585 4080 1673 4166 hoc,
1700 4105 1769 4184 per

346 4204 488 4297 dictum
507 4209 758 4315 prepositum,
776 4211 1000 4320 judicatum.

398 4340 575 4417 Mercurii
593 4357 680 4449 post
698 4342 928 4421 Nativitatem
950 4342 1117 4420 Domini.

399 4468 505 4548 Greci
524 4472 738 4578 reportavit.

401 4734 460 4811 Ill.
492 4736 700 4814 Lite-mota
721 4738 820 4816 inter
839 4740 1016 4817 comitem
1037 4737 1406 4824 Claromontensem,
1433 4739 1582 4814 racione
1606 4740 1712 4816 castri
1733 4759 1772 4817 et

347 4864 558 4943 castellanis
576 4867 624 4947 de
636 4868 765 4959 Conti,
780 4898 855 4978 que
872 4872 950 4979 ipse
966 4872 1072 4962 dicit,
1089 4888 1245 4979 propter
1262 4871 1452 4949 defectum
1469 4870 1648 4960 heminis,
1664 4897 1704 4948 se
1718 4889 1773 4950 te-

348 5022 455 5088 nere,
478 5024 521 5073 ex
537 5026 612 5077 nna
630 5019 753 5109 parte,
776 5020 815 5081 et
833 5002 1006 5083 abbatem
1027 5021 1067 5091 et
1085 5019 1314 5083 conventum
1323 5004 1379 5081 -de
1393 5002 1539 5093 Gardo,
1555 5002 1772 5082 Cistercien-

346 5129 398 5205 sis
412 5127 573 5219 ordinis,
596 5160 639 5210 ex
652 5133 784 5229 altera,
804 5164 918 5243 super
937 5163 983 5215 eo
1002 5135 1108 5245 quod
1126 5134 1217 5213 dicti
1235 5116 1400 5247 religiosi
1421 5135 1597 5214 dicebant
1609 5162 1769 5212 neeesse

452 5307 504 5351 tet
523 5308 605 5352 ΟΗΙ.
630 5312 677 5353 111.
1604 5292 1645 5355 50
