4450 6209
735 679 1005 787 ruoutrss
1030 699 1095 772 nr
1121 673 1331 770 esoces
1671 692 1746 766 599

379 838 455 917 XC.
487 837 572 916 Lite·
595 855 714 926 mota,
741 837 782 914 in
808 838 910 920 curia
938 853 1080 926 nostra,
1107 836 1207 914 inter
1238 833 1414 913 comitem
1435 831 1679 921 Drooemem,
1704 861 1749 911 ex
1787 837 1972 902 eumont,

324 986 430 1076 parte
450 996 542 1058 una,
563 985 602 1046 et
619 969 861 1047 Petronillam
881 968 928 1045 de
940 965 1106 1058 ¹Soliaeo,
1121 965 1355 1046 comitissam
1373 952 1622 1054 Droeensem,
1643 991 1687 1040 ex
1700 964 1748 1042 ai·
1847 941 1912 986 Μ’

325 1116 419 1192 tera,
439 1126 553 1204 super
573 1127 618 1178 eo
637 1099 882 1206 quoddictus
900 1125 1030 1210 'comos
1047 1086 1200 1204 petebat
1212 1087 1685 1204 pronunciarissmolendina
1700 1096 1748 1171 de

325 1229 457 1308 Cahen
468 1247 508 1308 et
522 1230 569 1306 de
585 1229 703 1307 Leieu
722 1230 908 1336 pertinere
925 1247 962 1306 et
979 1228 1169 1336 pertinere
1184 1226 1323 1306 debere
1339 1226 1396 1319 ad3
1407 1227 1532 1331 ipsum
1551 1225 1745 1313 comitem,

323 1359 461 1436 virtute
495 1360 609 1466 pertis
638 1361 685 1438 de
716 1361 1111 1468 Doumart·aecepute
1139 1388 1206 1466 per
1234 1358 1381 1437 dictum
1408 1357 1588 1446 comitem
1621 1372 1749 1434 contra

324 1490 529 1593 predictam
549 1492 793 1581 comitissam,
816 1509 854 1571 et
872 1519 986 1599 super
999 1493 1072 1570 hoe
1096 1489 1323 1599 quoditiem
1347 1517 1477 1568 comes
1493 1487 1644 1594 petebat
1662 1515 1749 1593 pno-

323 1619 492 1696 nunciari
503 1637 540 1726 et
551 1621 728 1700 declarari
742 1623 915 1729 homagia
930 1621 1130 1704 feodorum
1146 1621 1194 1698 de
1204 1620 1350 1728 Caycus
1362 1637 1401 1696 et
1411 1618 1616 1696 d'Arennes
1625 1616 1749 1694 adhuc

324 1747 526 1828 dividenda
543 1780 624 1830 esse
648 1751 744 1831 inter
762 1753 934 1844 eosdem
954 1753 1053 1844 dieta
1071 1749 1260 1848 comitissa
1273 1732 1429 1828 dicente
1452 1749 1494 1826 in
1517 1748 1748 1827 contrarium

323 1857 446 1984 quoa,
465 1883 615 1961 racione
638 1881 738 1959 dors
765 1909 834 1958 seu
862 1881 1027 1959 domiui
1053 1881 1111 1958 sur
1136 1875 1667 1982 emmeramensem
1691 1878 1749 1953 in-

322 2025 380 2087 ter
398 2011 522 2117 ipsum
545 2029 583 2091 et
602 2012 779 2090 comitem
800 2011 1076 2117 supradictum,
1098 2011 1147 2086 ad
1166 2011 1284 2117 ipsum
1303 2008 1544 2118 pertinebunt
1560 2007 1746 2114 predicta,

322 2141 471 2218 racione
491 2143 606 2248 partis
623 2171 691 2222 sue
711 2141 1056 2222 Sancti-walerici:
1072 2143 1246 2247 inquesta
1263 2169 1379 2246 super
1397 2140 1488 2229 hoc,
1504 2139 1553 2216 de
1572 2138 1750 2216 mandato

323 2271 425 2346 curie
446 2289 591 2363 nostre,
609 2271 703 2349 facta
727 2274 831 2348 etad
845 2271 1098 2380 judicandum
1119 2270 1223 2348 curie
1242 2285 1371 2347 nostre
1391 2284 1594 2374 reportata,
1615 2266 1751 2346 visaet

320 2397 522 2507 diligenter
546 2401 770 2489 examinata,
793 2429 860 2507 per
885 2402 986 2480 curie
1011 2415 1139 2477 nostre
1154 2400 1360 2507 judicium,
1381 2397 1456 2474 fuit
1477 2397 1622 2476 diensm
1642 2398 1747 2502 quod

322 2528 421 2607 dicta
434 2530 806 2636 molendina,virtute
820 2513 933 2639 partis
946 2560 1012 2609 sue
1021 2530 1193 2638 predicte
1207 2533 1255 2608 de
1265 2531 1463 2621 Doumart,
1471 2528 1520 2605 ad
1528 2529 1675 2606 dictum
1687 2557 1749 2606 co-

195 2768 199 2772 ·
321 2660 453 2736 mitem
467 2659 722 2765 pertinebunt,
739 2680 777 2739 et
790 2661 895 2769 quod
910 2661 1006 2739 dieta
1020 2661 1195 2769 homagia
1208 2661 1255 2738 de
1272 2660 1416 2768 Caycus
1430 2676 1469 2737 et
1479 2657 1686 2737 d’Arennes
1700 2661 1748 2736 ad

321 2792 438 2896 ipsam
447 2790 672 2870 comitissam
688 2793 830 2877 debent
845 2793 1043 2898 pertinere,
1058 2792 1208 2873 racione
1218 2818 1286 2868 sue
1300 2790 1399 2880 dotis
1415 2807 1453 2868 et
1462 2789 1577 2897 partis
1588 2816 1656 2867 sne
1669 2817 1749 2895 pre-

322 2920 436 3014 diue,
458 2922 532 3000 hoc
548 2921 646 3002 selvo
666 2922 792 3000 eidem
812 2923 1019 3014 comitisse,
1039 2920 1250 3000 secundum
1274 2920 1589 3028 protestacionem
1604 2919 1653 2998 ab
1669 2920 1749 3026 ipsa

321 3051 410 3129 alias
424 3052 464 3128 in
479 3052 625 3159 judicio
643 3050 795 3143 iactam,
813 3053 918 3158 quod
937 3053 1016 3160 ipsa
1031 3052 1150 3159 possit
1166 3050 1415 3158 conqueride
1435 3050 1581 3130 lesione
1595 3049 1672 3129 sive
1689 3050 1749 3127 de·

322 3181 514 3285 ceptione,
531 3181 564 3260 si
579 3181 703 3260 videat
717 3209 757 3258 se
777 3181 891 3262 fuisse
907 3183 1023 3267 lesam
1040 3184 1097 3261 vel
1117 3181 1314 3289 deceptam
1325 3180 1565 3260 indivisione
1578 3209 1747 3287 seupar-

322 3312 482 3418 tegio—de
499 3312 678 3418 predictis
692 3311 789 3390 sacto
803 3312 903 3391 inter
917 3315 1036 3420 ipsam
1050 3331 1088 3390 et
1106 3314 1286 3392 comitem
1295 3311 1571 3419 orpradictum,
1587 3337 1666 3388 non
1682 3312 1748 3388 ob·

322 3457 443 3520 stante
458 3443 623 3548 presenti
631 3441 813 3549 judicato.

378 3572 555 3652 Mercurii
571 3589 658 3678 post
675 3557 963 3654 Penthecoaten.
984 3651 987 3660 .

379 3703 486 3782 Greci
498 3705 712 3809 reportavit.

379 3961 471 4040 XCI.
507 3961 604 4040 Cum
637 3963 742 4067 prior
768 3962 816 4040 de
841 3962 1027 4046 Amiliano
1056 3981 1352 4071 ¹conquereretur
1378 3962 1426 4040 de
1459 3962 1621 4070 quadam
1649 3960 1748 4040 arbi-

323 4091 406 4170 trali
431 4090 746 4196 pronunciaeione
777 4119 844 4197 per
871 4069 1089 4200 magistrum]
1114 4091 1371 4172 Guillermum
1395 4091 1443 4169 dc
1461 4092 1615 4182 Dumis,
1636 4121 1751 4172 caum

324 4225 451 4302 uicum
470 4222 762 4318 Biturioensem,
785 4222 963 4300 clericum
986 4239 1174 4313 nostrum,
1194 4223 1457 4329 inquisitorem
1474 4223 1514 4299 in
1533 4223 1749 4301 senmcallia

324 4349 558 4434 Ruthenensi
584 4351 805 4458 deputatum
830 4352 1007 4442 anobis,
1032 4352 1127 4430 foeta
1149 4382 1264 4459 super
1291 4359 1491 4460 patronatu
1515 4351 1671 4428 ecclesie
1698 4352 1747 4430 de

325 4483 513 4564 Amiliano
525 4543 534 4575 ‚
545 4483 687 4564 uirtute
703 4482 896 4591 cujusdam
911 4483 1173 4590 compromissi
1190 4483 1335 4560 ineum
1344 4481 1440 4570 'fecti‘
1447 4509 1518 4589 per
1527 4498 1749 4588 procurato·

323 4609 715 4702 remRuthenensem,
732 4615 904 4697 consules
924 4615 972 4693 de
994 4612 1199 4707 Amiliano,
1213 4629 1253 4693 et
1264 4613 1429 4721 priorem
1448 4611 1750 4720 predictum,.di·

328 4773 415 4824 oens
435 4744 536 4824 idem
558 4746 662 4852 prior
678 4775 717 4824 se
736 4774 931 4855 nunquam
950 4775 1063 4855 super
1085 4746 1216 4825 hocin
1240 4775 1329 4826 eum
1350 4743 1668 4852 compromisisse,
1688 4773 1760 4822 re.

327 4875 483 4982 quirens
497 4876 538 4954 id
553 4878 659 4985 quod
673 4906 743 4984 per
759 4877 904 4964 dictum
920 4877 1097 4956 clericum
1117 4895 1290 4958 nostrum
1306 4897 1422 4984 super
1435 4875 1658 4956 hocfactum
1676 4891 1744 4964 est,

326 5023 518 5113 tamquam
529 5007 679 5087 nullum
688 5007 855 5088 totaliter
864 5009 1045 5100 revocari,
1058 5025 1098 5089 et
1110 5009 1303 5098 custodes,
1317 5008 1358 5088 in
1367 5006 1480 5088 bonis
1488 5005 1584 5098 suis,
1592 5021 1748 5112 propter
