4450 6209
758 730 1026 838 anubrns
1052 747 1118 820 nr
1143 731 1351 823 Procas.
1688 747 1766 826 nrt

346 894 516 973 duetore
536 908 667 971 nostro
684 909 724 969 et
740 891 828 970 aliis
843 890 1061 980 evocandis,
1078 918 1192 998 super
1206 890 1397 997 premissis
1410 890 1504 971 fama
1525 894 1602 972 visa
1624 912 1662 972 et
1678 895 1769 985 dili,
1807 906 1939 961 Pruna
1950 908 1994 972 lv.

345 1044 477 1133 genter
495 1025 717 1114 examinata,
734 1051 803 1131 per
821 1023 925 1103 curie
942 1040 1069 1103 nostre
1079 1022 1286 1130 judicium,
1302 1024 1443 1103 dimum
1459 1022 1532 1103 fuit
1547 1044 1586 1103 et
1599 1052 1769 1133 pronun·
1869 997 1931 1041 Μ’

345 1156 483 1237 οἰιωω
503 1154 717 1265 predictum
736 1155 1052 1264 impedimentum
1068 1154 1209 1233 debere
1229 1156 1407 1247 amoueri,
1430 1174 1469 1235 et
1488 1157 1633 1236 dictum
1654 1136 1770 1236 comi-

343 1306 422 1367 tem
439 1289 581 1367 debere
597 1314 795 1365 remanere
815 1286 971 1393 pacifice
989 1286 1029 1362 in
1053 1286 1187 1363 saisina
1206 1314 1273 1364 sna
1293 1287 1481 1393 predicta,
1502 1315 1578 1366 non
1598 1290 1769 1367 obstante

344 1419 572 1497 advoacione
587 1418 819 1525 supradicta,
840 1416 940 1499 selva
958 1444 1071 1525 super
1094 1417 1169 1495 hoc
1183 1416 1383 1525 questione
1401 1420 1641 1527 proprietatis
1660 1419 1770 1497 nobis

181 1572 184 1580 ’
345 1565 383 1626 et
394 1548 579 1656 religiosis
591 1546 779 1656 predictis

400 1678 598 1757 Dominica
616 1706 692 1784 qua
712 1693 905 1757 cantatur:
921 1679 1054 1755 Lerne
1071 1678 1291 1755 terentem.

399 1807 622 1913 Pesqucrius
641 1806 853 1913 reportavit.

401 2068 523 2147 LXVI.
554 2066 668 2155 Cum,
682 2083 785 2144 mota
793 2067 994 2173 questione
1007 2067 1107 2163 inter
1119 2066 1268 2146 nobiles
1278 2086 1316 2145 et
1330 2068 1520 2149 innobiies
1529 2073 1637 2149 castri
1652 2090 1770 2153 escas

225 2210 233 2228 '
343 2196 496 2276 telianie
512 2195 806 2307 Sancti-Angeli,
829 2224 872 2274 er
887 2224 963 2275 nna
981 2214 1106 2304 parte,
1128 2216 1168 2274 et
1185 2198 1415 2277 abbatemet
1433 2219 1659 2281 conventum
1681 2204 1770 2283 Car·

344 2328 512 2407 rofense
529 2344 568 2404 et
586 2354 719 2405 eornm
734 2327 903 2433 priorem
923 2326 1217 2433 Sancti-Angeli,
1235 2354 1281 2404 ex
1297 2329 1428 2422 atum,
1450 2357 1564 2438 super
1582 2360 1628 2411 eo
1645 2336 1767 2439 qnod,

344 2458 433 2536 licet
457 2457 528 2565 ipsi
552 2456 629 2535 sint
650 2472 689 2533 et
707 2455 867 2550 fuerint,
895 2475 940 2535 ut
964 2458 1114 2547 dicitur,
1142 2457 1190 2537 ab
1213 2458 1370 2565 antiquo
1391 2460 1440 2535 de
1458 2480 1620 2540 ressorto
1640 2480 1769 2541 nostro

343 2587 495 2665 bailirie
510 2588 564 2665 de·
573 2586 696 2679 Briva,
716 2614 792 2695 que
803 2614 882 2665 non
898 2586 1046 2665 <bruta
1062 2604 1181 2665 castre
1196 2586 1370 2693 predicto
1384 2589 1657 2701 Sancti-Angeli
1671 2594 1771 2671 ultra

225 2752 231 2761 ·
343 2744 459 2797 mnam
486 2717 630 2795 dietam
652 2718 693 2794 in
716 2744 792 2825 qua
815 2718 936 2795 eciam
961 2744 1070 2795 cause
1092 2717 1181 2824 jure
1210 2717 1349 2824 scripto
1375 2718 1614 2810 deciduntur,
1643 2739 1769 2801 tamen

343 2850 448 2955 prior
461 2849 653 2957 predictus
669 2849 844 2927 homines
861 2848 969 2927 castri
985 2865 1023 2925 ct
1046 2847 1258 2925 custellanie
1281 2850 1557 2955 predictorum,
1577 2854 1618 2930 in
1637 2882 1770 2933 eorum

344 2982 596 3090 prejudicium
612 2998 652 3061 et
665 3008 882 3091 gravamen,
902 2980 942 3057 in
963 2976 1110 3059 mribus
1125 2980 1297 3069 ressorti,
1320 2982 1367 3059 de
1387 3008 1485 3059 noro
1504 2982 1653 3061 trahere
1672 2987 1771 3065 nite—

344 3111 455 3189 ba'tur
473 3113 520 3189 ad
538 3128 748 3191 ressortum'
763 3111 916 3190 baliivie
930 3108 1267 3200 Montis-Mauribi,
1281 3110 1349 3217 qui
1368 3108 1476 3189 iocus
1497 3110 1648 3190 distata
1669 3115 1769 3193 dicto

345 3260 466 3319 castro
483 3241 753 3349 Sancti-Angeli
770 3270 838 3346 per
851 3258 928 3317 tres
937 3241 1073 3329 dictes,
1092 3257 1132 3317 et
1149 3241 1190 3316 in
1205 3268 1281 3347 quo
1298 3240 1383 3317 loco
1395 3268 1505 3318 cause
1516 3242 1604 3349 jure
1620 3271 1771 3322 consue

344 3372 537 3449 tudinario
556 3387 751 3479 reguntur,
773 3385 919 3477 peteret
941 3386 1162 3476 procurator
1180 3370 1370 3448 dictorum
1394 3368 1583 3449 nobiiium
1602 3389 1641 3450 et
1660 3375 1771 3450 innn-

344 3500 481 3579 biiium
497 3500 697 3609 superbiis
711 3528 780 3608 per
797 3528 867 3579 nos
880 3500 1095 3579 remedium
1113 3500 1272 3607 apponi3
1288 3500 1391 3578 dicto
1403 3500 1530 3607 priore
1546 3506 1769 3580 econtrario

346 3648 581 3739 proponente
590 3631 761 3740 predicta
779 3630 862 3709 {ieri
879 3660 957 3710 non
973 3631 1113 3717 debere
1127 3664 1136 3708 ε
1150 3631 1237 3710 Visa
1248 3631 1364 3736 igitur
1378 3631 1569 3738 inquesta,
1591 3660 1660 3738 per
1673 3661 1771 3711 corn·

345 3764 567 3843 missariosc
586 3762 697 3843 uobis
711 3762 913 3870 deputatos
932 3788 1046 3869 super
1060 3759 1257 3853 hncfacta,
1273 3778 1403 3841 vocato
1419 3762 1626 3841 senescalle
1644 3766 1771 3843 Petra·

344 3896 538 4003 goricense
559 3913 598 3973 et
617 3894 700 3972 aliis
718 3894 933 3983 evocandis,
953 3893 1040 3973 visis
1059 3894 1177 3971 eciam
1195 3891 1426 4000 quibusdam
1445 3893 1580 3973 litteris
1601 3908 1646 3972 er
1666 3912 1769 4002 perte

347 4024 437 4103 dicti
449 4025 586 4132 prioris
599 4024 794 4114 exhibitis,
811 4025 890 4104 viso
903 4023 1021 4101 eciam
1032 4022 1201 4129 quodam
1215 4040 1357 4102 arresto
1370 4023 1410 4101 in
1424 4024 1658 4129 pedamento
1671 4026 1771 4102 The

346 4154 476 4233 losano
502 4156 647 4233 dudum
673 4152 788 4243 facto,
816 4182 885 4260 per
910 4154 1013 4231 curie
1040 4170 1166 4230 nostre
1186 4152 1375 4261 judicium
1398 4153 1541 4231 dictum
1566 4152 1639 4230 suit
1662 4156 1769 4259 qnod

348 4286 519 4364 homines
536 4283 627 4362 dicti
644 4284 753 4363 castri
769 4282 1043 4391 Sancti-Angeii
1066 4300 1104 4361 et
1123 4283 1205 4389 ejus
1220 4282 1431 4361 castellenie
1453 4283 1503 4360 ad
1516 4309 1672 4361 eramen
1687 4281 1769 4361 bad-

347 4414 433 4493 livic
453 4418 501 4493 de
522 4415 629 4493 Briva
653 4416 693 4491 in
717 4412 864 4493 casibus
885 4413 1040 4491 mssarti·
1061 4412 1315 4502 remittentur,
1337 4414 1548 4489 secundum
1572 4412 1676 4516 quod
1695 4411 1768 4489 brit

347 4546 510 4653 antiquis
525 4544 759 4651 temporibus
772 4544 1020 4623 observatum.
1118 4609 1122 4613 .

401 4676 600 4755 Dominicn
617 4676 794 4784 predicta.

403 4806 560 4885 Cuillier
576 4807 789 4914 reportavit.

404 5066 542 5146 LXVII.
574 5064 671 5151 Cum
687 5066 817 5143 Petrus
838 5066 886 5143 de
906 5064 1113 5173 Cligniaco,
1132 5030 1362 5145 Guitlelnus
1380 5063 1564 5173 Triiegot,
1585 5066 1626 5141 Β.
1647 5065 1769 5144 Coos—¹
