4450 6209
753 692 1344 803 nuoutrrsnrrnocts.
1687 715 1761 791 ese

338 879 449 944 nens,
468 880 537 959 per
556 850 720 959 spetulns
737 855 903 932 eundem
916 855 1147 933 servientem
1167 856 1323 961 accepit,
1345 871 1385 933 et
1402 853 1528 961 ipsum
1544 856 1762 935 succutiens
1802 865 1933 920 rennes
1944 867 1987 931 lv,

282 1044 285 1049 ,
338 983 499 1063 usse:
512 1020 527 1051 .
541 983 923 1063 emoniensem
938 985 1680 1094 quepsroonumsuspennrnnnni
1693 1016 1762 1094 pro
1863 958 1927 1001 ¹³⁰⁸·

335 1132 376 1193 te
390 1114 447 1191 vel
462 1111 640 1192 mundato
653 1131 722 1193 tuo
738 1114 992 1208 laceremus3·
1013 1118 1125 1207 item,
1142 1118 1246 1227 quod
1262 1144 1393 1195 navem
1406 1116 1522 1196 bledo
1539 1118 1629 1197 dicti
1647 1137 1764 1198 recto-

338 1247 607 1333 rinocerotem,
618 1247 870 1357 propedugic,
882 1274 991 1357 equo
1003 1249 1127 1327 dictus
1137 1268 1271 1338 rector,
1278 1248 1383 1359 juxte
1399 1249 1590 1329 libertates
1607 1250 1761 1330 ecclesie

338 1378 388 1455 de
395 1376 568 1456 Comaco
581 1394 621 1454 et
631 1379 927 1485 composiciones
942 1380 1090 1459 dudum
1107 1378 1251 1459 habites
1262 1381 1362 1459 inter
1373 1382 1656 1489 predecessores
1672 1382 1762 1459 dieti

338 1505 813 1614 militisetpredecesscres
825 1510 916 1589 dieti
926 1511 1098 1601 rectoris,
1114 1511 1303 1619 etnbipsc
1318 1510 1439 1589 milite
1449 1512 1610 1620 juretus,
1626 1513 1763 1589 immu-

337 1640 398 1717 nis
410 1657 504 1731 emt,
519 1655 726 1746 contrrque
737 1623 1011 1721 inhibieionem
1022 1642 1218 1720 uenientis
1232 1643 1350 1719 nostri
1364 1642 1660 1749 gardiatcrisque
1672 1643 1761 1719 dieti

336 1770 510 1860 rectoris,
529 1772 700 1849 arresmi
717 1773 903 1879 precepit,
924 1771 1033 1862 item,
1055 1772 1160 1879 quod
1176 1762 1279 1849 idem
1292 1772 1404 1849 miles
1420 1772 1614 1850 detinebat
1630 1802 1762 1879 quern-

338 1902 425 1981 dcm
445 1901 605 1979 mnium
623 1928 694 2008 pro
712 1928 788 2010 qua
808 1902 1097 2010 quatuordeeim
1118 1903 1261 1980 denarii
1282 1928 1417 1981 census
1438 1903 1553 1979 minui
1575 1902 1763 1982 debentur

252 2052 258 2059 '
338 2031 500 2111 ecclesie·
515 2033 564 2108 de
583 2030 772 2126 Corncco,
792 2061 891 2141 qnos
909 2062 932 2111 c
950 2034 1083 2112 decem
1102 2034 1212 2112 annis
1233 2034 1324 2111 citro
1345 2032 1492 2111 dictum
1512 2034 1672 2111 militem
1688 2035 1762 2113 scl-

335 2163 430 2241 viesc
450 2187 529 2241 non
553 2181 718 2253 constet,
741 2168 833 2243 item
853 2165 958 2273 quod
979 2166 1182 2244 Bernerius
1203 2182 1241 2241 ct
1263 2166 1395 2243 Petrus
1418 2142 1540 2257 Sicco,
1561 2164 1761 2243 familiares

337 2292 512 2373 Mamerti
530 2294 579 2371 de
597 2294 866 2388 Castro-Nero,
886 2295 957 2373 lilii
978 2295 1068 2373 dicti
1089 2294 1241 2388 militis,
1259 2294 1361 2372 dicto
1380 2294 1566 2373 Metiredo
1583 2314 1759 2401 presente

336 2442 375 2504 et
388 2452 466 2504 non
483 2426 781 2515 contradicente,
801 2427 922 2504 hostin
941 2426 1080 2504 domun
1091 2426 1183 2503 dicti
1198 2425 1354 2503 rectoris
1366 2424 1554 2501 violenter
1565 2424 1760 2532 fregerunt

336 2573 375 2635 et
392 2557 638 2647 introierunt,
658 2570 786 2634 eontra
801 2557 1031 2635 voluntatem
1051 2556 1142 2634 dicti
1156 2555 1312 2636 rectoris
1327 2572 1366 2633 et
1385 2554 1466 2664 ejus
1483 2554 1640 2649 semilis,
1658 2556 1759 2635 mul-

334 2703 465 2794 tcsque
483 2687 699 2775 violencias,
725 2685 950 2776 invasiones,
973 2686 1130 2793 injurius
1153 2704 1191 2765 et
1214 2712 1385 2763 excessus
1403 2684 1620 2764 intulerunt
1634 2686 1759 2765 eidem

333 2817 469 2895 rectori
490 2836 529 2897 et
551 2819 645 2908 suis3
665 2832 793 2893 nostru
817 2818 935 2909 curia,
961 2814 1239 2895 deliberacione
1258 2840 1377 2923 super
1398 2817 1471 2895 boc
1490 2816 1635 2909 habitu,
1657 2818 1759 2896 ordi-

335 2946 449 3039 narit,
469 2976 513 3025 ex
531 2976 661 3039 eausa,
678 2946 784 3051 quod
800 2948 970 3054 predicto
989 2962 1135 3026 rectore
1158 2944 1216 3024 vel
1237 2947 1316 3055 ejus
1335 2964 1576 3052 procuratore
1597 2946 1760 3025 nullate-

333 3102 409 3155 nus
417 3077 721 3158 demmciecicnis
732 3104 879 3156 crucem
891 3078 1112 3186 hujusmodi
1126 3094 1397 3184 prosequente,
1410 3095 1481 3153 nec
1491 3076 1571 3183 ejus
1586 3076 1757 3155 obstante

332 3208 504 3287 clusensis
519 3236 634 3316 super
648 3209 853 3315 premissis,
871 3236 941 3315 per
956 3225 1103 3286 eertum
1118 3208 1420 3285 commissarium
1432 3235 1455 3282 a
1471 3206 1639 3314 predicta
1656 3207 1759 3286 curin

334 3357 462 3418 nostra
478 3339 625 3431 datum,
643 3341 779 3419 verius
798 3338 1002 3449 diligenter
1020 3320 1290 3444 inquireretur,
1311 3354 1350 3415 et
1368 3336 1540 3443 inquesta
1557 3337 1647 3416 inde
1664 3336 1759 3417 lectu

332 3471 502 3578 predicte
526 3487 655 3550 nostre
680 3472 786 3549 curie
805 3468 1309 3579 judicumleremittcretur:
1336 3467 1449 3545 Facto
1470 3468 1595 3576 igitur,
1622 3469 1759 3547 vocetis

332 3603 435 3681 dicto
457 3603 578 3680 milite
597 3621 636 3682 et
655 3604 740 3682 eliis
756 3600 1003 3711 supradictis,
1025 3628 1069 3678 er
1088 3599 1213 3678 officio
1237 3598 1341 3678 curie
1360 3616 1504 3691 nostre,
1526 3616 1565 3677 et
1585 3599 1633 3678 dc
1652 3628 1758 3677 mnn-

335 3734 683 3842 dctcnortrosuper
693 3734 886 3842 premissis
897 3732 1071 3841 inquestu
1081 3749 1120 3809 ct
1127 3749 1256 3813 nostre
1266 3731 1370 3809 curie
1379 3730 1755 3837 reposcendus,

333 3890 403 3971 per
415 3882 603 3942 arrestum
616 3868 873 3957 cirris-nostre,
891 3862 1101 3943 eamridcri
1118 3880 1159 3941 et
1163 3862 1325 3971 judicari
1343 3860 1596 3953 debere,visis
1611 3888 1758 3968 proces·

333 3994 439 4075 sibus
457 4018 526 4102 per
538 3995 677 4074 dietum
697 3996 908 4103 inquestnrn
928 3994 1067 4073 habitis
1084 4020 1199 4101 super
1218 3992 1413 4099 premissis
1425 4008 1467 4069 et
1483 3993 1656 4098 pertibus
1673 3990 1758 4071 dili·

333 4144 464 4236 genter
479 4127 618 4205 cuditis
635 4145 675 4205 et
693 4127 846 4205 veritate
864 4142 1183 4231 comportempcr
1201 4125 1410 4231 premissis,
1432 4122 1575 4200 dictum
1596 4122 1754 4201 militem

334 4274 374 4335 et
396 4256 643 4350 Metlrcdum,
665 4258 747 4365 ejus
766 4256 908 4348 lilium,
930 4255 969 4331 in
989 4252 1095 4330 mille
1114 4254 1222 4332 libris
1241 4253 1548 4359 Tmonensilius,
1571 4268 1610 4329 ct
1629 4251 1758 4331 Gerel-

335 4388 444 4478 dum,
463 4388 634 4497 bajulum
654 4388 788 4467 militis
806 4388 995 4495 ejusdem,
1009 4386 1052 4463 iu
1072 4402 1224 4462 cenmm
1241 4384 1348 4463 libris
1365 4383 1668 4471 Turonensibus,
1687 4408 1757 4459 no-

334 4520 394 4598 bis
414 4520 647 4627 applicandis
668 4517 948 4599 sentencialiter
967 4518 1301 4624 condempnemus.
1322 4515 1453 4591 Distos
1475 4540 1563 4590 roro
1583 4510 1758 4591 Gnueeli·

333 4678 444 4743 uum,
468 4648 673 4730 Geraldum
700 4650 888 4743 Fumerii,
909 4648 1134 4727 Bemcrium
1154 4664 1193 4724 et
1216 4650 1427 4754 Rogerum,
1448 4643 1700 4751 Boyschetum
1720 4661 1759 4721 et

333 4781 489 4857 Petrum
505 4780 552 4857 de
570 4780 688 4873 Sicco,
708 4804 873 4889 qucmm
888 4780 938 4858 nd
950 4777 1255 4859 satisfaciendum
1271 4776 1318 4855 de
1335 4774 1526 4883 premissis
1544 4774 1623 4853 suis
1638 4801 1759 4853 exces-

335 4911 445 4989 sibus
471 4934 549 4986 non
578 4911 769 4991 sufficiunt
796 4910 1005 5003 facultates,
1035 4911 1358 5017 condempnemus
1382 4907 1518 4987 curceii
1542 4906 1759 5012 uuncipnn·

337 5042 408 5119 dos
421 5058 460 5118 et
476 5066 547 5146 per
558 5068 621 5121 ser
636 5069 784 5120 menses
800 5039 999 5122 continuos
1016 5040 1252 5120 detinendos.
1269 5040 1362 5119 ltem
1382 5038 1527 5119 dictum
1544 5036 1703 5117 militem
1720 5050 1758 5115 et
