<?xml version="1.0" encoding="UTF-8"?>
<!DOCTYPE html PUBLIC "-//W3C//DTD XHTML 1.0 Transitional//EN"
    "http://www.w3.org/TR/xhtml1/DTD/xhtml1-transitional.dtd">
<html xmlns="http://www.w3.org/1999/xhtml" xml:lang="en" lang="en">
 <head>
  <title>
</title>
<meta http-equiv="Content-Type" content="text/html;charset=utf-8" />
  <meta name='ocr-system' content='tesseract 3.04.00' />
  <meta name='ocr-capabilities' content='ocr_page ocr_carea ocr_par ocr_line ocrx_word'/>
</head>
<body>
  <div class='ocr_page' id='page_1' title='image "./lesolimouregist00parigoog_0426.png"; bbox 0 0 4450 6209; ppageno 0'>
   <div class='ocr_carea' id='block_1_1' title="bbox 758 698 1764 825">
    <p class='ocr_par' dir='ltr' id='par_1_1' title="bbox 758 698 1764 825">
     <span class='ocr_line' id='line_1_1' title="bbox 758 698 1764 825; baseline -0.008 -15"><span class='ocrx_word' id='word_1_1' title='bbox 758 698 1119 825; x_wconf 76' lang='lat' dir='ltr'><strong>anoctinsen</strong></span> <span class='ocrx_word' id='word_1_2' title='bbox 1145 713 1351 807; x_wconf 75' lang='lat' dir='ltr'><strong>esoces.</strong></span> <span class='ocrx_word' id='word_1_3' title='bbox 1691 732 1764 805; x_wconf 75' lang='lat' dir='ltr'><strong>sat</strong></span> 
     </span>
    </p>
   </div>
   <div class='ocr_carea' id='block_1_2' title="bbox 238 870 1995 4645">
    <p class='ocr_par' dir='ltr' id='par_1_2' title="bbox 343 870 1995 2812">
     <span class='ocr_line' id='line_1_2' title="bbox 403 870 1995 981; baseline -0.009 -22"><span class='ocrx_word' id='word_1_4' title='bbox 403 878 540 959; x_wconf 83' lang='lat' dir='ltr'>LXXV.</span> <span class='ocrx_word' id='word_1_5' title='bbox 567 877 687 965; x_wconf 85' lang='lat' dir='ltr'><strong>Cum,</strong></span> <span class='ocrx_word' id='word_1_6' title='bbox 698 904 823 954; x_wconf 80' lang='lat' dir='ltr'><strong>eoram</strong></span> <span class='ocrx_word' id='word_1_7' title='bbox 836 874 1028 981; x_wconf 82' lang='lat' dir='ltr'><strong>preposite</strong></span> <span class='ocrx_word' id='word_1_8' title='bbox 1037 872 1234 951; x_wconf 77' lang='lat' dir='ltr'><strong>Perisiensi</strong></span> <span class='ocrx_word' id='word_1_9' title='bbox 1245 870 1530 979; x_wconf 71' lang='lat' dir='ltr'><strong>proposuissent</strong></span> <span class='ocrx_word' id='word_1_10' title='bbox 1539 872 1768 949; x_wconf 74' lang='lat' dir='ltr'><strong>laumncius</strong></span> <span class='ocrx_word' id='word_1_11' title='bbox 1805 876 1938 933; x_wconf 64' lang='lat' dir='ltr'><strong>anm</strong></span> <span class='ocrx_word' id='word_1_12' title='bbox 1950 877 1995 945; x_wconf 83' lang='lat' dir='ltr'><strong>tv,</strong></span> 
     </span>
     <span class='ocr_line' id='line_1_3' title="bbox 346 970 1930 1116; baseline -0.006 -28"><span class='ocrx_word' id='word_1_13' title='bbox 346 1010 468 1088; x_wconf 87' lang='lat' dir='ltr'><strong>dictus</strong></span> <span class='ocrx_word' id='word_1_14' title='bbox 488 1010 536 1087; x_wconf 91' lang='lat' dir='ltr'><strong>de</strong></span> <span class='ocrx_word' id='word_1_15' title='bbox 551 1008 762 1116; x_wconf 73' lang='lat' dir='ltr'><strong>Maleunoy,</strong></span> <span class='ocrx_word' id='word_1_16' title='bbox 784 1006 977 1084; x_wconf 81' lang='lat' dir='ltr'><strong>lohannes</strong></span> <span class='ocrx_word' id='word_1_17' title='bbox 994 1005 1046 1082; x_wconf 90' lang='lat' dir='ltr'><strong>de</strong></span> <span class='ocrx_word' id='word_1_18' title='bbox 1062 1005 1191 1094; x_wconf 76' lang='lat' dir='ltr'><strong>Bana,</strong></span> <span class='ocrx_word' id='word_1_19' title='bbox 1213 1002 1478 1111; x_wconf 76' lang='lat' dir='ltr'><strong>Theophania,</strong></span> <span class='ocrx_word' id='word_1_20' title='bbox 1499 1001 1584 1110; x_wconf 82' lang='lat' dir='ltr'><strong>ejus</strong></span> <span class='ocrx_word' id='word_1_21' title='bbox 1601 1027 1707 1091; x_wconf 78' lang='lat' dir='ltr'><strong>utor,</strong></span> <span class='ocrx_word' id='word_1_22' title='bbox 1730 1018 1768 1080; x_wconf 88' lang='lat' dir='ltr'><strong>et</strong></span> <span class='ocrx_word' id='word_1_23' title='bbox 1867 970 1930 1014; x_wconf 53' lang='grc' dir='ltr'><strong>Μ’</strong></span> 
     </span>
     <span class='ocr_line' id='line_1_4' title="bbox 343 1130 1769 1231; baseline -0.006 -11"><span class='ocrx_word' id='word_1_24' title='bbox 343 1140 587 1231; x_wconf 85' lang='lat' dir='ltr'><strong>Guillelmus,</strong></span> <span class='ocrx_word' id='word_1_25' title='bbox 607 1139 731 1217; x_wconf 86' lang='lat' dir='ltr'><strong>dictus</strong></span> <span class='ocrx_word' id='word_1_26' title='bbox 747 1138 782 1217; x_wconf 91' lang='lat' dir='ltr'><strong>le</strong></span> <span class='ocrx_word' id='word_1_27' title='bbox 800 1140 1050 1228; x_wconf 82' lang='lat' dir='ltr'><strong>Reoouvreur,</strong></span> <span class='ocrx_word' id='word_1_28' title='bbox 1067 1152 1173 1214; x_wconf 79' lang='lat' dir='ltr'><strong>tuton</strong></span> <span class='ocrx_word' id='word_1_29' title='bbox 1185 1164 1254 1213; x_wconf 84' lang='lat' dir='ltr'><strong>seu</strong></span> <span class='ocrx_word' id='word_1_30' title='bbox 1271 1150 1424 1213; x_wconf 78' lang='lat' dir='ltr'><strong>curator</strong></span> <span class='ocrx_word' id='word_1_31' title='bbox 1441 1130 1691 1223; x_wconf 76' lang='lat' dir='ltr'><strong>Laurencete,</strong></span> <span class='ocrx_word' id='word_1_32' title='bbox 1710 1160 1769 1212; x_wconf 88' lang='lat' dir='ltr'><strong>so·</strong></span> 
     </span>
     <span class='ocr_line' id='line_1_5' title="bbox 344 1264 1771 1377; baseline -0.006 -28"><span class='ocrx_word' id='word_1_33' title='bbox 344 1272 442 1350; x_wconf 78' lang='lat' dir='ltr'><strong>noris</strong></span> <span class='ocrx_word' id='word_1_34' title='bbox 457 1272 556 1349; x_wconf 88' lang='lat' dir='ltr'><strong>dicte</strong></span> <span class='ocrx_word' id='word_1_35' title='bbox 572 1269 837 1377; x_wconf 82' lang='lat' dir='ltr'><strong>Theophanis,</strong></span> <span class='ocrx_word' id='word_1_36' title='bbox 853 1296 898 1347; x_wconf 77' lang='lat' dir='ltr'><strong>et</strong></span> <span class='ocrx_word' id='word_1_37' title='bbox 916 1294 992 1346; x_wconf 87' lang='lat' dir='ltr'><strong>una</strong></span> <span class='ocrx_word' id='word_1_38' title='bbox 1013 1284 1134 1373; x_wconf 87' lang='lat' dir='ltr'><strong>parte,</strong></span> <span class='ocrx_word' id='word_1_39' title='bbox 1155 1283 1284 1346; x_wconf 78' lang='lat' dir='ltr'><strong>contra</strong></span> <span class='ocrx_word' id='word_1_40' title='bbox 1302 1264 1495 1356; x_wconf 80' lang='lat' dir='ltr'><strong>Basiliam,</strong></span> <span class='ocrx_word' id='word_1_41' title='bbox 1513 1264 1683 1342; x_wconf 83' lang='lat' dir='ltr'><strong>relietum</strong></span> <span class='ocrx_word' id='word_1_42' title='bbox 1702 1264 1771 1342; x_wconf 89' lang='lat' dir='ltr'><strong>de-</strong></span> 
     </span>
     <span class='ocr_line' id='line_1_6' title="bbox 345 1382 1771 1503; baseline -0.004 -26"><span class='ocrx_word' id='word_1_43' title='bbox 345 1398 465 1479; x_wconf 79' lang='lat' dir='ltr'>functi</span> <span class='ocrx_word' id='word_1_44' title='bbox 479 1399 647 1489; x_wconf 85' lang='lat' dir='ltr'><strong>Girardi,</strong></span> <span class='ocrx_word' id='word_1_45' title='bbox 669 1401 760 1479; x_wconf 86' lang='lat' dir='ltr'><strong>dicti</strong></span> <span class='ocrx_word' id='word_1_46' title='bbox 780 1400 919 1491; x_wconf 87' lang='lat' dir='ltr'><strong>Laillo,</strong></span> <span class='ocrx_word' id='word_1_47' title='bbox 939 1399 1031 1477; x_wconf 86' lang='lat' dir='ltr'><strong>civis</strong></span> <span class='ocrx_word' id='word_1_48' title='bbox 1048 1397 1280 1488; x_wconf 83' lang='lat' dir='ltr'><strong>Panisiensis,</strong></span> <span class='ocrx_word' id='word_1_49' title='bbox 1300 1425 1345 1474; x_wconf 83' lang='lat' dir='ltr'><strong>ex</strong></span> <span class='ocrx_word' id='word_1_50' title='bbox 1359 1395 1492 1486; x_wconf 80' lang='lat' dir='ltr'><strong>altera,</strong></span> <span class='ocrx_word' id='word_1_51' title='bbox 1507 1396 1613 1503; x_wconf 85' lang='lat' dir='ltr'><strong>quod</strong></span> <span class='ocrx_word' id='word_1_52' title='bbox 1632 1382 1702 1501; x_wconf 87' lang='lat' dir='ltr'><strong>ipsi</strong></span> <span class='ocrx_word' id='word_1_53' title='bbox 1715 1412 1771 1474; x_wconf 84' lang='lat' dir='ltr'><strong>te-</strong></span> 
     </span>
     <span class='ocr_line' id='line_1_7' title="bbox 345 1526 1772 1641; baseline -0.005 -32"><span class='ocrx_word' id='word_1_54' title='bbox 345 1532 487 1613; x_wconf 79' lang='lat' dir='ltr'><strong>nebant</strong></span> <span class='ocrx_word' id='word_1_55' title='bbox 510 1548 549 1608; x_wconf 87' lang='lat' dir='ltr'><strong>et</strong></span> <span class='ocrx_word' id='word_1_56' title='bbox 571 1531 815 1641; x_wconf 81' lang='lat' dir='ltr'><strong>possidebunt</strong></span> <span class='ocrx_word' id='word_1_57' title='bbox 839 1531 1041 1638; x_wconf 86' lang='lat' dir='ltr'><strong>quamdam</strong></span> <span class='ocrx_word' id='word_1_58' title='bbox 1059 1530 1227 1607; x_wconf 61' lang='lat' dir='ltr'><strong>*domum</strong></span> <span class='ocrx_word' id='word_1_59' title='bbox 1249 1546 1443 1635; x_wconf 67' lang='lat' dir='ltr'><strong>umquam</strong></span> <span class='ocrx_word' id='word_1_60' title='bbox 1467 1552 1597 1617; x_wconf 74' lang='lat' dir='ltr'><strong>mam,</strong></span> <span class='ocrx_word' id='word_1_61' title='bbox 1620 1526 1729 1605; x_wconf 89' lang='lat' dir='ltr'><strong>sitam</strong></span> <span class='ocrx_word' id='word_1_62' title='bbox 1751 1555 1772 1602; x_wconf 90' lang='lat' dir='ltr'><strong>a</strong></span> 
     </span>
     <span class='ocr_line' id='line_1_8' title="bbox 344 1658 1768 1769; baseline -0.004 -30"><span class='ocrx_word' id='word_1_63' title='bbox 344 1680 449 1769; x_wconf 82' lang='lat' dir='ltr'><strong>parte</strong></span> <span class='ocrx_word' id='word_1_64' title='bbox 465 1662 642 1747; x_wconf 79' lang='lat' dir='ltr'><strong>anteriori</strong></span> <span class='ocrx_word' id='word_1_65' title='bbox 653 1662 785 1740; x_wconf 85' lang='lat' dir='ltr'><strong>invice</strong></span> <span class='ocrx_word' id='word_1_66' title='bbox 802 1661 987 1753; x_wconf 71' lang='lat' dir='ltr'><strong>silueris,</strong></span> <span class='ocrx_word' id='word_1_67' title='bbox 1000 1661 1176 1752; x_wconf 70' lang='lat' dir='ltr'><strong>lansius,</strong></span> <span class='ocrx_word' id='word_1_68' title='bbox 1189 1676 1228 1737; x_wconf 88' lang='lat' dir='ltr'><strong>et</strong></span> <span class='ocrx_word' id='word_1_69' title='bbox 1240 1688 1260 1736; x_wconf 89' lang='lat' dir='ltr'><strong>a</strong></span> <span class='ocrx_word' id='word_1_70' title='bbox 1274 1676 1378 1765; x_wconf 77' lang='lat' dir='ltr'><strong>parte</strong></span> <span class='ocrx_word' id='word_1_71' title='bbox 1389 1675 1508 1747; x_wconf 78' lang='lat' dir='ltr'><strong>netto,</strong></span> <span class='ocrx_word' id='word_1_72' title='bbox 1520 1686 1566 1734; x_wconf 80' lang='lat' dir='ltr'><strong>ex</strong></span> <span class='ocrx_word' id='word_1_73' title='bbox 1578 1658 1768 1765; x_wconf 87' lang='lat' dir='ltr'><strong>opposito,</strong></span> 
     </span>
     <span class='ocr_line' id='line_1_9' title="bbox 346 1788 1772 1899; baseline -0.003 -28"><span class='ocrx_word' id='word_1_74' title='bbox 346 1792 704 1881; x_wconf 74' lang='lat' dir='ltr'><strong>Sancti-leufredi,</strong></span> <span class='ocrx_word' id='word_1_75' title='bbox 725 1791 907 1899; x_wconf 83' lang='lat' dir='ltr'><strong>quodque</strong></span> <span class='ocrx_word' id='word_1_76' title='bbox 927 1791 1000 1898; x_wconf 80' lang='lat' dir='ltr'><strong>ipsi</strong></span> <span class='ocrx_word' id='word_1_77' title='bbox 1018 1808 1126 1869; x_wconf 72' lang='lat' dir='ltr'><strong>mant</strong></span> <span class='ocrx_word' id='word_1_78' title='bbox 1147 1792 1186 1866; x_wconf 92' lang='lat' dir='ltr'><strong>in</strong></span> <span class='ocrx_word' id='word_1_79' title='bbox 1207 1790 1345 1867; x_wconf 85' lang='lat' dir='ltr'><strong>saisina</strong></span> <span class='ocrx_word' id='word_1_80' title='bbox 1363 1788 1514 1867; x_wconf 79' lang='lat' dir='ltr'>locandi</span> <span class='ocrx_word' id='word_1_81' title='bbox 1537 1788 1677 1865; x_wconf 82' lang='lat' dir='ltr'><strong>dietam</strong></span> <span class='ocrx_word' id='word_1_82' title='bbox 1695 1789 1772 1867; x_wconf 89' lang='lat' dir='ltr'><strong>do·</strong></span> 
     </span>
     <span class='ocr_line' id='line_1_10' title="bbox 345 1916 1772 2029; baseline -0.004 -29"><span class='ocrx_word' id='word_1_83' title='bbox 345 1952 471 2013; x_wconf 90' lang='lat' dir='ltr'><strong>mum,</strong></span> <span class='ocrx_word' id='word_1_84' title='bbox 490 1941 528 2001; x_wconf 86' lang='lat' dir='ltr'><strong>et</strong></span> <span class='ocrx_word' id='word_1_85' title='bbox 542 1922 801 2001; x_wconf 83' lang='lat' dir='ltr'><strong>emolumenta</strong></span> <span class='ocrx_word' id='word_1_86' title='bbox 815 1922 905 2001; x_wconf 80' lang='lat' dir='ltr'><strong>inde</strong></span> <span class='ocrx_word' id='word_1_87' title='bbox 920 1916 1182 2029; x_wconf 76' lang='lat' dir='ltr'><strong>proveniencit</strong></span> <span class='ocrx_word' id='word_1_88' title='bbox 1197 1920 1451 2029; x_wconf 78' lang='lat' dir='ltr'><strong>percipiendi,</strong></span> <span class='ocrx_word' id='word_1_89' title='bbox 1468 1921 1561 1998; x_wconf 82' lang='lat' dir='ltr'><strong>etin</strong></span> <span class='ocrx_word' id='word_1_90' title='bbox 1580 1920 1714 1997; x_wconf 76' lang='lat' dir='ltr'><strong>saisina</strong></span> <span class='ocrx_word' id='word_1_91' title='bbox 1728 1919 1772 1996; x_wconf 88' lang='lat' dir='ltr'><strong>li·</strong></span> 
     </span>
     <span class='ocr_line' id='line_1_11' title="bbox 344 2050 1769 2159; baseline -0.002 -28"><span class='ocrx_word' id='word_1_92' title='bbox 344 2054 498 2131; x_wconf 80' lang='lat' dir='ltr'><strong>bestatis</strong></span> <span class='ocrx_word' id='word_1_93' title='bbox 512 2080 668 2131; x_wconf 82' lang='lat' dir='ltr'><strong>censum</strong></span> <span class='ocrx_word' id='word_1_94' title='bbox 684 2052 868 2159; x_wconf 78' lang='lat' dir='ltr'><strong>aliquem,</strong></span> <span class='ocrx_word' id='word_1_95' title='bbox 881 2079 950 2159; x_wconf 85' lang='lat' dir='ltr'><strong>pro</strong></span> <span class='ocrx_word' id='word_1_96' title='bbox 967 2050 1066 2129; x_wconf 86' lang='lat' dir='ltr'><strong>dieta</strong></span> <span class='ocrx_word' id='word_1_97' title='bbox 1081 2053 1198 2130; x_wconf 88' lang='lat' dir='ltr'><strong>domo</strong></span> <span class='ocrx_word' id='word_1_98' title='bbox 1212 2052 1313 2129; x_wconf 84' lang='lat' dir='ltr'><strong>dicte</strong></span> <span class='ocrx_word' id='word_1_99' title='bbox 1322 2051 1474 2143; x_wconf 71' lang='lat' dir='ltr'><strong>besilio,</strong></span> <span class='ocrx_word' id='word_1_100' title='bbox 1487 2078 1567 2132; x_wconf 85' lang='lat' dir='ltr'><strong>nou</strong></span> <span class='ocrx_word' id='word_1_101' title='bbox 1582 2050 1769 2140; x_wconf 62' lang='lat' dir='ltr'><strong>solvendis</strong></span> 
     </span>
     <span class='ocr_line' id='line_1_12' title="bbox 345 2181 1771 2291; baseline -0.005 -28"><span class='ocrx_word' id='word_1_102' title='bbox 345 2186 436 2262; x_wconf 84' lang='lat' dir='ltr'><strong>item</strong></span> <span class='ocrx_word' id='word_1_103' title='bbox 453 2182 557 2291; x_wconf 87' lang='lat' dir='ltr'><strong>quod</strong></span> <span class='ocrx_word' id='word_1_104' title='bbox 570 2184 668 2260; x_wconf 85' lang='lat' dir='ltr'><strong>dicta</strong></span> <span class='ocrx_word' id='word_1_105' title='bbox 680 2181 815 2261; x_wconf 86' lang='lat' dir='ltr'><strong>Basilia</strong></span> <span class='ocrx_word' id='word_1_106' title='bbox 834 2183 996 2260; x_wconf 79' lang='lat' dir='ltr'><strong>denoto</strong></span> <span class='ocrx_word' id='word_1_107' title='bbox 1010 2199 1049 2259; x_wconf 84' lang='lat' dir='ltr'><strong>et</strong></span> <span class='ocrx_word' id='word_1_108' title='bbox 1062 2182 1203 2289; x_wconf 83' lang='lat' dir='ltr'><strong>injuste</strong></span> <span class='ocrx_word' id='word_1_109' title='bbox 1221 2198 1423 2288; x_wconf 77' lang='lat' dir='ltr'><strong>acceparat·</strong></span> <span class='ocrx_word' id='word_1_110' title='bbox 1432 2182 1589 2290; x_wconf 76' lang='lat' dir='ltr'><strong>pignora</strong></span> <span class='ocrx_word' id='word_1_111' title='bbox 1606 2182 1771 2290; x_wconf 80' lang='lat' dir='ltr'><strong>quedam</strong></span> 
     </span>
     <span class='ocr_line' id='line_1_13' title="bbox 346 2310 1771 2421; baseline -0.002 -30"><span class='ocrx_word' id='word_1_112' title='bbox 346 2312 619 2421; x_wconf 81' lang='lat' dir='ltr'><strong>inquilinorum</strong></span> <span class='ocrx_word' id='word_1_113' title='bbox 640 2313 742 2391; x_wconf 87' lang='lat' dir='ltr'><strong>dicte</strong></span> <span class='ocrx_word' id='word_1_114' title='bbox 760 2312 918 2400; x_wconf 88' lang='lat' dir='ltr'><strong>domus,</strong></span> <span class='ocrx_word' id='word_1_115' title='bbox 942 2312 1008 2418; x_wconf 81' lang='lat' dir='ltr'><strong>qui</strong></span> <span class='ocrx_word' id='word_1_116' title='bbox 1033 2312 1081 2389; x_wconf 88' lang='lat' dir='ltr'><strong>ab</strong></span> <span class='ocrx_word' id='word_1_117' title='bbox 1107 2310 1251 2389; x_wconf 87' lang='lat' dir='ltr'><strong>eisdem</strong></span> <span class='ocrx_word' id='word_1_118' title='bbox 1272 2312 1431 2389; x_wconf 87' lang='lat' dir='ltr'><strong>domum</strong></span> <span class='ocrx_word' id='word_1_119' title='bbox 1451 2312 1659 2418; x_wconf 74' lang='lat' dir='ltr'><strong>predictam</strong></span> <span class='ocrx_word' id='word_1_120' title='bbox 1683 2339 1771 2389; x_wconf 87' lang='lat' dir='ltr'><strong>eon-</strong></span> 
     </span>
     <span class='ocr_line' id='line_1_14' title="bbox 346 2441 1894 2549; baseline -0.002 -26"><span class='ocrx_word' id='word_1_121' title='bbox 346 2446 550 2535; x_wconf 76' lang='lat' dir='ltr'><strong>dune&#39;rant,</strong></span> <span class='ocrx_word' id='word_1_122' title='bbox 570 2442 761 2521; x_wconf 86' lang='lat' dir='ltr'><strong>turbando</strong></span> <span class='ocrx_word' id='word_1_123' title='bbox 782 2458 821 2519; x_wconf 84' lang='lat' dir='ltr'><strong>et</strong></span> <span class='ocrx_word' id='word_1_124' title='bbox 839 2441 1087 2548; x_wconf 86' lang='lat' dir='ltr'><strong>impediendo</strong></span> <span class='ocrx_word' id='word_1_125' title='bbox 1107 2468 1176 2519; x_wconf 87' lang='lat' dir='ltr'><strong>sos</strong></span> <span class='ocrx_word' id='word_1_126' title='bbox 1190 2441 1231 2519; x_wconf 88' lang='lat' dir='ltr'><strong>in</strong></span> <span class='ocrx_word' id='word_1_127' title='bbox 1251 2441 1388 2524; x_wconf 85' lang='lat' dir='ltr'><strong>saisina</strong></span> <span class='ocrx_word' id='word_1_128' title='bbox 1405 2467 1471 2519; x_wconf 88' lang='lat' dir='ltr'><strong>sua</strong></span> <span class='ocrx_word' id='word_1_129' title='bbox 1486 2442 1669 2519; x_wconf 77' lang='lat' dir='ltr'><strong>libertatis</strong></span> <span class='ocrx_word' id='word_1_130' title='bbox 1686 2470 1772 2549; x_wconf 80' lang='lat' dir='ltr'><strong>pne·</strong></span> <span class='ocrx_word' id='word_1_131' title='bbox 1888 2520 1894 2527; x_wconf 73' lang='grc'><em>,</em></span> 
     </span>
     <span class='ocr_line' id='line_1_15' title="bbox 346 2570 1771 2681; baseline -0.002 -29"><span class='ocrx_word' id='word_1_132' title='bbox 346 2574 465 2665; x_wconf 83' lang='lat' dir='ltr'><strong>dicte,</strong></span> <span class='ocrx_word' id='word_1_133' title='bbox 485 2590 658 2681; x_wconf 75' lang='lat' dir='ltr'><strong>petemcs</strong></span> <span class='ocrx_word' id='word_1_134' title='bbox 676 2573 775 2651; x_wconf 82' lang='lat' dir='ltr'><strong>dieta</strong></span> <span class='ocrx_word' id='word_1_135' title='bbox 793 2572 950 2681; x_wconf 78' lang='lat' dir='ltr'><strong>pignota</strong></span> <span class='ocrx_word' id='word_1_136' title='bbox 966 2570 1044 2650; x_wconf 80' lang='lat' dir='ltr'><strong>sibi</strong></span> <span class='ocrx_word' id='word_1_137' title='bbox 1059 2572 1208 2651; x_wconf 83' lang='lat' dir='ltr'><strong>restitui</strong></span> <span class='ocrx_word' id='word_1_138' title='bbox 1227 2589 1267 2650; x_wconf 86' lang='lat' dir='ltr'><strong>et</strong></span> <span class='ocrx_word' id='word_1_139' title='bbox 1286 2572 1431 2651; x_wconf 83' lang='lat' dir='ltr'><strong>dictum</strong></span> <span class='ocrx_word' id='word_1_140' title='bbox 1453 2572 1771 2680; x_wconf 82' lang='lat' dir='ltr'><strong>impedimentmn</strong></span> 
     </span>
     <span class='ocr_line' id='line_1_16' title="bbox 346 2704 1772 2812; baseline 0 -29"><span class='ocrx_word' id='word_1_141' title='bbox 346 2722 384 2783; x_wconf 88' lang='lat' dir='ltr'><strong>et</strong></span> <span class='ocrx_word' id='word_1_142' title='bbox 402 2706 663 2785; x_wconf 69' lang='lat' dir='ltr'><strong>turbationem</strong></span> <span class='ocrx_word' id='word_1_143' title='bbox 682 2704 890 2812; x_wconf 79' lang='lat' dir='ltr'><strong>predictam</strong></span> <span class='ocrx_word' id='word_1_144' title='bbox 909 2705 1089 2795; x_wconf 77' lang='lat' dir='ltr'><strong>amoveri3</strong></span> <span class='ocrx_word' id='word_1_145' title='bbox 1111 2704 1212 2783; x_wconf 85' lang='lat' dir='ltr'><strong>dicta</strong></span> <span class='ocrx_word' id='word_1_146' title='bbox 1230 2704 1365 2784; x_wconf 81' lang='lat' dir='ltr'><strong>Basilia</strong></span> <span class='ocrx_word' id='word_1_147' title='bbox 1386 2732 1407 2781; x_wconf 87' lang='lat' dir='ltr'><strong>e</strong></span> <span class='ocrx_word' id='word_1_148' title='bbox 1426 2705 1615 2782; x_wconf 79' lang='lat' dir='ltr'><strong>contrusio</strong></span> <span class='ocrx_word' id='word_1_149' title='bbox 1630 2730 1772 2812; x_wconf 78' lang='lat' dir='ltr'><strong>propo·</strong></span> 
     </span>
    </p>

    <p class='ocr_par' dir='ltr' id='par_1_3' title="bbox 238 2835 1896 3859">
     <span class='ocr_line' id='line_1_17' title="bbox 238 2835 1768 2945; baseline -0.002 -29"><span class='ocrx_word' id='word_1_150' title='bbox 238 2928 248 2945; x_wconf 78' lang='lat'>.</span> <span class='ocrx_word' id='word_1_151' title='bbox 345 2854 459 2915; x_wconf 80' lang='lat' dir='ltr'><strong>eente</strong></span> <span class='ocrx_word' id='word_1_152' title='bbox 478 2864 519 2915; x_wconf 89' lang='lat' dir='ltr'><strong>ee</strong></span> <span class='ocrx_word' id='word_1_153' title='bbox 533 2864 613 2915; x_wconf 83' lang='lat' dir='ltr'><strong>esse</strong></span> <span class='ocrx_word' id='word_1_154' title='bbox 628 2838 669 2913; x_wconf 91' lang='lat' dir='ltr'><strong>in</strong></span> <span class='ocrx_word' id='word_1_155' title='bbox 689 2836 824 2913; x_wconf 75' lang='lat' dir='ltr'><strong>saisim</strong></span> <span class='ocrx_word' id='word_1_156' title='bbox 838 2835 1074 2943; x_wconf 81' lang='lat' dir='ltr'><strong>percipiendi</strong></span> <span class='ocrx_word' id='word_1_157' title='bbox 1089 2861 1207 2943; x_wconf 88' lang='lat' dir='ltr'><strong>super</strong></span> <span class='ocrx_word' id='word_1_158' title='bbox 1219 2837 1335 2915; x_wconf 89' lang='lat' dir='ltr'><strong>domo</strong></span> <span class='ocrx_word' id='word_1_159' title='bbox 1347 2836 1616 2944; x_wconf 80' lang='lat' dir='ltr'><strong>predieteocto</strong></span> <span class='ocrx_word' id='word_1_160' title='bbox 1636 2835 1768 2925; x_wconf 83' lang='lat' dir='ltr'><strong>libras,</strong></span> 
     </span>
     <span class='ocr_line' id='line_1_18' title="bbox 345 2949 1896 3075; baseline -0.002 -28"><span class='ocrx_word' id='word_1_161' title='bbox 345 2968 546 3048; x_wconf 78' lang='lat' dir='ltr'><strong>tresdecim</strong></span> <span class='ocrx_word' id='word_1_162' title='bbox 566 2967 711 3047; x_wconf 84' lang='lat' dir='ltr'><strong>solidos</strong></span> <span class='ocrx_word' id='word_1_163' title='bbox 735 2984 954 3075; x_wconf 77' lang='lat' dir='ltr'><strong>etquattuor</strong></span> <span class='ocrx_word' id='word_1_164' title='bbox 973 2967 1151 3046; x_wconf 80' lang='lat' dir='ltr'><strong>denarios</strong></span> <span class='ocrx_word' id='word_1_165' title='bbox 1169 2967 1395 3045; x_wconf 75' lang='lat' dir='ltr'><strong>Panisiens‘es</strong></span> <span class='ocrx_word' id='word_1_166' title='bbox 1414 2949 1528 3045; x_wconf 69' lang='lat' dir='ltr'><strong>minui</strong></span> <span class='ocrx_word' id='word_1_167' title='bbox 1548 2992 1681 3045; x_wconf 74' lang='lat' dir='ltr'><strong>cenem</strong></span> <span class='ocrx_word' id='word_1_168' title='bbox 1698 2995 1770 3044; x_wconf 91' lang='lat' dir='ltr'><strong>seu</strong></span> <span class='ocrx_word' id='word_1_169' title='bbox 1892 2998 1896 3004; x_wconf 93' lang='lat'>·</span> 
     </span>
     <span class='ocr_line' id='line_1_19' title="bbox 345 3098 1770 3207; baseline 0 -31"><span class='ocrx_word' id='word_1_170' title='bbox 345 3098 535 3189; x_wconf 83' lang='lat' dir='ltr'><strong>redditus,</strong></span> <span class='ocrx_word' id='word_1_171' title='bbox 554 3116 594 3176; x_wconf 88' lang='lat' dir='ltr'><strong>et</strong></span> <span class='ocrx_word' id='word_1_172' title='bbox 606 3100 711 3205; x_wconf 79' lang='lat' dir='ltr'><strong>quod</strong></span> <span class='ocrx_word' id='word_1_173' title='bbox 726 3099 821 3205; x_wconf 77' lang='lat' dir='ltr'><strong>ipse,</strong></span> <span class='ocrx_word' id='word_1_174' title='bbox 839 3098 990 3175; x_wconf 75' lang='lat' dir='ltr'><strong>cesione</strong></span> <span class='ocrx_word' id='word_1_175' title='bbox 1007 3098 1107 3177; x_wconf 83' lang='lat' dir='ltr'><strong>dicte</strong></span> <span class='ocrx_word' id='word_1_176' title='bbox 1122 3099 1259 3177; x_wconf 83' lang='lat' dir='ltr'><strong>saisine</strong></span> <span class='ocrx_word' id='word_1_177' title='bbox 1276 3126 1343 3177; x_wconf 79' lang='lat' dir='ltr'><strong>me</strong></span> <span class='ocrx_word' id='word_1_178' title='bbox 1358 3099 1514 3207; x_wconf 79' lang='lat' dir='ltr'><strong>pignone</strong></span> <span class='ocrx_word' id='word_1_179' title='bbox 1525 3098 1694 3206; x_wconf 79' lang='lat' dir='ltr'><strong>predicta</strong></span> <span class='ocrx_word' id='word_1_180' title='bbox 1708 3126 1770 3195; x_wconf 82' lang='lat' dir='ltr'><strong>oe-</strong></span> 
     </span>
     <span class='ocr_line' id='line_1_20' title="bbox 346 3228 1771 3336; baseline 0.001 -31"><span class='ocrx_word' id='word_1_181' title='bbox 346 3246 452 3335; x_wconf 80' lang='lat' dir='ltr'><strong>peret</strong></span> <span class='ocrx_word' id='word_1_182' title='bbox 462 3230 607 3307; x_wconf 85' lang='lat' dir='ltr'><strong>utendo</strong></span> <span class='ocrx_word' id='word_1_183' title='bbox 618 3230 806 3336; x_wconf 70' lang='lat' dir='ltr'><strong>juresum</strong></span> <span class='ocrx_word' id='word_1_184' title='bbox 822 3228 995 3318; x_wconf 85' lang='lat' dir='ltr'><strong>tandem,</strong></span> <span class='ocrx_word' id='word_1_185' title='bbox 1013 3229 1153 3307; x_wconf 82' lang='lat' dir='ltr'><strong>auditis</strong></span> <span class='ocrx_word' id='word_1_186' title='bbox 1164 3229 1343 3309; x_wconf 87' lang='lat' dir='ltr'><strong>omnibus</strong></span> <span class='ocrx_word' id='word_1_187' title='bbox 1357 3258 1433 3336; x_wconf 87' lang='lat' dir='ltr'><strong>que</strong></span> <span class='ocrx_word' id='word_1_188' title='bbox 1445 3230 1680 3336; x_wconf 83' lang='lat' dir='ltr'><strong>dictepartes</strong></span> <span class='ocrx_word' id='word_1_189' title='bbox 1688 3256 1771 3335; x_wconf 78' lang='lat' dir='ltr'><strong>pto-</strong></span> 
     </span>
     <span class='ocr_line' id='line_1_21' title="bbox 346 3357 1773 3468; baseline 0.001 -33"><span class='ocrx_word' id='word_1_190' title='bbox 346 3384 489 3465; x_wconf 83' lang='lat' dir='ltr'><strong>ponete</strong></span> <span class='ocrx_word' id='word_1_191' title='bbox 502 3357 721 3448; x_wconf 81' lang='lat' dir='ltr'><strong>voluerunt,</strong></span> <span class='ocrx_word' id='word_1_192' title='bbox 735 3358 860 3437; x_wconf 84' lang='lat' dir='ltr'><strong>dictus</strong></span> <span class='ocrx_word' id='word_1_193' title='bbox 876 3358 1105 3465; x_wconf 79' lang='lat' dir='ltr'><strong>prepositus,</strong></span> <span class='ocrx_word' id='word_1_194' title='bbox 1117 3381 1187 3466; x_wconf 88' lang='lat' dir='ltr'><strong>per</strong></span> <span class='ocrx_word' id='word_1_195' title='bbox 1202 3386 1314 3437; x_wconf 87' lang='lat' dir='ltr'><strong>suum</strong></span> <span class='ocrx_word' id='word_1_196' title='bbox 1321 3359 1530 3468; x_wconf 84' lang='lat' dir='ltr'><strong>judicium,</strong></span> <span class='ocrx_word' id='word_1_197' title='bbox 1544 3359 1773 3466; x_wconf 75' lang='lat' dir='ltr'><strong>ptonuneia-</strong></span> 
     </span>
     <span class='ocr_line' id='line_1_22' title="bbox 345 3488 1770 3596; baseline 0.001 -32"><span class='ocrx_word' id='word_1_198' title='bbox 345 3489 398 3565; x_wconf 82' lang='lat' dir='ltr'><strong>vit</strong></span> <span class='ocrx_word' id='word_1_199' title='bbox 413 3488 552 3566; x_wconf 81' lang='lat' dir='ltr'><strong>dictam</strong></span> <span class='ocrx_word' id='word_1_200' title='bbox 564 3488 736 3570; x_wconf 74' lang='lat' dir='ltr'>Basiliam</span> <span class='ocrx_word' id='word_1_201' title='bbox 755 3488 893 3568; x_wconf 88' lang='lat' dir='ltr'><strong>melius</strong></span> <span class='ocrx_word' id='word_1_202' title='bbox 911 3488 1169 3567; x_wconf 69' lang='lat' dir='ltr'><strong>intencionem</strong></span> <span class='ocrx_word' id='word_1_203' title='bbox 1186 3517 1294 3568; x_wconf 86' lang='lat' dir='ltr'><strong>suam</strong></span> <span class='ocrx_word' id='word_1_204' title='bbox 1310 3489 1519 3596; x_wconf 83' lang='lat' dir='ltr'><strong>predictam</strong></span> <span class='ocrx_word' id='word_1_205' title='bbox 1537 3488 1770 3596; x_wconf 80' lang='lat' dir='ltr'><strong>probavisse,</strong></span> 
     </span>
     <span class='ocr_line' id='line_1_23' title="bbox 347 3612 1769 3729; baseline 0.001 -32"><span class='ocrx_word' id='word_1_206' title='bbox 347 3638 384 3697; x_wconf 86' lang='lat' dir='ltr'><strong>et</strong></span> <span class='ocrx_word' id='word_1_207' title='bbox 397 3648 478 3697; x_wconf 87' lang='lat' dir='ltr'><strong>eam</strong></span> <span class='ocrx_word' id='word_1_208' title='bbox 493 3620 807 3729; x_wconf 81' lang='lat' dir='ltr'><strong>deberegaudene</strong></span> <span class='ocrx_word' id='word_1_209' title='bbox 818 3619 952 3699; x_wconf 86' lang='lat' dir='ltr'><strong>saisina</strong></span> <span class='ocrx_word' id='word_1_210' title='bbox 968 3647 1033 3697; x_wconf 89' lang='lat' dir='ltr'><strong>sua</strong></span> <span class='ocrx_word' id='word_1_211' title='bbox 1046 3621 1235 3728; x_wconf 75' lang='lat' dir='ltr'><strong>predicta3</strong></span> <span class='ocrx_word' id='word_1_212' title='bbox 1251 3650 1271 3697; x_wconf 90' lang='lat' dir='ltr'><strong>a</strong></span> <span class='ocrx_word' id='word_1_213' title='bbox 1285 3647 1365 3729; x_wconf 85' lang='lat' dir='ltr'><strong>quo</strong></span> <span class='ocrx_word' id='word_1_214' title='bbox 1372 3620 1560 3728; x_wconf 75' lang='lat' dir='ltr'><strong>judicato,</strong></span> <span class='ocrx_word' id='word_1_215' title='bbox 1576 3612 1769 3728; x_wconf 73' lang='lat' dir='ltr'><strong>tamquam</strong></span> 
     </span>
     <span class='ocr_line' id='line_1_24' title="bbox 345 3750 1769 3859; baseline 0.002 -33"><span class='ocrx_word' id='word_1_216' title='bbox 345 3750 438 3830; x_wconf 76' lang='lat' dir='ltr'><strong>lalso</strong></span> <span class='ocrx_word' id='word_1_217' title='bbox 457 3768 496 3829; x_wconf 86' lang='lat' dir='ltr'><strong>et</strong></span> <span class='ocrx_word' id='word_1_218' title='bbox 513 3779 642 3859; x_wconf 85' lang='lat' dir='ltr'><strong>pravo,</strong></span> <span class='ocrx_word' id='word_1_219' title='bbox 663 3751 988 3859; x_wconf 80' lang='lat' dir='ltr'><strong>procuratondicti</strong></span> <span class='ocrx_word' id='word_1_220' title='bbox 1001 3752 1181 3831; x_wconf 78' lang='lat' dir='ltr'><strong>lobannis</strong></span> <span class='ocrx_word' id='word_1_221' title='bbox 1195 3753 1244 3831; x_wconf 92' lang='lat' dir='ltr'><strong>de</strong></span> <span class='ocrx_word' id='word_1_222' title='bbox 1258 3754 1370 3831; x_wconf 76' lang='lat' dir='ltr'><strong>Bam</strong></span> <span class='ocrx_word' id='word_1_223' title='bbox 1384 3752 1433 3830; x_wconf 91' lang='lat' dir='ltr'><strong>ad</strong></span> <span class='ocrx_word' id='word_1_224' title='bbox 1447 3766 1615 3834; x_wconf 71' lang='lat' dir='ltr'><strong>nostiam</strong></span> <span class='ocrx_word' id='word_1_225' title='bbox 1628 3754 1769 3830; x_wconf 84' lang='lat' dir='ltr'><strong>curiam</strong></span> 
     </span>
    </p>

    <p class='ocr_par' dir='ltr' id='par_1_4' title="bbox 253 3880 1945 4382">
     <span class='ocr_line' id='line_1_25' title="bbox 253 3880 1945 3991; baseline -0.001 -30"><span class='ocrx_word' id='word_1_226' title='bbox 253 3956 259 3961; x_wconf 89' lang='lat'><em>.</em></span> <span class='ocrx_word' id='word_1_227' title='bbox 347 3880 570 3989; x_wconf 80' lang='lat' dir='ltr'><strong>appellavit:</strong></span> <span class='ocrx_word' id='word_1_228' title='bbox 590 3882 741 3960; x_wconf 81' lang='lat' dir='ltr'><strong>Auditis</strong></span> <span class='ocrx_word' id='word_1_229' title='bbox 759 3884 876 3989; x_wconf 82' lang='lat' dir='ltr'><strong>igitur</strong></span> <span class='ocrx_word' id='word_1_230' title='bbox 895 3883 1005 3961; x_wconf 86' lang='lat' dir='ltr'><strong>dietis</strong></span> <span class='ocrx_word' id='word_1_231' title='bbox 1024 3883 1212 3990; x_wconf 81' lang='lat' dir='ltr'><strong>pertibus,</strong></span> <span class='ocrx_word' id='word_1_232' title='bbox 1234 3900 1272 3962; x_wconf 91' lang='lat' dir='ltr'><strong>et</strong></span> <span class='ocrx_word' id='word_1_233' title='bbox 1291 3884 1377 3962; x_wconf 83' lang='lat' dir='ltr'><strong>visis</strong></span> <span class='ocrx_word' id='word_1_234' title='bbox 1395 3884 1437 3959; x_wconf 91' lang='lat' dir='ltr'><strong>in</strong></span> <span class='ocrx_word' id='word_1_235' title='bbox 1456 3906 1566 3961; x_wconf 83' lang='lat' dir='ltr'><strong>causa</strong></span> <span class='ocrx_word' id='word_1_236' title='bbox 1586 3882 1687 3960; x_wconf 82' lang='lat' dir='ltr'><strong>dicte</strong></span> <span class='ocrx_word' id='word_1_237' title='bbox 1706 3912 1772 3991; x_wconf 85' lang='lat' dir='ltr'><strong>ap-</strong></span> <span class='ocrx_word' id='word_1_238' title='bbox 1940 3889 1945 3904; x_wconf 83' lang='grc'><em>“</em></span> 
     </span>
     <span class='ocr_line' id='line_1_26' title="bbox 347 4012 1771 4123; baseline 0.001 -33"><span class='ocrx_word' id='word_1_239' title='bbox 347 4012 567 4118; x_wconf 77' lang='lat' dir='ltr'><strong>pallacionis</strong></span> <span class='ocrx_word' id='word_1_240' title='bbox 577 4015 814 4121; x_wconf 81' lang='lat' dir='ltr'><strong>pmcessibus</strong></span> <span class='ocrx_word' id='word_1_241' title='bbox 829 4014 1045 4104; x_wconf 74' lang='lat' dir='ltr'><strong>antedictis,</strong></span> <span class='ocrx_word' id='word_1_242' title='bbox 1060 4042 1130 4122; x_wconf 85' lang='lat' dir='ltr'><strong>per</strong></span> <span class='ocrx_word' id='word_1_243' title='bbox 1141 4017 1246 4093; x_wconf 83' lang='lat' dir='ltr'><strong>curie</strong></span> <span class='ocrx_word' id='word_1_244' title='bbox 1262 4032 1391 4094; x_wconf 80' lang='lat' dir='ltr'><strong>nostre</strong></span> <span class='ocrx_word' id='word_1_245' title='bbox 1398 4014 1608 4123; x_wconf 86' lang='lat' dir='ltr'><strong>judicium,</strong></span> <span class='ocrx_word' id='word_1_246' title='bbox 1626 4014 1771 4093; x_wconf 85' lang='lat' dir='ltr'><strong>dietum</strong></span> 
     </span>
     <span class='ocr_line' id='line_1_27' title="bbox 346 4141 1770 4251; baseline 0.001 -32"><span class='ocrx_word' id='word_1_247' title='bbox 346 4141 420 4220; x_wconf 82' lang='lat' dir='ltr'><strong>luit</strong></span> <span class='ocrx_word' id='word_1_248' title='bbox 435 4144 646 4250; x_wconf 86' lang='lat' dir='ltr'><strong>predictum</strong></span> <span class='ocrx_word' id='word_1_249' title='bbox 660 4143 895 4250; x_wconf 84' lang='lat' dir='ltr'><strong>prepositum</strong></span> <span class='ocrx_word' id='word_1_250' title='bbox 906 4143 1004 4221; x_wconf 85' lang='lat' dir='ltr'><strong>bene</strong></span> <span class='ocrx_word' id='word_1_251' title='bbox 1011 4144 1219 4251; x_wconf 84' lang='lat' dir='ltr'><strong>judicasse,</strong></span> <span class='ocrx_word' id='word_1_252' title='bbox 1237 4162 1275 4224; x_wconf 88' lang='lat' dir='ltr'><strong>et</strong></span> <span class='ocrx_word' id='word_1_253' title='bbox 1289 4146 1434 4223; x_wconf 88' lang='lat' dir='ltr'><strong>dictum</strong></span> <span class='ocrx_word' id='word_1_254' title='bbox 1445 4145 1657 4223; x_wconf 83' lang='lat' dir='ltr'><strong>lobannem</strong></span> <span class='ocrx_word' id='word_1_255' title='bbox 1673 4144 1770 4220; x_wconf 89' lang='lat' dir='ltr'><strong>male</strong></span> 
     </span>
     <span class='ocr_line' id='line_1_28' title="bbox 348 4270 1195 4382; baseline 0 -29"><span class='ocrx_word' id='word_1_256' title='bbox 348 4272 569 4382; x_wconf 72' lang='lat' dir='ltr'><strong>appellasse,</strong></span> <span class='ocrx_word' id='word_1_257' title='bbox 591 4291 630 4353; x_wconf 83' lang='lat' dir='ltr'><strong>ct</strong></span> <span class='ocrx_word' id='word_1_258' title='bbox 649 4270 753 4380; x_wconf 88' lang='lat' dir='ltr'><strong>quod</strong></span> <span class='ocrx_word' id='word_1_259' title='bbox 774 4273 853 4381; x_wconf 90' lang='lat' dir='ltr'><strong>ipse</strong></span> <span class='ocrx_word' id='word_1_260' title='bbox 873 4274 947 4352; x_wconf 89' lang='lat' dir='ltr'><strong>boc</strong></span> <span class='ocrx_word' id='word_1_261' title='bbox 966 4276 1195 4353; x_wconf 78' lang='lat' dir='ltr'><strong>emendabit.</strong></span> 
     </span>
    </p>

    <p class='ocr_par' dir='ltr' id='par_1_5' title="bbox 403 4401 1007 4485">
     <span class='ocr_line' id='line_1_29' title="bbox 403 4401 1007 4485; baseline 0 -2"><span class='ocrx_word' id='word_1_262' title='bbox 403 4406 505 4485; x_wconf 80' lang='lat' dir='ltr'><strong>lovis</strong></span> <span class='ocrx_word' id='word_1_263' title='bbox 524 4422 609 4485; x_wconf 86' lang='lat' dir='ltr'><strong>ante</strong></span> <span class='ocrx_word' id='word_1_264' title='bbox 629 4408 766 4485; x_wconf 77' lang='lat' dir='ltr'><strong>Remos</strong></span> <span class='ocrx_word' id='word_1_265' title='bbox 783 4401 1007 4484; x_wconf 71' lang='lat' dir='ltr'><strong>Palmam.</strong></span> 
     </span>
    </p>

    <p class='ocr_par' dir='ltr' id='par_1_6' title="bbox 403 4536 790 4645">
     <span class='ocr_line' id='line_1_30' title="bbox 403 4536 790 4645; baseline -0.01 -28"><span class='ocrx_word' id='word_1_266' title='bbox 403 4536 567 4617; x_wconf 82' lang='lat' dir='ltr'><strong>Cuillier</strong></span> <span class='ocrx_word' id='word_1_267' title='bbox 578 4536 790 4645; x_wconf 75' lang='lat' dir='ltr'><strong>reportavit</strong></span> 
     </span>
    </p>
   </div>
   <div class='ocr_carea' id='block_1_3' title="bbox 346 4744 1889 5185">
    <p class='ocr_par' dir='ltr' id='par_1_7' title="bbox 346 4744 1889 5185">
     <span class='ocr_line' id='line_1_31' title="bbox 404 4744 1773 4908; baseline 0.003 -33"><span class='ocrx_word' id='word_1_268' title='bbox 404 4744 561 4878; x_wconf 71' lang='lat' dir='ltr'><strong>txxtl.</strong></span> <span class='ocrx_word' id='word_1_269' title='bbox 591 4798 919 4908; x_wconf 82' lang='lat' dir='ltr'><strong>CumAymcticue</strong></span> <span class='ocrx_word' id='word_1_270' title='bbox 941 4801 989 4880; x_wconf 92' lang='lat' dir='ltr'><strong>de</strong></span> <span class='ocrx_word' id='word_1_271' title='bbox 1009 4799 1045 4878; x_wconf 85' lang='lat' dir='ltr'><strong>la</strong></span> <span class='ocrx_word' id='word_1_272' title='bbox 1059 4800 1245 4881; x_wconf 84' lang='lat' dir='ltr'><strong>Cessanne</strong></span> <span class='ocrx_word' id='word_1_273' title='bbox 1259 4798 1502 4892; x_wconf 81' lang='lat' dir='ltr'><strong>domicellus,</strong></span> <span class='ocrx_word' id='word_1_274' title='bbox 1518 4800 1560 4877; x_wconf 83' lang='lat' dir='ltr'><strong>in</strong></span> <span class='ocrx_word' id='word_1_275' title='bbox 1572 4798 1773 4879; x_wconf 81' lang='lat' dir='ltr'><strong>surianos·</strong></span> 
     </span>
     <span class='ocr_line' id='line_1_32' title="bbox 348 4928 1836 5054; baseline 0 -47"><span class='ocrx_word' id='word_1_276' title='bbox 348 4946 405 5007; x_wconf 86' lang='lat' dir='ltr'><strong>tm</strong></span> <span class='ocrx_word' id='word_1_277' title='bbox 425 4945 607 5006; x_wconf 81' lang='lat' dir='ltr'><strong>assereret</strong></span> <span class='ocrx_word' id='word_1_278' title='bbox 623 4930 729 5037; x_wconf 90' lang='lat' dir='ltr'><strong>quod</strong></span> <span class='ocrx_word' id='word_1_279' title='bbox 749 4931 868 5007; x_wconf 86' lang='lat' dir='ltr'><strong>mansi</strong></span> <span class='ocrx_word' id='word_1_280' title='bbox 889 4930 937 5009; x_wconf 91' lang='lat' dir='ltr'><strong>de</strong></span> <span class='ocrx_word' id='word_1_281' title='bbox 957 4932 1095 5023; x_wconf 88' lang='lat' dir='ltr'><strong>Pedio,</strong></span> <span class='ocrx_word' id='word_1_282' title='bbox 1119 4932 1168 5009; x_wconf 88' lang='lat' dir='ltr'><strong>de</strong></span> <span class='ocrx_word' id='word_1_283' title='bbox 1186 4931 1222 5009; x_wconf 92' lang='lat' dir='ltr'><strong>la</strong></span> <span class='ocrx_word' id='word_1_284' title='bbox 1240 4928 1409 5012; x_wconf 86' lang='lat' dir='ltr'><strong>Genabic</strong></span> <span class='ocrx_word' id='word_1_285' title='bbox 1428 4948 1467 5011; x_wconf 87' lang='lat' dir='ltr'><strong>et</strong></span> <span class='ocrx_word' id='word_1_286' title='bbox 1484 4928 1688 5022; x_wconf 76' lang='lat' dir='ltr'><strong>Del-llice,</strong></span> <span class='ocrx_word' id='word_1_287' title='bbox 1710 4932 1771 5009; x_wconf 87' lang='lat' dir='ltr'><strong>siti</strong></span> <span class='ocrx_word' id='word_1_288' title='bbox 1832 5048 1836 5054; x_wconf 77' lang='lat'><strong>,</strong></span> 
     </span>
     <span class='ocr_line' id='line_1_33' title="bbox 346 5060 1889 5185; baseline 0.001 -47"><span class='ocrx_word' id='word_1_289' title='bbox 346 5062 386 5138; x_wconf 91' lang='lat' dir='ltr'><strong>in</strong></span> <span class='ocrx_word' id='word_1_290' title='bbox 407 5060 601 5169; x_wconf 78' lang='lat' dir='ltr'><strong>parrochia</strong></span> <span class='ocrx_word' id='word_1_291' title='bbox 615 5061 663 5139; x_wconf 86' lang='lat' dir='ltr'><strong>de</strong></span> <span class='ocrx_word' id='word_1_292' title='bbox 680 5061 878 5151; x_wconf 83' lang='lat' dir='ltr'><strong>Cassanca,</strong></span> <span class='ocrx_word' id='word_1_293' title='bbox 894 5077 984 5142; x_wconf 88' lang='lat' dir='ltr'><strong>sunt</strong></span> <span class='ocrx_word' id='word_1_294' title='bbox 997 5063 1141 5173; x_wconf 76' lang='lat' dir='ltr'><strong>proprii</strong></span> <span class='ocrx_word' id='word_1_295' title='bbox 1160 5063 1251 5143; x_wconf 89' lang='lat' dir='ltr'><strong>dicti</strong></span> <span class='ocrx_word' id='word_1_296' title='bbox 1268 5062 1471 5174; x_wconf 83' lang='lat' dir='ltr'><strong>Aymerici,</strong></span> <span class='ocrx_word' id='word_1_297' title='bbox 1486 5080 1527 5145; x_wconf 83' lang='lat' dir='ltr'><strong>et</strong></span> <span class='ocrx_word' id='word_1_298' title='bbox 1543 5064 1650 5173; x_wconf 84' lang='lat' dir='ltr'><strong>quod</strong></span> <span class='ocrx_word' id='word_1_299' title='bbox 1668 5063 1771 5141; x_wconf 84' lang='lat' dir='ltr'><strong>idem</strong></span> <span class='ocrx_word' id='word_1_300' title='bbox 1886 5182 1889 5185; x_wconf 67' lang='lat'>‚</span> 
     </span>
    </p>
   </div>
   <div class='ocr_carea' id='block_1_4' title="bbox 0 0 2233 6209">
    <p class='ocr_par' dir='ltr' id='par_1_8' title="bbox 0 0 2233 6209">
     <span class='ocr_line' id='line_1_34' title="bbox 0 0 2233 6209; baseline 0 0"><span class='ocrx_word' id='word_1_301' title='bbox 0 0 2233 6209; x_wconf 95' lang='lat' dir='ltr'><strong> </strong></span> 
     </span>
    </p>
   </div>
  </div>
 </body>
</html>
