4450 6209
749 724 1016 837 euocatus
1035 690 1107 818 =ur
1133 726 1340 820 procus.
1679 747 1748 819 sci

330 879 487 987 probata
500 910 579 961 non
589 884 807 993 extitit,per
820 888 922 966 curie
933 906 1061 966 nostre
1072 886 1275 995 judicium,
1294 884 1438 963 dictum
1455 884 1527 963 fuit
1540 884 1754 993 predictum
1793 896 1923 953 aarum
1936 897 1980 961 tv,

326 1010 497 1120 judicem
518 1013 770 1093 Biterrensem
790 1018 830 1093 iu
855 1045 964 1095 causa
986 1018 1182 1125 principali
1202 1017 1301 1096 bene
1322 1033 1360 1094 et
1384 1013 1567 1123 legittime
1586 1044 1756 1123 pronun·
1841 989 1904 1031 Μ’

329 1145 462 1233 ciasse,
485 1162 524 1223 et
544 1146 664 1225 dictos
684 1148 858 1227 consules
876 1150 924 1226 ab
947 1178 993 1227 eo
1012 1149 1111 1227 male
1131 1148 1353 1256 appellasse,
1383 1148 1611 1226 sentenciam
1633 1176 1755 1227 senes

329 1275 416 1353 calli
442 1276 561 1354 nostri
591 1277 817 1357 Carcassone
842 1280 882 1357 iu
910 1280 1007 1359 dicta
1030 1310 1139 1359 causa
1167 1278 1432 1387 appellacionis
1456 1280 1495 1355 iu
1521 1280 1754 1387 septuaginta

330 1408 523 1497 dumtaxat
543 1408 650 1489 libris
665 1410 883 1489 anullando.

387 1537 542 1617 Sabbati
557 1557 642 1648 post
658 1542 1067 1651 Sanctumlieorgium.

387 1671 438 1748 Μ.
454 1672 500 1749 Η.
517 1671 565 1749 de
584 1673 853 1752 Sancto-Paulo
873 1675 1087 1787 reportarit.

387 1935 448 2012 IX.
479 1936 579 2014 Cum
608 1938 648 2013 iu
680 1938 782 2015 curia
802 1956 928 2018 nostra
952 1937 1060 2017 Albie
1085 1938 1357 2017 denunciatum
1382 1936 1516 2015 fuisset
1541 1936 1646 2047 quod
1671 1937 1756 2044 qui-

332 2065 420 2143 dam
433 2067 609 2145 homines
621 2066 669 2145 de
681 2069 856 2148 Lautrr'co
872 2087 911 2147 et
919 2070 1164 2176 Lautrigcsio‚
1179 2086 1216 2146 et
1230 2068 1386 2175 qnidam
1401 2070 1578 2147 homines
1597 2067 1644 2144 de
1658 2068 1757 2145 Vru-

330 2199 458 2305 gneria
481 2216 520 2277 et
544 2199 593 2276 de
617 2200 891 2292 Veteri-Mum,
917 2200 1059 2279 multos
1077 2228 1247 2279 excessus
1272 2199 1565 2290 committendo,
1587 2197 1757 2275 indebite

331 2356 433 2406 arma
448 2346 659 2435 portassent
678 2332 718 2407 in
736 2330 822 2409 loco
841 2348 971 2410 vocato
986 2333 1034 2409 de
1053 2332 1241 2423 Screvolz‚
1260 2331 1378 2440 judex
1398 2331 1519 2438 major
1537 2328 1757 2407 senescallic

332 2456 574 2550 Carcassoue,
602 2462 737 2540 virtute
767 2463 1042 2542 commissionis
1068 2464 1140 2541 sihi
1162 2462 1261 2541 lacte
1285 2492 1356 2570 per
1380 2463 1539 2540 dilectos
1564 2479 1602 2539 et
1625 2459 1759 2538 fideles

331 2588 487 2669 ciericos
506 2612 667 2683 nostros,
688 2594 886 2703 magistros
902 2595 1114 2672 lobannem
1136 2594 1183 2671 de
1195 2592 1362 2702 Auxeyo‚
1379 2609 1570 2671 cantorem
1592 2591 1760 2669 Aurelia-

324 2736 507 2813 nensem,
524 2741 563 2802 et
574 2725 770 2803 Nicolaum
786 2724 835 2803 de
849 2725 1081 2815 Lusarchiis,
1097 2742 1191 2803 tunc
1202 2724 1437 2833 prepositum
1452 2724 1500 2802 de
1513 2722 1698 2812 Anverso,
1712 2724 1760 2801 ad

330 2870 455 2959 partes
465 2853 566 2945 illas,
581 2884 629 2932 ex
645 2874 750 2963 parte
761 2873 907 2949 nostra,
920 2885 991 2964 pro
1005 2850 1277 2935 reformacione
1287 2856 1407 2964 patrie
1421 2855 1643 2943 destinatos,
1660 2855 1761 2960 ipsos

324 2983 509 3071 -hom‘utes
520 2985 761 3095 singulariter
773 2987 812 3064 in
826 2989 937 3066 certis
950 2989 1112 3094 pecunie
1127 2988 1284 3065 summis
1297 2984 1600 3093 condempnavit,
1615 2985 1681 3091 qui
1700 2986 1763 3063 ho

332 3115 457 3193 mines
466 3144 582 3225 super
597 3120 670 3196 hoe
684 3118 910 3226 adprelatos
930 3118 1086 3198 clericos
1104 3136 1270 3211 nostros,
1287 3117 1346 3196 val
1358 3118 1505 3194 adeum
1520 3116 1569 3193 ad
1584 3144 1699 3222 quem
1715 3115 1762 3193 de

329 3247 416 3355 jure
436 3266 534 3327 esset
552 3248 842 3356 appellandum,
858 3249 1156 3357 appellaverunt,
1179 3267 1218 3328 et
1238 3249 1308 3354 ipsi
1329 3248 1447 3325 nostri
1467 3246 1592 3325 clerici
1613 3274 1761 3323 causam

326 3378 433 3458 ,dicte
447 3379 716 3485 appellacionis
725 3380 846 3487 judici
862 3381 1054 3459 ordinario
1070 3381 1295 3459 Carcassone
1313 3379 1609 3465 commiseruut3v
1624 3376 1688 3483 qui
1699 3377 1764 3482 ju-

326 3507 416 3601 dex,
426 3510 474 3586 de
484 3538 594 3588 causa
603 3509 983 3618 dicteappellacionis
997 3538 1240 3619 cognoscens,
1258 3507 1487 3585 sentenciam
1500 3505 1612 3613 primi
1623 3506 1763 3612 judicis

285 3681 290 3685 ·
333 3638 581 3731 confirmavit,
598 3660 784 3751 quantum
796 3643 845 3720 ad
852 3643 1083 3721 hominesde
1094 3640 1286 3729 matrico,
1303 3656 1359 3727 et,
1377 3654 1563 3745 quantum
1579 3635 1628 3712 ad
1640 3638 1764 3715 homi-

332 3798 401 3850 nes
412 3772 461 3849 de
471 3773 702 3882 Lautrigesio
718 3791 757 3851 et
771 3774 820 3851 de
835 3773 918 3852 aliis
928 3773 1037 3867 locis,
1054 3774 1096 3851 in
1109 3788 1282 3879 quartam
1297 3786 1443 3878 partem
1457 3767 1675 3846 diminuens
1689 3768 1761 3845 dic

332 3918 411 3979 tam
431 3904 839 4010 condempnacionem,
862 3906 1021 3983 eandem
1038 3905 1079 3982 in
1095 3903 1245 4011 reliquo
1266 3900 1521 3992 confirmavit3
1542 3928 1563 3976 a
1584 3928 1660 4006 qua
1679 3928 1764 3977 sen-

332 4034 456 4111 tencia
463 4035 596 4141 prelati
608 4036 783 4116 homines
793 4038 924 4115 adnos
933 4037 1184 4144 appellarunt,
1197 4037 1235 4113 in
1246 4049 1432 4143 quantum
1442 4034 1563 4142 prima
1573 4033 1763 4111 sentencia

335 4164 456 4243 extitit
474 4167 717 4259 confirmata3
743 4169 783 4244 in
803 4185 987 4275 quantum
1007 4196 1096 4245 vero
1114 4168 1164 4245 de
1186 4167 1374 4244 sentencia
1393 4164 1506 4272 primi
1527 4162 1669 4271 judicis
1691 4162 1764 4239 suit

333 4323 403 4402 per
417 4297 586 4405 judicem
607 4298 906 4406 appellacionum
927 4299 1155 4387 detractum,
1175 4315 1395 4403 procurator
1414 4312 1543 4375 noster
1562 4292 1611 4369 ad
1624 4320 1693 4369 nos
1714 4294 1763 4368 si-

337 4427 479 4505 militer
497 4429 722 4537 appellavit:
750 4430 849 4510 Visis
872 4429 987 4536 igitur
1009 4428 1247 4538 processibus
1272 4426 1483 4513 antedictis,
1508 4425 1555 4501 de
1576 4450 1762 4501 consensu

334 4559 506 4664 parcium
520 4559 776 4668 predictarum
787 4559 924 4639 etdicti
938 4560 1190 4666 procuratoris
1203 4557 1339 4646 nostri,
1359 4573 1396 4633 et
1409 4553 1548 4631 auditis
1567 4552 1657 4630 hinc
1672 4552 1762 4631 inde

334 4692 554 4797 propositis,
567 4710 645 4770 tam
658 4720 704 4769 ex
714 4710 818 4800 parte
828 4709 956 4770 nostra
970 4721 1084 4800 quam
1097 4720 1142 4768 ex
1156 4707 1260 4798 parte
1276 4688 1474 4766 hominum
1486 4684 1760 4794 predictorum,

336 4848 406 4926 per
415 4822 518 4899 curie
530 4840 658 4902 nostre
668 4824 869 4932 judicium,
885 4823 1029 4901 dictum
1043 4821 1118 4900 fuit
1132 4820 1345 4928 predictum
1355 4817 1525 4925 judicem
1540 4815 1639 4893 dicte
1653 4844 1763 4893 cause

336 4950 553 5059 principalis
565 4954 663 5032 male
678 4955 961 5062 pronunciasse,
976 4971 1014 5031 et
1024 4952 1124 5031 bene
1137 4950 1368 5060 appellatum
1384 4948 1499 5027 fuisse
1509 4975 1578 5055 per
1589 4946 1764 5025 homiues

337 5083 590 5191 supradictos,
601 5114 643 5164 ac
651 5087 819 5194 judicem
833 5086 1047 5192 predictum
1062 5084 1161 5164 dicte
1176 5110 1285 5163 cause
1300 5080 1581 5190 appellacionis‚
1593 5079 1632 5155 in
1645 5106 1765 5183 quan-

423 5260 477 5305 us
497 5261 582 5305 osus.
605 5263 651 5304 ιιι.
1575 5232 1614 5301 [ιὸ
