4450 6209
511 740 560 811 eo
982 706 986 715 ’
1090 732 1183 810 nes
1213 728 1354 809 onrM

283 889 472 952 munti,
510 878 706 961 Gereldus·
723 880 935 971 Piscatoris,
956 878 1147 959 Arnaldus
1169 876 1225 955 de
1244 876 1485 969 Gencberiie‚
1506 868 1696 953 dmaldns
1717 888 1756 951 et
1778 869 1941 953 Guillel

512 1041 616 1103 mus,
632 1012 723 1121 ejus
720 1010 816 1103 filii,
830 1028 869 1090 et
883 1010 1106 1092 Remundus
1121 1008 1157 1087 la
1170 1007 1306 1098 Grient
1322 1006 1493 1087 eunden
1500 1008 1657 1085 Petrum
1668 1004 1805 1083 diremi
1822 1006 1943 1085 mode·

510 1160 847 1236 tomentavsrtmu
867 1140 1045 1219 videlicet
1066 1140 1194 1219 cordis
1216 1165 1359 1248 unguo
1381 1139 1556 1245 pondere
1571 1136 1760 1243 lapidum
1783 1136 1863 1214 ocis
1878 1166 1938 1214 ca·

415 1380 421 1391 ,
511 1275 601 1355 lidie
613 1292 652 1352 et
664 1274 770 1381 igne,
786 1288 1029 1380 propterque
1044 1287 1254 1361 tomenta,
1270 1269 1440 1349 membre
1454 1268 1550 1351 dicti·
1559 1266 1661 1347 Petri
1674 1266 1770 1347 facto
1783 1266 1936 1347 literrmt

510 1404 738 1512 inpotencia
751 1420 790 1482 et
805 1403 973 1497 innuba,
987 1402 1090 1481 siout
1106 1402 1219 1488 dixit,
1236 1418 1277 1481 et
1294 1402 1427 1481 earnm
1445 1400 1643 1481 occuiono
1653 1416 1934 1479 tormentorum

511 1536 689 1644 expendit
706 1536 750 1615 in
765 1535 925 1618 medicis
943 1532 983 1613 'ot
1000 1534 1086 1613 eliis
1102 1532 1323 1618 noeueuriis
1338 1550 1528 1613 trecentus
1544 1528 1663 1611 libius
1675 1534 1932 1622 Turonenses,

511 1666 610 1745 sicut
635 1665 747 1755 dixit,
768 1666 940 1773 petentis
959 1663 1120 1744 curiales
1144 1680 1361 1746 nottmsst
1385 1662 1479 1748 alios
1502 1664 1677 1771 ueprius
1701 1658 1933 1751 nominatus,

513 1826 583 1904 pro
598 1797 774 1904 dumpniu
790 1796 863 1877 sibi
882 1796 1013 1885 illatis,
1033 1795 1310 1903 condempnari
1325 1795 1366 1873 in
1384 1794 1563 1876 trecentis
1579 1792 1687 1873 libris
1701 1792 1934 1873 tutonensi-

512 1928 601 2018 bus,
616 1946 655 2006 et
665 1927 738 2005 sibi
752 1928 945 2007 emendari
958 1928 1142 2038 predicta,
1158 1946 1273 2035 prout
1285 1944 1384 2007 essct
1394 1952 1605 2008 consonum
1619 1924 1935 2033 adnuimusque

513 2089 627 2167 super
644 2060 825 2167 predictis
844 2060 1146 2139 mandaverimus
1162 2060 1320 2168 inquiri:
1336 2059 1525 2149 Tandem,
1540 2058 1615 2136 visti
1635 2058 1805 2164 inqueste
1824 2084 1936 2164 super

514 2194 588 2270 hoc
606 2191 700 2269 facta
720 2209 759 2269 et
776 2190 976 2299 diligenter
995 2191 1218 2283 examinata,
1236 2190 1431 2269 inventurn
1447 2206 1504 2267 est
1522 2189 1628 2297 quod
1643 2189 1767 2268 dictus
1784 2189 1932 2281 Petrus,

514 2342 711 2405 tonsuram
732 2340 776 2403 et
789 2320 964 2402 habitum
988 2322 1162 2403 deferens
1182 2320 1389 2409 clericales,
1412 2350 1480 2428 per
1498 2323 1657 2399 Petrum
1676 2320 1725 2399 de
1749 2320 1931 2410 Cliniuco,

513 2454 764 2535 Guillelmum
785 2454 963 2563 Triligot‚
979 2458 1216 2535 Bernurdum
1237 2454 1465 2545 coniuncti,
1483 2454 1687 2533 servientes
1700 2468 1849 2531 nostros
1868 2452 1936 2530 ibi·

514 2586 623 2677 dem3
643 2586 754 2678 item,
775 2614 845 2694 per·
863 2586 1069 2667 Geraldum
1089 2587 1285 2665 Piscatoris
1304 2603 1344 2665 et
1362 2583 1613 2665 Guillelrnum
1628 2583 1677 2663 de
1696 2582 1932 2673 Geneberiis

513 2717 693 2823 predictis
706 2733 745 2795 ct
758 2717 844 2797 eliis
855 2718 1058 2826 generibus
1070 2734 1350 2797 tormentetum
1366 2718 1488 2795 extitit
1499 2732 1766 2805 tormentatus,
1783 2733 1935 2825 propter

513 2848 622 2955 quod
640 2848 797 2928 eosdem
817 2848 1179 2955 condempnavimus
1199 2876 1242 2927 ec
1261 2849 1379 2927 ettam
1398 2846 1723 2954 condempnemus
1740 2846 1791 2925 ad
1809 2873 1936 2925 emen-

515 2978 603 3055 dam
618 2977 873 3084 pecuniarium
884 2978 997 3056 nobis
1012 2997 1052 3057 et
1065 2979 1170 3058 dicto
1182 2980 1293 3058 Petro
1308 2976 1528 3058 Tbolosano
1541 2979 1799 3086 praetendam,
1816 2994 1935 3057 unan-

515 3109 604 3189 datu
623 3136 709 3185 curu
742 3107 790 3186 de
816 3110 1023 3216 quantitate
1047 3111 1240 3189 bonorum
1263 3109 1466 3219 cujuslibet
1484 3110 1654 3217 ipsorum
1672 3108 1859 3188 fuerimus
1882 3112 1933 3187 in·

513 3239 682 3329 formati3
696 3240 872 3347 quocirca
886 3243 1112 3321 mandemus
1124 3240 1229 3319 vobis
1239 3241 1421 3347 quatinus
1431 3239 1634 3348 diligenter
1647 3265 1713 3319 ros
1726 3239 1935 3320 informetis

515 3370 562 3447 de
590 3368 797 3477 quantitate
823 3370 1014 3450 bonorum
1042 3372 1230 3451 dictorum
1260 3372 1640 3479 condempnatorum
1671 3372 1780 3463 item,
1808 3389 1933 3451 contin

513 3500 733 3607 magistrum
758 3502 1028 3608 berengerium
1056 3503 1104 3582 de
1132 3502 1317 3591 Galliaco,
1339 3500 1550 3581 Arneldtun
1574 3500 1624 3594 de
1651 3500 1875 3581 Geneberiis
1899 3520 1935 3581 et

516 3630 739 3720 nautum,
756 3631 840 3738 ejus
856 3628 998 3721 filium,
1014 3633 1258 3714 Remundum
1272 3631 1310 3711 lc
1321 3631 1455 3723 Greia,
1472 3631 1705 3711 rouomium·
1711 3630 1934 3709 servientem

512 3760 746 3849 ville-Nove,
768 3758 997 3852 Arnaldum,
1016 3762 1200 3844 nuncium
1221 3762 1311 3840 dicti
1328 3761 1565 3869 Berengerii‚
1592 3760 1762 3843 Jotinum
1776 3762 1935 3841 <cautius

513 3916 609 3995 quos
634 3889 759 3967 dictus
788 3891 920 3971 Petrus
944 3890 1095 3973 duxerit
1119 3888 1394 3986 nominandos,
1422 3894 1560 3975 vocetis
1583 3892 1673 4000 ipsis
1697 3908 1735 3970 et
1759 3889 1845 3969 aliis
1870 3894 1935 4000 qui
2075 3903 2080 3917 '

512 4018 654 4101 bieriut
681 4018 880 4112 evocandi,
908 4039 947 4103 et
967 4041 1083 4131 prout
1107 4025 1159 4107 ed
1183 4052 1253 4105 vos
1266 4026 1444 4107 noveritis
1467 4024 1657 4133 pertinere
1684 4023 1733 4103 de
1757 4023 1935 4131 predictis

512 4152 712 4234 tormentis
736 4151 837 4235 dicto
856 4156 969 4234 Petro
993 4154 1124 4245 illatis,
1147 4156 1352 4263 diligenter
1369 4157 1563 4237 veritatem
1582 4155 1798 4263 inquiratis;
1824 4156 1931 4243 itm,

513 4276 725 4361 informetis
753 4314 819 4365 vos
851 4287 900 4365 de
926 4285 1135 4395 quontitate
1165 4286 1357 4370 bonorum
1384 4288 1555 4396 ipsorum
1584 4304 1623 4369 et
1650 4287 1814 4375 eliorum
1839 4314 1934 4393 quoe

513 4441 626 4521 super
645 4414 720 4492 hiis
739 4415 946 4525 culpabiles
964 4418 1198 4512 inveneritis,
1220 4436 1258 4499 et
1277 4420 1431 4500 interim
1449 4420 1551 4502 bona
1570 4418 1935 4526 predictorumeon-

515 4543 804 4652 dempnatorum
824 4566 863 4627 et
882 4549 1130 4656 culpabilium
1151 4552 1277 4631 omnia
1298 4553 1346 4629 ad
1366 4574 1522 4631 menum
1544 4567 1712 4628 nostram
1731 4550 1880 4659 ponatis
1899 4564 1934 4624 et

515 4673 669 4753 eosdem
689 4694 816 4783 captos
834 4680 1008 4773 teneatis,
1030 4677 1172 4789 absque
1190 4681 1362 4789 periculo
1381 4709 1582 4789 corporum
1603 4698 1641 4764 et
1658 4680 1930 4767 membrorum,

515 4828 713 4909 quousque
727 4806 833 4886 aliud
852 4837 873 4886 a
891 4808 1004 4888 nobis
1019 4812 1237 4919 receperitis
1253 4813 1292 4893 iu
1308 4813 1514 4904 mundatis,
1535 4828 1652 4921 prout
1663 4829 1790 4899 temen
1809 4810 1858 4891 ad
1872 4838 1933 4896 vce

513 4931 691 5014 noveritis
706 4933 914 5039 pertinere,
935 4954 975 5015 et
992 4939 1173 5047 quicquid
1187 4962 1300 5048 super
1317 4939 1390 5021 hoc
1406 4940 1569 5022 feceritis
1581 4942 1761 5049 gentitus.
1776 4940 1929 5033 nestris.

513 5062 675 5140 Parisios
693 5064 952 5158 existentibus,
974 5062 1387 5162 celeriterrescribatis.
1430 5134 1440 5157 .
