4450 6209
518 731 589 804 ddi
1095 726 1185 801 LES
1215 724 1358 799 Ohlhl.

291 883 476 947 verumtv.
571 870 678 951 Creci
700 868 913 977 reportavit.

351 974 415 1019 Μ
572 1002 676 1081 lstud
695 1000 910 1110 judicatum
933 1026 980 1075 ex
998 1024 1107 1077 causa
1135 1024 1212 1074 non
1235 994 1309 1073 luit
1326 994 1581 1102 publicatam,
1606 1022 1677 1073 nec
1700 997 1749 1073 de
1778 997 1853 1074 hoc
1877 998 1938 1076 liat

517 1135 640 1213 littera
659 1133 715 1211 ad
727 1160 893 1240 presens.
916 1130 977 1209 Sic
995 1128 1164 1236 precepit
1182 1127 1296 1207 michi
1317 1128 1500 1205 domiuus
1519 1126 1565 1207 G.
1587 1127 1637 1203 de
1656 1129 1876 1237 Negareto¹.

573 1400 650 1477 XV.
682 1332 779 1475 Cum
804 1394 1012 1500 cepitidum
1040 1409 1078 1469 et
1102 1408 1233 1471 cantor
1258 1390 1606 1469 Sancti-Frontonis
1631 1392 1939 1501 Petragoriceosis

517 1528 630 1607 nobis
640 1526 839 1635 conquesti
855 1524 1013 1603 luissent
1027 1525 1148 1632 quod,
1167 1522 1256 1601 licet
1271 1524 1318 1603 ab
1332 1522 1527 1601 audiencia
1540 1522 1647 1601 curie
1658 1522 1829 1601 celerarii
1844 1524 1936 1603 dicta

517 1660 688 1750 ecclesie,
710 1686 785 1766 epae
805 1673 958 1735 tenetur
977 1659 1016 1735 in
1037 1656 1232 1762 parrochia
1251 1655 1598 1735 Sancti-Frontonis
1617 1654 1795 1762 predicti,
1814 1654 1863 1733 ad
1877 1686 1936 1733 au-

518 1793 705 1872 dienciam
720 1790 824 1866 curie
840 1787 930 1865 dicti
945 1786 1116 1895 capituli,
1131 1786 1366 1865 consueverit
1381 1784 1578 1893 appellaui,
1591 1786 1793 1893 ipsumque
1806 1788 1938 1893 capitu

518 1924 600 2003 lum
626 1952 646 1999 a
666 1938 771 1999 tanto
791 1938 960 2025 tempore
981 1918 1029 1996 de
1050 1918 1157 2027 cnjus
1175 1918 1363 1997 contrado
1381 1916 1566 1997 memoria
1585 1944 1663 1997 nou
1681 1918 1822 2008 existit,
1840 1920 1887 1997 sit
1902 1936 1938 1997 et

518 2053 633 2133 hierit
656 2054 696 2131 in
720 2052 954 2159 possessione
980 2048 1131 2157 pacifica
1156 2050 1410 2159 cognoscendi
1430 2050 1478 2127 de
1503 2049 1624 2127 musis
1642 2048 1937 2156 appellacionum

519 2185 739 2293 hujusmodi
765 2201 804 2261 et
832 2181 1044 2259 diffiniendi
1070 2181 1239 2273 easdem,
1265 2198 1308 2259 ut
1333 2181 1483 2271 dicunt,
1509 2180 1752 2288 inquisitores
1775 2209 1938 2287 nupera

520 2316 631 2395 nobis
651 2314 689 2392 in
709 2313 927 2391 senescallia
945 2312 1241 2420 Petragoricensi
1261 2311 1432 2417 deputati
1452 2312 1718 2405 inhibuerunt,
1732 2330 1777 2389 ut
1792 2312 1935 2401 dicitur,

386 2508 390 2515 .
519 2446 744 2553 generaliter
764 2463 802 2523 et
822 2446 870 2523 de
890 2472 1003 2534 novo,
1023 2444 1104 2522 sine
1125 2470 1234 2522 causa
1257 2442 1493 2531 rationabili,
1514 2470 1563 2521 ne
1585 2442 1635 2520 de
1655 2460 1781 2521 cetero
1799 2472 1820 2521 a
1840 2444 1937 2521 curia

520 2577 688 2655 celererii
705 2576 860 2682 predicti
873 2576 922 2652 ad
934 2573 1076 2653 curiam
1091 2573 1184 2651 dicti
1199 2573 1351 2678 capituli
1364 2572 1587 2680 appelletur,
1602 2590 1656 2665 et,
1669 2573 1937 2680 siappellamm

521 2706 649 2796 suerit,
670 2706 877 2813 appellacio
897 2703 1116 2813 hujusmodi
1135 2703 1278 2781 nullius
1296 2705 1346 2782 sit
1364 2704 1564 2795 momenti3
1586 2704 1694 2794 item,
1717 2706 1840 2812 qnod,
1857 2705 1939 2785 licet

520 2866 634 2943 super
653 2836 949 2915 alienaciouibus
968 2864 1096 2913 rerum
1114 2834 1389 2923 immobilium,
1416 2834 1573 2913 sitarum
1592 2834 1689 2913 inira
1712 2864 1842 2915 mitres
1860 2866 1939 2944 pre-

521 2966 619 3045 dicte
639 2966 853 3073 parrochie,
873 2964 1136 3043 consueverint
1149 2962 1233 3043 lieri
1251 2964 1375 3043 littere
1392 2964 1681 3055 testimoniales,
1695 2965 1809 3045 unico
1821 2966 1938 3074 sigillo

520 3096 610 3175 dicti
629 3095 784 3204 capituli
803 3123 871 3201 per
888 3124 1043 3174 manum
1063 3095 1224 3173 cantoris
1242 3095 1415 3203 ejusdem
1429 3094 1586 3175 ecclesie
1607 3095 1782 3206 sigillate,
1804 3098 1939 3204 quibas

521 3227 654 3305 litteris
676 3227 877 3306 adhibetur
896 3244 934 3304 et
958 3226 1139 3305 hactenus
1157 3225 1333 3305 adhiberi
1357 3226 1552 3305 consuevit
1569 3225 1682 3333 plena
1705 3227 1805 3306 fides
1828 3228 1867 3305 in
1880 3228 1939 3335 ja·

521 3358 627 3439 diciis
646 3378 685 3440 et
707 3376 822 3451 extra,
844 3376 1048 3466 cantorque
1072 3359 1263 3465 predictus
1288 3358 1591 3438 emolumenturn
1617 3358 1708 3436 dicti
1731 3358 1860 3467 sigilli,
1887 3385 1939 3435 ra-

519 3492 627 3569 cione
649 3492 896 3570 succentoris
916 3507 956 3567 et
974 3518 1050 3567 nou
1071 3490 1241 3597 capituli,
1260 3491 1453 3597 percipere
1472 3489 1708 3569 consueverit
1722 3490 1770 3567 de
1786 3490 1938 3598 antiqua

520 3640 558 3699 et
577 3623 779 3730 approbata
794 3621 1091 3710 consuetudine,
1114 3639 1157 3699 ut
1175 3622 1307 3699 asserit
1322 3622 1425 3698 idem
1444 3639 1586 3713 cantor,
1607 3648 1629 3697 a
1648 3637 1753 3699 tauto
1771 3636 1936 3729 tempore

521 3754 570 3831 de
589 3753 697 3860 cujus
716 3753 904 3830 contrario
927 3753 1109 3831 memoria
1129 3780 1208 3830 non
1226 3752 1371 3843 existit,
1392 3753 1485 3830 dicti
1504 3752 1748 3860 inquisitores
1764 3753 1938 3834 inhibue-

519 3900 625 3975 runt,
646 3900 689 3959 ut
711 3884 861 3972 dicitur,
882 3882 987 3959 etde
1008 3910 1123 3972 novo,
1150 3912 1198 3961 ne
1218 3884 1467 3961 instrumenta
1485 3912 1599 3991 super
1618 3883 1838 3991 hujusmodi
1857 3884 1937 3961 alie·

520 4012 741 4091 nacionibus
759 4042 885 4089 rerum
906 4014 1161 4095 immobilium
1181 4015 1278 4092 dicte
1295 4013 1382 4093 ville
1400 4014 1526 4121 sigillo
1547 4014 1637 4095 diei
1654 4014 1809 4121 capituli
1829 4015 1937 4094 unico

521 4144 697 4252 deinceps
720 4143 948 4254 sigillentur;
973 4146 1081 4237 item,
1108 4146 1230 4252 quod,
1259 4145 1349 4224 licet
1369 4146 1584 4254 jurisdictio
1611 4147 1828 4253 temporalis
1854 4146 1938 4226 ville

519 4273 989 4355 Podii·Sancti-Frontonis
1011 4277 1327 4385 Petragcriceusis
1349 4278 1389 4355 in
1413 4278 1534 4357 camis
1557 4276 1729 4357 civilibus
1753 4295 1793 4356 et
1814 4278 1939 4357 crimi-

515 4405 669 4491 nalibus
689 4405 800 4484 nobis
818 4425 855 4484 et
874 4406 974 4487 dicto
993 4408 1160 4513 capitulo
1174 4437 1243 4515 pro
1260 4407 1420 4487 indiviso
1437 4408 1488 4486 sit
1499 4407 1729 4499 communis,
1744 4437 1889 4515 uosque
1903 4426 1940 4486 et

519 4536 641 4641 ipsum
663 4537 870 4644 capitulum
892 4539 1010 4619 simus
1032 4557 1069 4623 et
1089 4538 1272 4618 fuerimus
1289 4540 1330 4615 in
1350 4540 1582 4646 possessione
1602 4540 1755 4617 creandi
1774 4540 1940 4617 notarios

518 4665 691 4769 publicos
713 4669 761 4746 ed
785 4670 1063 4749 conficiendum
1088 4670 1231 4749 litteras
1252 4690 1290 4751 et
1308 4672 1555 4750 instrumenta
1574 4671 1727 4778 publica
1744 4657 1942 4778 sigillanda

519 4798 642 4905 sigido
658 4804 849 4884 communi
872 4804 981 4883 nubis
999 4824 1038 4883 et
1055 4805 1221 4913 capitulo
1236 4814 1459 4898 memorato,
1476 4804 1692 4911 litterasque
1706 4802 1936 4882 concedendi

563 4980 570 5011 ¹
596 4983 640 5042 En
658 4980 737 5054 effet,
758 5008 790 5047 ce
803 4989 958 5071 jugement
974 5002 1018 5051 est
1033 4990 1118 5053 barre
1132 4989 1192 5052 die·
1267 4942 1411 5076 premiere
1419 4990 1529 5076 syllabe
1539 5002 1584 5051 est
1598 5012 1636 5051 aa
1649 5000 1934 5050 commencementet

519 5086 706 5170 gonalement
725 5110 793 5153 avec
812 5090 841 5152 le
865 5107 926 5155 mot
945 5116 1045 5163 vicar,
1068 5096 1141 5156 dont
1162 5094 1191 5156 la
1267 5096 1294 5156 la
1310 5096 1442 5158 derniere
1456 5094 1471 5155 l
1484 5095 1513 5156 la
1527 5094 1569 5154 lin
1584 5092 1661 5155 dela
1673 5090 1834 5175 diagonalea
