4450 6209
495 714 566 791 too
1073 703 1169 781 trs
1194 701 1334 780 ΘΗΜ.

260 863 450 925 rurrcrvtv.
490 869 625 942 ventus
645 851 693 930 dc
713 849 943 938 Marchanis,
964 863 1094 928 contra
1119 847 1300 927 comitum
1322 847 1492 933 limonio
1516 865 1555 926 et
1572 847 1655 956 ojus
1674 865 1826 957 gentes,
1848 848 1920 928 lac

322 958 385 1008 tato.

489 1005 568 1074 tam
593 1013 663 1092 per
686 982 923 1091 prepositum
950 979 1312 1075 Sancti-Quintini,
1343 1009 1457 1087 snper
1482 979 1712 1088 quibusdum
1735 981 1861 1086 prisiis
1883 1000 1921 1062 ct

489 1115 740 1206 novitatibus,
763 1115 812 1195 de
831 1112 973 1221 quibm
992 1113 1083 1192 dicti
1102 1112 1271 1220 religiosi
1289 1112 1630 1220 conquerebantur,
1650 1111 1834 1220 petebant
1851 1113 1920 1220 ipsi

488 1249 655 1358 religiosi
671 1248 789 1329 vidsri
805 1265 844 1325 ct
854 1245 1036 1355 judicasi3
1051 1273 1073 1324 e
1086 1263 1217 1325 contra
1230 1261 1455 1354 procurator.
1466 1243 1559 1326 dicti
1571 1244 1737 1334 comitis,
1749 1244 1920 1352 pluribus

488 1380 723 1470 racionibus,
733 1379 981 1488 petebatoasn
994 1377 1199 1459 annullari:
1215 1377 1365 1461 Auditis
1375 1375 1590 1485 igiturhinc
1601 1377 1692 1459 inde
1703 1377 1917 1484 propositis,

485 1543 555 1623 per
565 1529 752 1600 arrestum
768 1529 899 1591 nostre
919 1511 1035 1600 curie,
1054 1509 1199 1592 dictum
1217 1509 1409 1618 luitquod
1422 1508 1644 1592 informatio
1656 1509 1829 1618 predicta
1844 1537 1917 1590 uon

481 1645 732 1756 judicabitur,
753 1661 792 1724 st
809 1643 923 1722 ambe
941 1658 1067 1750 partes
1085 1671 1200 1749 snper
1218 1641 1293 1722 biis
1312 1670 1388 1750 quo
1409 1670 1485 1726 uua
1503 1659 1635 1723 conus
1653 1641 1766 1722 alium
1782 1669 1920 1748 propo-

485 1806 582 1859 nere·
596 1776 788 1859 voluerint
810 1775 1029 1867 audientur,
1060 1791 1100 1860 et
1122 1775 1190 1856 fiet
1209 1776 1290 1884 jusi
1313 1789 1353 1856 ot
1376 1803 1490 1880 snper
1512 1775 1651 1882 injuria
1675 1790 1714 1856 et
1738 1772 1919 1852 violencia

485 1909 580 1986 sacta
599 1909 776 1992 servienti
797 1906 947 1991 nomint
958 1906 1072 2016 Regis
1086 1937 1155 2014 per
1169 1905 1416 1989 nncttunn
1439 1906 1487 1988 de
1505 1905 1688 1996 Bodtain,
1705 1922 1750 1987 ut
1769 1905 1916 1998 dicitnr,

486 2042 627 2126 sciatur
646 2040 801 2131 veritas,
823 2057 863 2120 et
879 2039 1062 2148 punietur
1079 2054 1198 2148 prout
1212 2035 1328 2120 luerit
1346 2037 1519 2122 racionis

544 2177 654 2256 Lune
672 2190 760 2282 post
773 2171 1007 2256 Brandones.

541 2440 701 2522 XXVIU.
732 2439 832 2518 Cum
847 2439 950 2519 inter
962 2436 1162 2544 religiosos
1175 2436 1277 2518 viros
1289 2435 1515 2516 abbatemet
1529 2454 1759 2520 warantum
1773 2465 1920 2516 monas-

486 2571 573 2656 terii
595 2569 1134 2665 Sancti-Quintini-inlnsula,
1160 2597 1205 2650 cr
1224 2597 1300 2650 una
1323 2586 1444 2676 pute,
1467 2585 1505 2650 at
1523 2569 1706 2680 majoram
1723 2586 1761 2648 ct
1773 2570 1921 2678 jruutos

486 2703 573 2784 ville
589 2701 926 2796 SanctiQuistini,
939 2731 986 2782 aa
1004 2701 1134 2790 altera,
1154 2729 1268 2808 super
1280 2719 1446 2812 quatuor
1463 2700 1634 2784 articulis
1649 2701 1746 2782 infra
1764 2729 1924 2808 sequen·

485 2835 592 2918 tibus
621 2832 873 2917 controversia
901 2848 1006 2914 mota
1030 2831 1179 2922 luissst,
1210 2832 1322 2916 dictis
1344 2833 1530 2944 religiosis
1558 2833 1770 2916 dbenbbus
1792 2831 1918 2940 quod.

489 2995 578 3050 cum
604 2964 675 3070 ipsi
700 2979 828 3047 essent
850 2980 889 3043 st
910 2963 1135 3046 fuissentin
1158 2965 1295 3046 saisina
1318 2965 1489 3072 piscandi
1516 2965 1554 3044 in
1582 2966 1691 3074 aquis
1716 2965 1796 3045 suis
1821 2963 1922 3071 apud

491 3096 942 3191 Sanctum-Quintianus,
968 3112 1084 3204 prout
1105 3125 1147 3178 sc
1177 3115 1431 3204 compactam,
1457 3099 1589 3208 major,
1613 3099 1731 3209 jurati
1756 3115 1795 3180 et
1819 3126 1921 3180 com·

490 3230 621 3314 munis
639 3229 728 3310 ville
757 3228 1069 3336 predictadiotos
1094 3227 1293 3339 religiosos
1315 3231 1355 3308 in
1380 3230 1481 3312 dicta
1502 3231 1638 3312 saisina
1656 3230 1826 3339 piscandi
1855 3229 1922 3309 irn-

489 3361 697 3470 pediobant
715 3360 855 3470 injuste
877 3378 928 3440 st
939 3363 992 3443 do
1003 3389 1121 3451 novo,
1141 3361 1280 3444 vadum
1301 3361 1661 3446 denovolacisndo
1677 3380 1718 3445 st
1730 3362 1836 3444 licias
1853 3361 1922 3443 ibi-

490 3496 580 3576 deru
603 3494 808 3601 ponendor
836 3512 1089 3602 pctcncstqus
1121 3493 1410 3602 dicti.acligiosi
1435 3495 1582 3577 dictura
1606 3495 1921 3603 impedimentosa

490 3626 670 3715 amoveri,
688 3643 727 3702 et
746 3652 811 3703 eos
829 3626 871 3702 in
887 3625 987 3704 dicta
1000 3626 1136 3704 saisina
1155 3625 1310 3733 pacifice
1326 3627 1468 3717 teneri3
1484 3626 1668 3734 predictis
1682 3627 1844 3737 majore,
1861 3626 1921 3733 ju-

490 3758 580 3835 ratis
595 3773 634 3834 et
648 3757 869 3835 communia
883 3758 1114 3835 contrarium
1135 3757 1404 3848 asserentibus,
1422 3775 1461 3838 et
1474 3759 1695 3866 petentibus
1707 3789 1729 3838 a
1742 3757 1920 3868 predictis

491 3916 530 3966 sc
551 3887 713 3967 absolvi:
732 3888 819 3969 Visa
845 3889 1019 3996 inquesta
1047 3919 1160 3996 super
1185 3890 1259 3968 hoc
1286 3891 1334 3967 dc
1363 3891 1541 3970 mandato
1565 3908 1695 3971 nostro
1721 3889 1834 3980 facta,
1855 3917 1921 3996 per

492 4018 744 4103 curtonosoc
758 4019 951 4129 judicto-n
968 4021 1116 4104 dictam
1134 4020 1207 4104 tuit
1226 4023 1576 4128 etpronunctatun
1593 4023 1710 4104 dican
1731 4023 1837 4105 ticin
1858 4022 1920 4102 ds

491 4149 582 4236 bore
602 4150 694 4235 inde
714 4153 895 4241 amoveri„
917 4169 956 4234 et
972 4153 1101 4260 dictos.
1114 4153 1314 4259 mugiosoa
1338 4153 1379 4235 in
1403 4154 1637 4260 possessione
1660 4153 1829 4263 prodicta
1848 4153 1921 4260 pis-

492 4282 601 4359 candi
626 4284 782 4390 pacifice
809 4285 950 4363 debere
975 4285 1110 4362 teneri.
1138 4284 1239 4363 Dicti
1263 4302 1393 4363 tamen
1412 4286 1546 4394 major,
1562 4286 1678 4396 jurati
1697 4303 1737 4370 ot
1754 4314 1921 4370 nummu·

376 4446 378 4449 ·
492 4414 569 4502 nia,
586 4443 657 4521 pro
671 4415 834 4493 utilitato
855 4416 1067 4506 communi,
1089 4417 1343 4495 remanebunt
1361 4417 1401 4494 in
1420 4418 1554 4496 saisina
1570 4419 1659 4496 dicti
1675 4417 1774 4509 vadi3
1791 4445 1918 4496 verum

492 4545 523 4624 si
540 4546 926 4653 aliquodpcricnlunr
946 4565 1101 4654 propter
1114 4549 1257 4631 leuant
1270 4549 1331 4631 vel
1342 4548 1454 4630 aliam
1465 4550 1608 4658 justam
1622 4572 1772 4634 mun
1790 4549 1832 4628 in
1852 4577 1920 4626 usu

493 4675 585 4760 dicti
602 4676 686 4757 vadi
711 4678 933 4769 innunt,
951 4679 1015 4764 vol.
1027 4680 1310 4766 racionabilitsr
1328 4680 1520 4771 timeatur,
1541 4681 1685 4765 dictum
1709 4679 1920 4786 periculum

493 4806 728 4885 amovebitur
752 4839 822 4916 per
840 4839 930 4889 eum
957 4812 1024 4919 qui
1045 4811 1237 4920 justiciam
1265 4811 1380 4890 habet
1404 4813 1445 4889 in
1470 4812 1571 4896 dioto
1590 4813 1706 4898 vnde:
1732 4811 1764 4894 si
1794 4828 1919 4894 autom

494 4935 688 5043 negligens
706 4939 764 5016 vel
791 4941 831 5017 in
851 4941 1002 5020 delectu
1026 4941 1142 5020 fuerit
1162 4942 1394 5050 justiciarius
1412 4943 1624 5051 predictus,
1653 4973 1720 5052 per
1737 4942 1917 5021 ballivum

493 5087 667 5156 nostrum
685 5070 1023 5162 viromandensem
1041 5075 1326 5179 providebitur,
1344 5076 1394 5160 ita
1418 5077 1522 5184 quod
1552 5104 1645 5157 usus
1663 5075 1752 5158 dicti
1770 5072 1855 5152 vadi
1874 5073 1918 5151 sit
