4450 6209
751 760 1018 871 nNQotrns
1043 780 1109 853 nr
1136 766 1343 856 esoces.
1683 794 1757 865 ecc

392 916 451 991 lll·
483 918 582 999 Cant
594 921 818 999 senescallus
834 921 1149 1030 Petregoricensis
1159 923 1393 1000 &nardum
1409 922 1584 1015 donaldi,
1600 929 1759 1009 Gsillcr·
1797 946 1925 1001 Pmcrm
1940 949 1981 1012 W,

337 1044 428 1121 dum
444 1046 491 1126 de
502 1050 647 1139 Penna,
662 1049 811 1141 fratres,
830 1068 1015 1129 eteorum
1036 1070 1244 1144 consortes,
1258 1052 1429 1145 clericus,
1447 1084 1518 1162 pro
1530 1059 1757 1165 quibusdam
1857 1038 1921 1082 ’Μ’

337 1180 548 1260 excessibus
568 1182 802 1262 denuncietis
821 1200 947 1261 contra
972 1184 1088 1291 ipsos,
1113 1187 1155 1260 in
1178 1184 1290 1264 certis
1313 1188 1558 1292 pecuniosam
1582 1194 1755 1282 srunmis,

336 1324 411 1384 tam
426 1313 535 1389 nobis
549 1343 661 1420 quam
685 1313 1018 1415 denunciatoribus
1037 1313 1242 1404 solvendis,
1264 1319 1540 1397 sentencialiter
1553 1323 1757 1430 condemp
1839 1306 1843 1320 ’

337 1456 474 1533 nasset,
499 1445 740 1524 decernendo
758 1446 857 1525 bona
878 1447 1046 1554 ipsorum
1065 1445 1206 1525 debere
1228 1448 1350 1525 teneri
1366 1466 1406 1526 et
1417 1450 1617 1557 explectari
1635 1482 1757 1561 usque

335 1575 382 1652 ad
394 1575 680 1679 satisfactionem
695 1578 1049 1686 condempoacionis
1060 1579 1228 1685 predicte
1241 1597 1279 1657 et
1289 1580 1359 1687 ipsi
1374 1582 1423 1658 ad
1435 1584 1575 1659 curiam
1591 1603 1757 1663 nostram

335 1734 454 1815 super
462 1702 538 1786 hoe'
548 1708 813 1817 appellassent,
832 1709 872 1785 in
889 1736 997 1787 musa
1017 1710 1121 1787 dicte
1130 1708 1416 1817 appellaeionis,
1429 1712 1558 1819 plures
1569 1706 1754 1806 raciones,

334 1840 373 1916 in
389 1856 515 1917 nostra
531 1840 648 1928 curia,
664 1840 843 1917 adfinem
860 1840 1054 1917 snullsndi
1071 1840 1470 1934 diotamsmteueiam,
1484 1849 1754 1953 propemodm

333 1996 409 2078 quo
433 1970 570 2049 debato
589 1971 785 2077 pendente
799 1988 901 2051 extra
919 1972 1038 2049 nostri
1053 2000 1247 2049 >caronam
1265 1974 1506 2079 parlamenti,
1525 1994 1653 2055 nostre
1674 1979 1757 2057 lue·

331 2120 421 2179 runt
438 2103 592 2180 obtente
612 2102 755 2191 littere,
777 2102 1012 2181 continentes
1031 2103 1326 2211 quodpredicts
1343 2108 1639 2215 condempnacio
1652 2138 1756 2189 inan-

332 2228 485 2313 deretur
502 2234 738 2325 executioni,
759 2262 921 2341 qaumm
941 2234 1206 2313 aecneionem
1221 2254 1353 2342 postes
1366 2240 1548 2344 suspendi
1563 2240 1755 2318 mandavi-

332 2394 418 2445 mus
440 2394 561 2474 usque
587 2366 812 2473 adpr'eseos
834 2365 1137 2472 pedamentum:
1163 2368 1351 2460 Tandem,
1377 2368 1479 2447 dicto
1501 2398 1682 2477 processo
1704 2374 1754 2450 ad

330 2496 659 2577 nostramcuriam
681 2512 889 2604 reportato,
911 2512 949 2574 et
967 2496 1095 2574 andita
1112 2497 1306 2577 relacione·
1318 2502 1574 2607 quomdam
1594 2504 1642 2581 de
1662 2530 1753 2599 con·¹
1799 2504 1804 2515 “

328 2630 476 2710 siliariis
489 2629 652 2721 nestris,
661 2654 787 2705 coram
802 2628 944 2735 quibus
963 2628 1109 2709 dieum
1120 2630 1324 2737 negocium
1337 2631 1458 2709 extitit
1471 2627 1667 2742 spicatum,
1686 2664 1754 2743 per

329 2761 431 2841 curie
448 2778 574 2839 nostre
592 2758 801 2866 judiciuin,
820 2760 1120 2867 condempnscio
1131 2761 1301 2867 predicte
1317 2779 1361 2840 et
1377 2790 1421 2841 ea
1437 2790 1515 2870 que
1537 2763 1676 2843 exinde.
1691 2794 1752 2843 se·

327 2910 417 3001 quta
439 2908 545 2980 sunt,
565 2888 722 2987 suerunt
747 2888 915 2973 totaliter
939 2890 1118 2984 auullste,
1145 2908 1185 2968 ct
1203 2893 1377 2999 precepit
1398 2892 1505 2971 curia
1526 2894 1752 3001 qnodbone

329 3052 477 3113 eorum,
498 3037 655 3130 propter
673 3021 752 3098 bec
765 3036 887 3126 capta,
909 3046 956 3098 es
974 3020 1124 3129 integre
1138 3022 1347 3101 reddum
1368 3024 1525 3102 eisdem.

383 3154 484 3234 lovis
501 3171 588 3261 post
606 3152 758 3230 octabu
776 3152 998 3259 Epiphanio.

382 3420 457 3497 llll.
486 3418 585 3503 Ctun
600 3417 704 3506 alias,
727 3414 996 3524 perjudicium
1016 3416 1123 3492 curie
1138 3433 1287 3506 nostre,
1303 3416 1498 3495 anisllatns
1511 3418 1644 3500 luisset
1664 3422 1751 3527 qni·

327 3550 418 3627 darn
438 3576 634 3658 processus
658 3573 782 3627 eorarn
810 3545 1001 3654 preposito
1027 3546 1245 3636 Parisieusi,
1267 3572 1385 3654 snper
1403 3548 1643 3654 proprietate·
1657 3578 1750 3657 que·

325 3680 499 3761 rumdam
525 3683 744 3771 domorum,
766 3680 921 3755 sitarum
944 3677 1127 3769 Parisios,
1145 3679 1186 3756 in
1207 3678 1290 3755 sico
1314 3678 1544 3785 qui-dicitnr
1562 3680 1664 3757 vicus
1679 3682 1749 3759 Ae

324 3812 562 3900 trebetensis,
580 3810 729 3891 habitus
741 3810 840 3887 inter
850 3810 1003 3891 Petrum
1017 3810 1069 3887 de
1078 3809 1224 3916 Gyemo
1237 3826 1276 3887 et
1286 3809 1460 3898 Marium
1477 3810 1560 3916 ejus
1575 3838 1748 3901 morem,

323 3959 490 4050 agentes,
510 3966 555 4018 en
574 3966 650 4018 uno
665 3959 787 4049 perte,
806 3957 847 4018 et
859 3941 1070 4019 lohannem
1087 3938 1372 4033 deblelcdtme,
1394 3939 1686 4031 defendentem,
1706 3968 1751 4019 es

324 4074 458 4163 altera,
481 4073 648 4179 dictique
667 4075 847 4182 conjuges
865 4074 1024 4178 peciam
1044 4089 1305 4178 rmpetrassent
1321 4102 1341 4149 a
1361 4070 1490 4161 nobis,
1505 4072 1612 4179 quod
1627 4072 1750 4149 dictus

322 4186 522 4312 processus
537 4203 670 4281 iterato
688 4203 882 4280 rideretur
897 4234 906 4279 :
922 4206 1012 4281 Viso
1024 4202 1142 4312 igitur
1155 4204 1311 4291 iterum,
1331 4203 1378 4279 ad
1392 4204 1614 4281 instanciam
1630 4203 1750 4280 dicto·
1896 4290 1900 4299 ‚

323 4360 412 4413 rom
432 4335 654 4443 conjugum,
679 4360 857 4441 processu
877 4333 1063 4440 predicto,
1089 4348 1129 4409 et
1149 4334 1291 4411 auditis
1303 4360 1423 4439 super
1444 4334 1519 4409 boc
1538 4332 1751 4420 nacionibus
1915 4377 1918 4383 ·

323 4466 491 4571 parcium
510 4465 782 4573 predictarum,
804 4491 876 4571 per
896 4465 1004 4541 curie
1022 4480 1154 4540 nostre
1163 4440 1369 4571 judicium,
1392 4464 1538 4542 dictum
1554 4462 1631 4539 luit
1647 4464 1751 4567 qued

323 4597 370 4672 ad
398 4590 585 4675 articulos
601 4596 689 4676 dicti
713 4624 924 4704 processus,
955 4594 1095 4702 quibus
1120 4595 1331 4702 reperietur
1353 4593 1575 4672 nonluisse
1595 4620 1751 4698 respon*

322 4755 423 4819 sum,
445 4727 736 4834 respondebitur
756 4725 966 4816 hincinde,
985 4742 1022 4802 et
1038 4724 1143 4833 quod
1161 4738 1278 4807 testes
1288 4724 1572 4833 super-negans
1583 4722 1751 4802 artimlis

321 4858 500 4965 predictis
520 4858 704 4936 dictarum
722 4858 908 4965 parcium,
930 4884 1043 4963 super
1060 4856 1201 4963 quibus
1216 4854 1416 4961 apparebit
1428 4856 1539 4963 ipsos
1550 4855 1752 4961 interroga·
1778 4850 1782 4858 ’

323 5008 381 5067 tos
401 5018 478 5067 non
496 4988 627 5079 luisse,
652 4990 792 5067 iterato
813 4986 1138 5076 exannnshuntnr,
1160 4985 1449 5064 remanentibus
1457 4984 1664 5063 samonio·
1676 5013 1749 5063 suo

322 5121 446 5198 valore
471 5118 641 5227 capitulis
665 5120 746 5198 aliis
767 5119 858 5197 dicti
879 5145 1074 5227 processus
1099 5144 1225 5196 coram
1248 5116 1349 5195 dicto
1367 5118 1559 5224 preposito
1579 5114 1746 5225 agitatis3
