4450 6209
736 704 1008 815 nuootvss
1031 722 1096 796 nr
1123 702 1329 799 uaoons.
1668 716 1746 797 sss·

322 870 440 979 ipsius
457 866 642 977 Aymerioi
661 885 701 945 et
718 868 919 951 hominum
939 892 1096 943 suorum
1111 864 1370 972 prejudicium
1392 863 1684 961 nontmodicum
1705 882 1743 942 et
1778 872 1907 931 earnm
1920 876 1963 940 lt.

319 1028 535 1108 gravamem
556 999 656 1078 dicto
670 997 853 1078 Gaulrido
868 998 908 1074 in
925 996 1155 1074 contrarium
1171 994 1589 1085 asserentc,·et·diosnte
1605 1022 1644 1071 se
1660 1022 1744 1111 pre·
1830 1104 1833 1109 Ι

320 1132 420 1213 dicta
438 1131 540 1210 bona
558 1130 639 1208 rite
650 1147 689 1207 et
702 1130 804 1236 juste
822 1128 960 1205 levasse
979 1144 1019 1205 et
1032 1135 1163 1245 securri
1177 1145 1399 1235 asportasse,
1417 1144 1526 1227 etse,
1546 1142 1744 1233 sqaratuor

1839 966 1902 1011 lm.

320 1263 431 1339 annis
450 1260 560 1349 citra,
583 1288 664 1339 esse
685 1278 724 1339 et
739 1259 854 1338 luisse
875 1288 919 1337 ex
933 1258 1034 1367 justa
1052 1286 1161 1339 causa
1179 1260 1219 1335 in
1239 1258 1372 1335 saisina
1390 1258 1743 1365 levandipredictos

180 1386 184 1390 ’
322 1391 510 1483 redditus,
539 1390 678 1483 tallias,
704 1390 870 1498 explecta
895 1406 934 1467 et
960 1390 1059 1467 dicta
1084 1390 1233 1467 deveria
1258 1406 1453 1478 consueta,
1483 1406 1521 1465 et
1544 1417 1583 1467 se
1604 1418 1682 1467 esse
1705 1390 1742 1465 in

323 1523 459 1603 saisina
472 1551 496 1599 a
508 1522 612 1599 dioto
623 1538 796 1628 tempore
810 1521 1008 1599 exercendi
1020 1520 1132 1597 altam
1151 1538 1190 1597 st
1205 1516 1351 1597 bassam
1360 1520 1550 1626 justiciam
1571 1536 1609 1597 et
1623 1520 1745 1597 onini-

324 1653 475 1733 modam
489 1651 796 1761 jurisdictionem
813 1653 855 1729 iu
874 1652 984 1733 dictis
1004 1652 1145 1728 mansis
1164 1669 1203 1727 et
1217 1649 1555 1756 diotsparroehia:
1573 1650 1744 1730 Tandem

323 1785 499 1892 inquesta
516 1810 630 1889 super
645 1783 781 1861 hedde
795 1783 975 1861 mandato
993 1798 1124 1861 nostro
1142 1780 1238 1858 faeta
1255 1781 1329 1859 visa
1345 1798 1382 1859 et
1395 1780 1597 1887 diligenter
1611 1783 1747 1859 erasni-

324 1933 427 2005 nata,
449 1915 538 2024 quia
561 1914 759 1993 inventum
782 1931 840 1991 est
860 1913 1093 1992 sufficienter
1117 1912 1318 2020 probatum
1343 1912 1485 1991 dictum
1505 1912 1744 2021 Aymericum

188 2151 194 2162 ρ
325 2065 364 2127 ct
384 2046 668 2154 predecessores
691 2074 780 2125 suos
799 2074 880 2125 esse
898 2063 945 2123 ,et
962 2044 1077 2128 fuisse
1097 2044 1145 2123 ab
1162 2044 1320 2152 antiquo
1334 2045 1373 2120 in
1392 2043 1526 2122 saisina
1544 2043 1747 2150 premisso-

325 2206 427 2269 rum,
447 2196 487 2255 et
506 2177 649 2257 dictum
667 2176 891 2257 Gausridum
912 2195 951 2256 et
968 2194 1219 2287 gentes-suas,
1235 2176 1353 2283 ipsius
1379 2175 1534 2253 nomine
1560 2202 1626 2252 sau
1646 2202 1747 2253 man·

326 2309 427 2401 dato,
444 2310 529 2416 ipso
540 2327 664 2387 ratum
679 2310 857 2401 habente,
876 2325 1005 2388 contra
1017 2308 1335 2415 prohibicionem,
1354 2325 1431 2386 tam
1446 2306 1517 2385 sibi
1535 2334 1648 2413 quam
1663 2334 1747 2414 gen·

325 2439 429 2519 tibus
452 2441 545 2531 suis,
572 2470 617 2519 ex
644 2458 751 2547 parte
774 2458 918 2529 nostra,
944 2468 1014 2546 per
1039 2440 1244 2519 servientes
1268 2455 1416 2526 nostros
1442 2436 1595 2529 facmm,
1620 2438 1743 2544 ipsum

325 2570 565 2679 Aymericum
583 2588 622 2649 et
634 2589 766 2678 gentes
776 2600 864 2649 suas
877 2572 918 2647 iu
933 2571 1113 2678 predictis
1130 2568 1370 2677 impedivisse
1386 2584 1425 2646 et
1435 2567 1607 2645 turbasse
1619 2568 1747 2647 minus

320 2702 423 2810 juste
441 2721 483 2781 et
500 2703 580 2781 sine
605 2732 733 2793 causa,
752 2720 791 2781 et
807 2703 927 2781 multa
945 2703 1046 2779 bona
1065 2701 1182 2808 ipsius
1201 2700 1387 2809 Aymerici
1407 2718 1445 2779 et
1463 2698 1639 2806 gencium
1660 2728 1744 2778 sua·

325 2862 432 2924 rum,
461 2852 590 2913 contra
618 2834 756 2913 dictam
785 2834 1078 2922 iuhibicionem,
1110 2860 1180 2939 per
1206 2819 1430 2911 violenciam
1461 2856 1669 2931 armorum,
1693 2829 1748 2906 le·
1850 2846 1853 2855 “

326 2993 428 3045 vasse
443 2982 482 3043 at
493 2994 623 3044 secum
638 2983 860 3074 asportasse,
878 2994 999 3073 usque
1016 2964 1064 3042 ad
1078 2992 1253 3072 magnam
1264 2962 1474 3052 summam,
1493 2978 1530 3040 et
1543 2962 1747 3069 quamdam

326 3097 539 3188 hominem,
555 3099 778 3206 deputatum
791 3124 861 3204 per
872 3097 1077 3175 servientes
1095 3114 1243 3175 nostros
1262 3096 1312 3172 ed
1327 3094 1538 3172 custodiam
1556 3094 1747 3171 bonorum

326 3226 448 3334 ipsius
465 3227 652 3335 Aymerici
670 3228 950 3334 hominumque
968 3254 1145 3314 suorum,
1168 3243 1207 3303 et
1230 3224 1346 3303 eciam
1365 3222 1548 3329 quosdam
1569 3224 1660 3300 alios
1681 3224 1750 3301 ho·

326 3357 450 3437 mines
474 3358 564 3437 dicti
588 3357 776 3466 Ayrneriei
799 3357 960 3464 graviter
977 3355 1207 3445 vulnerasse,
1240 3371 1280 3432 et
1294 3353 1438 3431 'multas
1460 3353 1551 3429 alias
1575 3353 1747 3460 injurias,

327 3487 544 3580 violencias,
570 3488 720 3595 prisias,
744 3506 793 3572 et,
807 3488 970 3594 dampna
996 3486 1068 3563 alia
1081 3486 1163 3591 ipsi
1182 3484 1378 3593 Aymerico
1399 3501 1437 3560 et
1455 3482 1630 3591 gentibus
1652 3484 1747 3573 suis,
1808 3482 1813 3493 ’

327 3633 458 3697 contra
483 3618 620 3697 dictam
642 3618 932 3708 inhibicionem,
950 3646 1019 3725 per
1036 3615 1259 3695 violenciam
1281 3642 1476 3693 armorum
1503 3612 1690 3706 intulisse,
1711 3614 1749 3691 in

326 3765 586 3855 contemptum
609 3766 843 3830 nostramet
867 3748 955 3826 dicti
975 3747 1161 3857 Aymerioi
1180 3746 1458 3851 hominumque
1478 3772 1653 3836 suorum,
1671 3772 1749 3851 pre·

323 3879 514 3986 judicium
527 3908 605 3957 non
620 3881 814 3959 modicum
827 3898 869 3957 et
879 3908 1095 3989 gravamen,
1110 3895 1150 3955 et
1164 3878 1329 3986 quedam
1345 3875 1456 3955 verba
1477 3875 1749 3954 contumeliosa

328 4009 376 4085 de
396 4010 508 4088 uobis
531 4011 682 4100 dixisse,
700 4012 823 4091 dictus
840 4010 1061 4101 Gaufridus,
1082 4010 1232 4087 raoiona
1254 4006 1508 4114 predictarum
1528 4008 1748 4116 injuriarum

329 4157 368 4217 et
385 4140 671 4231 violenciamm,
690 4142 801 4220 nobis
820 4143 860 4218 in
881 4140 1033 4219 duobus
1051 4139 1221 4217 millibus
1240 4138 1347 4216 libris
1360 4138 1663 4225 Turonensibus,
1680 4166 1748 4242 pro

329 4272 489 4348 emenda
507 4290 650 4364 nostra,
669 4290 707 4350 et
725 4272 826 4349 disto
838 4271 1035 4379 Aymerico
1056 4287 1095 4349 et
1114 4269 1335 4349 hominibus
1351 4269 1429 4346 suis
1447 4270 1488 4346 in
1507 4267 1687 4345 sexcentis
1706 4267 1751 4343 li-

243 4486 246 4491 ,
327 4399 406 4478 bris
425 4403 729 4493 Turonensibus,
750 4430 819 4510 pro
837 4401 1010 4507 dampnis
1028 4402 1121 4493 suis,
1136 4400 1297 4508 injuriis,
1318 4399 1525 4505 deperditis
1540 4414 1579 4475 et
1593 4397 1747 4489 catallis,

329 4530 377 4609 de
402 4532 540 4639 quibus
559 4535 728 4615 constitit
739 4562 808 4640 per
826 4533 1038 4641 inquestam
1055 4532 1281 4639 predictam,
1300 4558 1369 4637 per
1387 4530 1491 4608 curie
1511 4546 1638 4607 nostre
1645 4527 1751 4635 judi-

330 4662 432 4739 cium
442 4665 898 4771 extitit-condempnatus,
915 4680 971 4753 et,
987 4692 1056 4771 per
1069 4663 1173 4741 idem
1182 4662 1389 4770 judicium,
1407 4661 1550 4738 dictum
1566 4658 1751 4765 luitquod

331 4792 619 4896 impedimenta,
633 4795 803 4905 apposita
815 4795 855 4871 in
868 4794 1047 4902 predictis
1060 4822 1129 4901 per
1142 4794 1287 4871 dietum
1302 4790 1525 4872 Gaulridtun
1539 4820 1606 4867 seu
1623 4807 1752 4899 gentes

332 4942 436 5012 suas,
450 4923 542 5003 inde
556 4926 839 5015 amovebuntur,
857 4925 1044 5032 peticione
1055 4924 1264 5035 levatorem
1281 4922 1451 5001 debonis
1467 4920 1750 5029 dietiAymeriei

336 5070 373 5129 et
389 5045 565 5161 gencium
583 5087 736 5138 suarum
749 5085 818 5163 per
833 5056 977 5135 dictum
988 5054 1217 5137 Gaufiidnm
1233 5072 1413 5165 etgentes
1433 5082 1535 5143 suas,
1553 5070 1750 5161 postquam

418 5228 473 5272 sss
494 5228 576 5273 οιιιι.
598 5231 645 5273 ιιι.
1586 5210 1623 5275 lta
