4450 6209
738 656 1008 767 nuootrns
1035 677 1100 748 nr
1127 659 1335 750 rnoons.
1675 673 1749 750 sae

325 822 478 900 testium
493 819 582 897 hinc
596 819 684 898 inde
698 819 911 926 propositis,
927 820 966 896 in
980 819 1144 926 quadam
1159 819 1230 896 alia
1242 847 1351 897 causa
1365 846 1440 925 que
1457 815 1600 923 pendet
1614 816 1653 893 in
1665 846 1751 896 nos·
1786 825 1917 880 rurum
1931 826 1973 889 lv,

323 969 380 1031 tra
395 951 497 1029 curia
516 951 613 1028 inter
631 979 809 1057 personas
829 950 1071 1058 superdictas.
1577 980 1581 990 ·
1711 945 1719 958 ’
1850 918 1912 961 Μ

381 1083 511 1162 Martis
526 1099 611 1188 post
629 1080 974 1162 Annunciacionem
994 1082 1235 1161 dominicam.

381 1218 491 1294 Facta
511 1231 569 1292 est
585 1215 817 1304 commissio,
838 1233 875 1295 et
893 1243 1091 1322 processus
1110 1216 1301 1293 remissus.

380 1478 503 1557 XLlV.
525 1477 638 1566 Cum,
652 1493 809 1582 exparte
822 1475 967 1554 abbatis
983 1494 1020 1555 et
1033 1495 1241 1555 conventus
1251 1475 1469 1555 monasterii
1481 1477 1758 1555 Sancti-iuliani

323 1609 572 1698 Turonensis,
593 1610 632 1685 in
652 1628 778 1687 nostra
795 1609 947 1715 speciali
967 1609 1094 1719 gardia
1114 1610 1375 1699 existencium,
1393 1610 1504 1688 nobis
1524 1627 1636 1698 esset,
1659 1612 1758 1716 gravi

324 1741 614 1847 conquestione,
638 1757 884 1818 monstratum
914 1741 1019 1847 quod
1038 1740 1166 1819 Guido
1187 1740 1455 1832 Garennarius,
1479 1758 1517 1818 et
1538 1741 1609 1818 alie
1629 1759 1758 1849 gentes

324 1873 468 1952 domini
493 1873 541 1948 de
560 1870 748 1962 Mallium,
765 1871 917 1949 fratrem
933 1871 1114 1950 Jacobum
1132 1871 1286 1962 Amant,
1312 1872 1541 1950 monachum
1567 1872 1656 1948 dicti
1678 1901 1759 1950 mo-

323 2004 493 2093 nasterii,
516 2021 713 2110 ceperunt,
736 2021 887 2110 captum
902 2033 1029 2081 secum
1047 2003 1236 2080 duxerunt
1254 2004 1300 2079 ad
1321 2005 1478 2081 domum
1502 2003 1590 2082 dicti
1613 2003 1755 2080 domini

323 2153 489 2244 vocatam
509 2134 711 2242 vulgariter
731 2136 1056 2241 Champchevrier,
1081 2152 1119 2211 et
1139 2135 1348 2213 Guillelmo
1370 2136 1417 2212 de
1438 2136 1593 2225 Rochis,
1612 2136 1756 2213 custodi

321 2267 445 2344 tocius
465 2283 565 2343 terre
582 2267 700 2372 ipsius
716 2266 860 2343 domini
877 2264 967 2342 dicti
989 2265 1075 2354 loci,
1092 2265 1332 2342 tradiderunt
1348 2266 1530 2356 eundem;
1548 2267 1614 2372 qui
1633 2285 1758 2344 custos

323 2397 469 2475 ibidem
490 2399 614 2504 ipsum
640 2396 777 2474 carceri
798 2397 1038 2503 mancipavit,
1058 2415 1096 2474 et
1115 2413 1245 2501 postea
1267 2398 1313 2474 de
1336 2399 1470 2476 eodem
1489 2398 1613 2503 ipsum
1638 2416 1757 2474 extra·

322 2529 435 2618 bens,
455 2547 493 2606 et
508 2529 680 2606 habitum
695 2528 955 2606 monachalem
971 2528 1043 2604 sibi
1058 2527 1249 2617 auferens,
1265 2529 1430 2606 eundem
1445 2531 1524 2606 sine
1540 2529 1673 2606 babitu
1686 2559 1756 2607 suo

322 2661 515 2739 transtulit
532 2662 580 2738 ad
598 2661 788 2768 quandam
810 2659 918 2736 aliam
937 2659 1027 2736 dicti
1045 2658 1189 2737 domini
1207 2660 1427 2766 prisionem,
1446 2660 1547 2766 apud
1567 2663 1757 2739 Veterem-

324 2792 600 2885 Molihernam‚
626 2810 663 2869 et
683 2791 816 2868 exinde
835 2808 965 2898 gentes
983 2791 1116 2897 prelati
1142 2792 1286 2870 domini
1311 2793 1435 2898 ipsum
1455 2791 1687 2869 monachum
1706 2793 1755 2869 de
1800 2888 1802 2891 Ι

322 2923 407 3004 loco
424 2925 472 3001 ad
483 2923 611 3002 locum
625 2923 912 3012 transtulerunt,
931 2939 968 3001 et
983 2940 1133 3030 captum
1149 2923 1215 3000 diu
1229 2940 1436 3000 tenuerunt
1450 2923 1490 3000 in
1506 2923 1591 3001 loco
1603 2924 1756 3028 penitus

322 3055 453 3162 ignoto
469 3055 654 3163 religiosis
673 3055 868 3161 predictis,
886 3054 994 3161 plura
1016 3055 1134 3131 eciam
1155 3055 1332 3160 dampna,
1353 3055 1562 3162 gravamina
1579 3072 1617 3132 et
1634 3083 1755 3133 exces-

321 3215 386 3263 sus
401 3186 494 3265 alios
514 3187 623 3264 dictis
642 3185 827 3292 religiosis
848 3203 1034 3263 eteorum
1052 3186 1279 3263 monasterio
1300 3185 1509 3263 intulerunt
1528 3185 1697 3263 indebite
1719 3206 1755 3263 et

321 3316 473 3423 injuste,
489 3317 658 3423 predicto
676 3317 833 3394 domino
848 3317 1046 3422 premissa,
1063 3335 1106 3393 ut
1127 3316 1274 3407 dicitur,
1288 3315 1371 3393 fieri
1390 3316 1563 3407 faciente,
1581 3345 1667 3408 seu,
1688 3346 1755 3396 no-

320 3448 424 3524 mine
438 3477 507 3528 suo
522 3448 626 3538 lacta,
641 3465 718 3525 rata
731 3448 892 3524 habente
907 3465 945 3524 et
958 3460 1070 3554 grata,
1084 3476 1159 3554 que
1173 3445 1353 3552 petebant
1366 3447 1437 3550 sibi
1453 3464 1491 3525 et
1505 3448 1754 3526 nobisemen-

322 3581 421 3672 dari;
432 3609 544 3687 super
553 3579 692 3686 quibus
707 3578 884 3657 omnibus
895 3595 933 3655 et
947 3577 1102 3686 singulis
1113 3579 1373 3657 mandavimus
1389 3579 1527 3685 inquiri
1543 3579 1753 3656 veritatem:

321 3713 498 3818 lnquesta
512 3710 628 3818 igitur
638 3739 751 3816 super
765 3710 839 3787 biis
854 3708 948 3786 lacta
960 3726 998 3786 et
1014 3710 1062 3786 ad
1071 3709 1213 3798 curiam
1226 3727 1409 3799 nostram,
1429 3711 1475 3786 ad
1487 3709 1752 3816 judicandum,

321 3858 528 3948 reportata,
545 3843 632 3947 quia
653 3843 845 3919 inventum
868 3859 924 3918 est
944 3842 1049 3949 quod
1066 3841 1189 3918 dictus
1206 3840 1332 3933 miles,
1350 3841 1398 3917 ad
1418 3841 1492 3919 boc
1508 3869 1677 3946 presens,
1693 3871 1756 3920 vo-

323 3988 426 4067 catus
444 3999 516 4075 per
541 3972 832 4061 commissarios,
852 3988 890 4048 et
905 3973 1073 4050 monitus
1089 4002 1158 4078 per
1180 3972 1333 4050 eosdem
1348 3988 1607 4077 competenter
1625 3991 1669 4050 ut
1681 4002 1758 4052 res·

322 4103 509 4210 ponderet
527 4103 720 4179 veritatem
740 4130 853 4208 super
872 4104 1063 4208 premissis
1083 4105 1153 4182 sibi
1173 4105 1372 4210 impositis,
1394 4105 1623 4210 respondere
1643 4135 1756 4211 super

323 4235 396 4314 hiis
407 4236 602 4325 recusavit,
622 4252 659 4312 et
672 4235 941 4312 contumaciter
952 4236 998 4314 ab
1013 4264 1146 4314 eorum
1160 4236 1351 4343 presencia
1364 4238 1532 4326 recessit,
1544 4265 1614 4314 nec
1625 4256 1754 4342 postea

325 4397 448 4446 coram
465 4367 574 4473 ipsis,
598 4367 686 4446 licet
708 4383 859 4445 vocatus
879 4366 1038 4472 pluries,
1061 4385 1278 4473 comparere
1298 4367 1434 4456 voluit3
1456 4368 1545 4474 quia
1565 4369 1681 4444 eciam
1700 4371 1756 4444 in-

323 4517 477 4578 ventum
490 4517 548 4577 est
567 4499 710 4578 dictum
729 4499 958 4577 monachum
974 4498 1158 4577 violenter
1175 4516 1323 4605 captum
1338 4498 1454 4577 fuisse
1468 4526 1536 4605 per
1550 4516 1681 4608 gentes
1700 4501 1755 4606 ip—

324 4632 401 4708 sius
411 4631 555 4710 domini
568 4631 660 4709 etde
675 4631 759 4709 loco
774 4631 820 4707 ad
831 4629 957 4708 locum
976 4631 1133 4708 ductum
1148 4629 1262 4708 luisse
1274 4647 1312 4706 et
1323 4629 1628 4736 imprisionatum
1641 4629 1753 4710 fuisse

323 4761 456 4851 viliter,
482 4779 598 4868 prout
621 4762 660 4840 in
686 4790 816 4840 eorum
838 4762 1073 4869 querimonia
1093 4762 1317 4851 continetur,
1341 4790 1409 4867 per
1428 4761 1548 4839 dictos
1567 4759 1753 4841 Guiotum

325 4911 363 4969 et
383 4893 625 4971 castellanum
652 4895 700 4971 de
723 4894 1050 5000 Cbampchevrier,
1079 4912 1117 4971 et
1136 4895 1242 5001 quod
1267 4893 1414 4970 cuculla
1438 4892 1508 4970 sibi
1534 4910 1657 4970 amota
1683 4893 1755 4971 luit

324 5024 479 5114 ibidem,
493 5044 530 5105 et
548 5027 594 5104 de
610 5026 712 5103 dicto
728 5021 812 5104 loco
827 5026 1049 5103 translatum
1066 5025 1193 5115 luisse,
1210 5054 1279 5132 per
1295 5043 1427 5134 gentes
1443 5025 1533 5104 dicti
1549 5024 1751 5116 castellani,
