4450 6209
751 750 1020 860 rnoutras
1047 770 1110 842 nr
1137 753 1344 845 raocns
1685 770 1752 844 ιιι

391 914 482 993 XIV.
514 913 596 990 Lite
612 931 715 992 mota
727 913 826 991 mter
840 913 1034 992 Matheum
1047 913 1095 990 dc
1108 914 1274 1021 Moroys,
1291 912 1467 1002 militem,
1485 930 1523 991 et
1536 914 1678 991 dictum
1696 912 1761 990 Sa·
1798 917 1928 977 rmum
1940 924 1983 987 W

334 1044 496 1135 lebrase,
507 1044 723 1123 castellanos
732 1060 879 1122 nostros
893 1044 1033 1121 Karoli-
1033 1044 1139 1138 Loci,
1155 1073 1199 1122 ex
1211 1062 1314 1151 parte
1324 1071 1413 1137 una
1426 1062 1464 1121 ct
1474 1063 1605 1153 gentes
1616 1044 1760 1123 Sancti
1859 1013 1923 1102 im

332 1151 516 1255 Golnierii
542 1204 583 1252 ac
609 1174 786 1253 officiales
813 1190 850 1252 et
878 1191 1008 1283 gentes
1035 1173 1184 1251 comitis
1212 1173 1354 1252 Foresii
1380 1174 1479 1252 dicte
1505 1176 1590 1253 ville
1615 1176 1756 1254 Sancti·

331 1304 515 1385 Golmerii
541 1324 579 1384 et
606 1308 654 1384 de
679 1306 876 1396 Chateluz,
901 1333 945 1382 ex
959 1305 1103 1396 ',altera
1130 1334 1243 1412 super
1271 1305 1604 1398 inobediendia,
1594 1307 1756 1415 injuriis,

332 1436 544 1515 excessibus
562 1466 603 1513 ac
619 1436 812 1514 violenciis
825 1452 863 1513 ct
877 1435 1054 1513 rescussis
1070 1434 1315 1542 quibusdam,
1330 1425 1441 1514 lactis
1455 1437 1665 1515 castellanis
1680 1467 1760 1545 pre-

332 1569 457 1657 dictis,
484 1568 681 1677 agentibus
707 1586 745 1645 et
765 1566 990 1646 officialibus
1009 1566 1187 1674 predictis
1207 1596 1320 1646 suum
1345 1566 1512 1646 officium
1531 1567 1761 1678 sergentarie'

332 1700 586 1789 exercendos
577 1729 616 1776 ιιι
631 1716 888 1805 contemptum
900 1698 1063 1805 jurium,
1080 1715 1124 1775 ut
1139 1698 1289 1785 dicitnr,
1307 1715 1346 1775 et
1364 1698 1598 1806 dampnum
1588 1729 1758 1808 rpsornm

333 1829 636 1919 castellanorum
661 1829 832 1935 inquesta
859 1829 906 1905 de
930 1828 1107 1905 mandato
1132 1846 1261 1907 nostro
1281 1858 1395 1936 super
1412 1830 1485 1909 hoc
1508 1829 1602 1907 facta
1620 1832 1696 1910 visa
1720 1851 1758 1910 et

332 1960 532 2067 diligenter
563 1960 787 2051 examinata,
821 1958 910 2067 quia
937 1960 1141 2068 probatum
1170 1977 1227 2038 est
1255 1960 1485 2039 sufficienter
1510 1961 1631 2068 quod,
1664 1963 1756 2041 dum

331 2092 400 2199 ipsi
422 2092 613 2171 castellani
638 2093 824 2202 cepissent
847 2091 1048 2200 quemdam
1076 2110 1248 2171 vocatum
1269 2093 1305 2170 le
1325 2096 1444 2184 Rous,
1466 2092 1664 2171 bannitum
1688 2070 1758 2201 per

331 2241 458 2332 gentes
478 2241 637 2314 nostras,
661 2242 698 2303 et
719 2252 835 2331 quem
857 2224 927 2331 ipsi
953 2224 1250 2331 insequebantur
1267 2250 1336 2331 pro
1356 2223 1459 2302 furto
1479 2224 1677 2333 cujusdam
1693 2227 1758 2335 ju·

332 2356 466 2445 menti,
495 2372 625 2464 gentes
650 2354 1006 2445 Sancti-Golmerii‚
1034 2384 1120 2432 cum
1147 2355 1313 2462 quodam
1341 2380 1460 2433 cornu
1492 2355 1753 2449 tubicinando,

333 2514 418 2563 cum
438 2488 552 2564 armis
567 2487 782 2565 invaserunt
796 2486 916 2566 dictos
931 2484 1169 2578 castellanos,
1187 2485 1408 2565 clamantes:
1427 2486 1666 2579 ·Salebrase,
1683 2488 1755 2565 nisi

334 2617 474 2697 «istum
487 2619 689 2710 dimiseris,
703 2618 914 2725 percuciam
927 2636 965 2695 te
982 2618 1030 2695 de
1040 2617 1112 2695 isto
1124 2645 1213 2695 cnse
1225 2646 1345 2725 usque
1359 2618 1406 2693 ad
1419 2618 1562 2695 dentes.
1579 2618 1755 2711 »Quibus

333 2774 409 2827 non
428 2749 611 2841 contenti,
629 2748 718 2825 licet
733 2748 854 2825 dictus
873 2746 1096 2825 castellanus
1111 2747 1304 2825 inhiberet
1318 2747 1479 2837 eisdem,
1498 2764 1658 2855 exparte
1673 2776 1755 2826 nos·

331 2897 402 2969 tra,
431 2906 478 2957 ne
498 2908 562 2957 eos
590 2879 817 2986 impedirent
839 2880 877 2956 in
899 2878 1074 2986 capcione
1096 2879 1280 2985 predicta,
1308 2879 1453 2957 dictum
1477 2878 1755 2956 malefactorem

331 3027 588 3088 rescusserunt
612 3010 754 3098 eidem,
778 3026 814 3086 et
838 3038 959 3087 unum
982 3011 1029 3088 de
1045 3009 1130 3087 suis
1152 2996 1377 3117 sequacibus
1396 3009 1572 3087 atrociter
1589 3010 1759 3090 vulnera·

330 3158 479 3231 verunt,
499 3166 567 3221 eos
585 3140 994 3248 taliter-impugnantes
1013 3141 1137 3249 quod,
1158 3143 1297 3220 timore
1317 3142 1466 3232 mortis,
1489 3141 1536 3218 ad
1561 3141 1755 3219 ecclesiam

332 3272 597 3380 confugerunt,
619 3271 753 3350 amotis
773 3270 844 3349 sibi
865 3290 903 3349 et
922 3272 1170 3350 servientibus
1186 3273 1251 3379 qui
1273 3302 1359 3350 cum
1380 3273 1434 3349 eis
1449 3287 1554 3348 erant
1571 3272 1701 3377 clipeis
1721 3288 1759 3348 et

330 3401 465 3512 gladiis
481 3432 577 3512 quos
593 3403 830 3493 deferebant,
849 3431 891 3481 ac
908 3403 1004 3481 duos
1022 3404 1069 3481 dc
1090 3403 1198 3511 equis
1214 3403 1292 3481 suis
1307 3402 1528 3481 occiderunt
1545 3420 1583 3479 et
1595 3403 1757 3479 tercium

332 3535 631 3627 vulneraverunt3
654 3536 761 3628 item,
785 3564 870 3612 cum
896 3535 957 3612 die
983 3536 1174 3641 sequenti,
1195 3562 1264 3640 pro
1283 3532 1474 3644 premissis
1494 3532 1595 3638 apud
1618 3532 1755 3610 Chate-

332 3666 445 3757 lux,
435 3696 473 3743 ιιι
500 3686 598 3745 terra
624 3666 714 3745 dicti
743 3666 906 3758 comitis,
932 3665 1071 3747 vellent
1096 3666 1243 3773 gagiare
1263 3681 1302 3743 et
1321 3664 1531 3773 gagiassent
1555 3692 1624 3772 pro
1645 3691 1755 3741 causa

330 3796 515 3902 predicta,
526 3798 693 3877 Andreas
707 3797 754 3876 de
770 3798 969 3886 Solemen,
986 3798 1201 3905 prepositus
1216 3795 1306 3873 dicti
1323 3795 1472 3874 comitis
1486 3796 1535 3873 de
1553 3793 1751 3883 Chateluz‚

332 3904 615 4037 cumpluribus
640 3958 768 4007 secum
796 3929 962 4021 armatis,
990 3956 1111 4036 usque
1141 3928 1190 4005 ad
1214 3928 1361 4035 viginti,
1391 3927 1597 4005 occurrerit
1621 3926 1690 4016 eis,
1719 3942 1756 4004 et
1813 4030 1818 4039 ‚

330 4060 486 4167 pignora
516 4088 591 4167 que
618 4075 795 4166 ceperant
822 4059 1023 4136 rcscoussit
1050 4058 1212 4149 eisdem,
1237 4057 1530 4165 propterquod,
1557 4086 1627 4165 per
1652 4058 1755 4136 curie

330 4207 457 4270 nostre
466 4189 670 4299 judicium,
685 4189 949 4296 condempnati
964 4186 1120 4267 fuenmt
1130 4189 1308 4267 homines
1320 4188 1418 4267 dicte
1432 4189 1518 4277 ville
1533 4187 1758 4268 smnioot-

331 4322 439 4400 merii
455 4322 495 4398 in
508 4320 678 4400 ducentis
691 4319 797 4399 libris
812 4319 1117 4409 Turonensibus‚
1132 4319 1257 4408 nobis,
1276 4346 1343 4425 pro
1355 4319 1530 4407 emenda,
1548 4319 1751 4409 solvendis,

332 4454 431 4531 etad
447 4452 688 4532 reddendum
707 4450 816 4531 dictis
834 4449 1043 4530 castellanis
1059 4450 1187 4529 omnia
1203 4450 1363 4555 dampna
1377 4479 1446 4558 per
1460 4451 1533 4528 boc
1548 4449 1620 4527 sibi
1634 4448 1752 4538 illata,

332 4602 368 4663 et
383 4585 506 4663 dictus
517 4585 685 4663 Andreas
697 4584 736 4660 in
751 4598 902 4661 centum
915 4580 1023 4660 libris
1032 4572 1335 4670 Turonensibus,
1349 4580 1474 4669 nobis,
1489 4608 1560 4689 pro
1576 4581 1752 4669 emenda,

331 4714 534 4808 solvendis;
557 4734 595 4793 et
614 4744 700 4793 curn
721 4715 793 4793 hoc
805 4713 1021 4822 jurisdictio
1041 4712 1238 4820 utriusque
1257 4710 1344 4788 ville
1362 4698 1403 4788 in
1422 4739 1537 4788 manu
1556 4727 1684 4789 nostra
1698 4729 1757 4789 te·

208 4864 214 4871 ’
331 4846 495 4934 uehitur,
527 4876 612 4924 cum
639 4844 818 4924 omnibus
848 4837 1025 4952 explectis
1055 4841 1190 4921 exinde
1217 4839 1341 4929 nobis,
1356 4842 1601 4949 applicandis,
1633 4872 1755 4951 usque

331 4978 380 5054 ad
399 5004 518 5053 unum
542 5006 682 5055 annum
706 5007 727 5055 a
755 4976 816 5055 die
839 4964 987 5083 incep'te
1015 4974 1250 5053 execucionis
1272 4974 1429 5081 judicati
1451 4973 1672 5081 hujusmodi
1695 4974 1754 5051 in-

332 5105 560 5185 choandum.

419 5284 470 5327 us
491 5284 574 5328 οιιιι.
599 5286 644 5326 ιιι.
1567 5262 1602 5321 5ι
