4450 6209
515 707 591 779 238
1089 702 1181 774 LES
1219 701 1359 775 OLlM.

291 857 479 920 rnnmrv.
515 872 601 924 mus
621 848 660 922 in
680 847 802 955 burgo
822 842 1065 922 laudunensi
1084 843 1170 935 site,
1197 871 1216 919 a
1242 841 1352 920 dictis
1377 843 1518 950 majore
1543 859 1582 922 et
1601 843 1737 950 juratis
1756 844 1929 950 receptis,

302 961 309 971 ⁸
351 949 415 994 Μ’
515 1007 629 1085 super
646 979 722 1056 hoc
739 975 934 1054 mandavit
953 973 1132 1053 dominus
1147 976 1219 1050 Rex
1237 973 1377 1080 inquiri
1397 975 1611 1052 veritatem:
1628 973 1803 1080 lnquestn
1825 975 1931 1083 igitur

473 1095 482 1107 ⁸
514 1137 629 1217 super
647 1109 721 1186 boc
738 1107 832 1186 sacta
850 1135 919 1214 per
937 1106 1077 1182 curiam
1097 1123 1264 1184 nostram
1285 1105 1375 1194 visa,
1398 1123 1553 1212 propter
1571 1104 1738 1184 delectus
1758 1105 1797 1182 in
1820 1133 1864 1184 ea
1882 1133 1931 1182 re-

511 1256 654 1345 pertos,
668 1266 738 1316 nec
752 1236 824 1314 luit
835 1236 883 1313 ad
902 1235 975 1312 hoc
985 1233 1122 1341 aliquis
1135 1261 1204 1340 pro
1218 1234 1315 1312 dicta
1327 1234 1412 1311 villa
1428 1251 1594 1324 vocatus,
1611 1261 1680 1342 per
1692 1235 1794 1312 curie
1807 1253 1929 1314 nostre

506 1369 711 1477 judicium.
734 1368 807 1447 fnit
829 1365 1011 1454 anullata,
1030 1381 1069 1442 et
1085 1364 1326 1444 mandabitur
1347 1363 1482 1444 ballivo
1497 1364 1787 1446 Viromandensi
1810 1367 1926 1472 qnod,

508 1503 539 1578 si
553 1501 642 1579 dieti
657 1499 835 1608 conjuges
852 1527 968 1606 snper
982 1496 1058 1574 boc
1067 1495 1213 1602 aliquid
1231 1515 1359 1603 petere
1375 1496 1576 1586 voluerint,
1592 1497 1730 1576 vocatis
1742 1496 1926 1604 partibus,

507 1661 621 1739 super
642 1631 718 1709 boc
736 1629 912 1708 exhibeat
931 1627 1064 1706 celeris
1078 1627 1585 1736 justiciecomplementum.

563 1761 717 1840 sabbati
735 1760 915 1869 predicta.

561 1894 688 1972 Monoi
707 1891 922 2001 reportavit.
1002 1975 1008 1984 ,

562 2025 643 2102 Non
663 2022 781 2101 habui
801 2023 1025 2130 inquorum.

2133 763 2136 888 l

559 2288 636 2365 XX.
669 2285 793 2393 Super
810 2312 857 2364 eo
877 2285 982 2392 quod
1002 2285 1170 2362 Thomas
1188 2283 1344 2362 Sorciau
1366 2283 1413 2362 de
1435 2310 1583 2361 summe
1604 2284 1707 2362 mille
1727 2301 1767 2362 et
1786 2285 1925 2364 ducen-

501 2435 625 2496 tarum
644 2417 843 2509 librarum,
860 2444 931 2523 pro
946 2417 1076 2523 precio
1093 2415 1397 2523 octingentorum
1416 2443 1617 2521 porcorum
1636 2443 1656 2492 a
1672 2416 1843 2538 Jobanpe
1860 2417 1925 2494 Pe-

500 2547 580 2627 laut
597 2534 856 2637 venditorum,
871 2575 892 2624 a
910 2547 1013 2624 dicto
1027 2546 1198 2624 Jobanne
1218 2571 1325 2622 suam
1341 2544 1506 2622 debitam
1524 2546 1763 2651 porcionem,
1778 2547 1923 2624 racione

499 2679 687 2756 societatis
701 2695 927 2764 mercatura,
942 2675 1094 2781 petebat
1106 2703 1230 2752 coram
1243 2673 1380 2752 ballivo
1393 2675 1620 2786 senonensi,
1641 2676 1742 2753 dicto
1755 2677 1922 2755 Jobanne

498 2824 734 2913 proponente
743 2804 866 2912 qnod,
879 2831 949 2910 per
961 2820 1181 2909 compotum
1195 2819 1296 2881 certe
1311 2803 1373 2882 die
1385 2803 1524 2882 factum
1543 2833 1656 2912 super
1667 2805 1741 2883 hoc
1760 2805 1860 2884 inter
1874 2807 1923 2913 ip

497 2965 576 3026 sos,
590 2938 711 3014 dictus
720 2936 889 3013 Thomas
898 2953 1073 3013 tenuerat
1086 2962 1126 3013 se
1142 2961 1254 3040 super
1266 2935 1338 3012 boc
1347 2963 1417 3041 pro
1429 2953 1581 3044 pagato,
1593 2937 1764 3044 predicto
1775 2937 1923 3016 Thema

498 3066 643 3143 dictum
662 3081 881 3171 compotum
898 3081 1073 3173 negante,
1091 3082 1130 3142 et
1146 3064 1348 3170 replicante
1362 3065 1468 3172 quod
1483 3065 1547 3143 illa
1568 3066 1630 3143 die
1651 3095 1725 3174 qua
1743 3068 1921 3174 proponi·

496 3215 560 3273 tur
578 3194 721 3274 dictum
746 3212 968 3301 compotum
987 3195 1103 3273 fuisse
1124 3195 1281 3284 factum,
1302 3213 1341 3272 et
1357 3223 1427 3301 per
1447 3223 1568 3273 unum
1587 3225 1758 3276 mensem
1778 3216 1864 3276 ante
1884 3215 1921 3276 et
2060 3293 2063 3300 Ι

493 3327 612 3406 alium
632 3354 800 3406 mensem
820 3344 922 3434 post,
940 3328 1120 3407 continue
1141 3329 1221 3434 ipse
1241 3326 1363 3406 luerat
1382 3326 1517 3406 absens
1536 3357 1557 3406 e
1577 3329 1712 3436 patrie,
1728 3357 1798 3436 per
1815 3347 1918 3408 octo·

493 3459 595 3565 ginta
613 3457 739 3536 leucas
763 3475 801 3535 et
823 3458 938 3547 ultra,
966 3475 1005 3534 et
1028 3457 1132 3565 qnod
1155 3457 1253 3535 bene
1277 3486 1346 3564 per
1370 3483 1512 3534 annum
1535 3487 1656 3536 unum
1675 3475 1764 3566 post
1782 3459 1918 3538 dictam

494 3590 597 3666 diem
612 3591 712 3668 inter
725 3615 790 3668 ecs
802 3588 923 3666 extitit
935 3589 1206 3666 concordatum
1223 3589 1329 3696 quod
1341 3613 1454 3694 super
1466 3589 1539 3667 boc
1551 3589 1676 3668 bonus
1694 3587 1805 3668 lieret
1817 3619 1919 3669 com·

491 3737 604 3824 potus
616 3721 844 3824 interipsos3
858 3718 959 3795 dicto
970 3717 1139 3797 Jobanne
1153 3719 1387 3807 econtrario,
1406 3719 1579 3824 pluribus
1589 3719 1819 3810 nacionibus,
1832 3749 1918 3826 pru·

490 3866 656 3954 ponente
674 3848 840 3926 eundem
858 3849 1046 3927 Tbomam
1064 3877 1143 3927 non
1160 3849 1300 3928 debere
1318 3877 1431 3956 super
1449 3849 1523 3927 boc
1540 3850 1680 3943 audiri3
1702 3850 1824 3928 dictus
1837 3850 1916 3928 bal-

490 3978 586 4056 livua
606 3979 808 4087 judicavit,
835 4007 914 4057 non
937 3979 1175 4059 obstantibus
1195 3981 1397 4088 propositis
1420 4009 1464 4058 ex
1481 3999 1585 4089 parte
1607 3982 1697 4060 dicti
1716 3982 1912 4071 lobannis,

489 4112 703 4214 predictum
722 4112 910 4190 Thomam
925 4113 974 4190 ad
993 4112 1106 4190 illum
1126 4112 1243 4192 finem
1262 4113 1309 4190 ad
1328 4141 1443 4219 quem
1461 4112 1683 4192 intendebat
1702 4141 1782 4192 esse
1802 4139 1915 4219 snper

486 4240 666 4349 predictis
675 4242 752 4320 suis
766 4244 978 4322 racionibus
990 4245 1286 4332 admittendum
1299 4271 1408 4350 aquo
1416 4243 1604 4352 judicato,
1617 4261 1809 4351 tamquam
1821 4241 1928 4322 salso·

487 4387 525 4448 et
537 4401 669 4477 pravo,
687 4372 811 4450 dictus
822 4372 1014 4452 Jobannes
1027 4376 1075 4452 ad
1088 4403 1158 4452 nos
1173 4373 1393 4482 appellavit:
1408 4374 1556 4452 Auditis
1571 4375 1686 4483 igitur
1702 4374 1811 4453 dictis
1830 4401 1912 4481 par-

484 4501 586 4579 tibus
603 4503 643 4579 in
657 4531 765 4581 cause
781 4502 1048 4610 appellacionis
1063 4505 1248 4612 predicte,
1261 4522 1299 4583 et
1312 4505 1399 4582 visis
1411 4505 1579 4613 judicato
1590 4524 1630 4584 et
1638 4531 1813 4612 processu
1827 4530 1911 4610 pre-

485 4631 610 4721 dictis,
625 4662 693 4738 per
703 4635 807 4711 curie
819 4650 946 4712 nostre
952 4635 1160 4742 judicium,
1174 4634 1318 4711 dictum
1327 4635 1400 4712 fuit
1415 4651 1453 4712 et
1464 4636 1754 4742 pronunciatum
1765 4633 1906 4710 dictum

482 4760 660 4838 ballivum
679 4763 777 4842 bene
793 4764 997 4870 judicasse,
1017 4781 1055 4842 et
1067 4763 1278 4871 predictum
1293 4763 1505 4843 Jobannem
1520 4763 1618 4842 male
1633 4761 1855 4870 appellasse,
1870 4778 1908 4838 et

482 4890 587 4998 quod
605 4891 685 4996 ipse
703 4892 776 4970 boc
795 4893 1021 4972 emendabit.

539 5019 691 5099 Sabbeti
711 5022 889 5128 predicta.
