4450 6209
723 717 995 829 ssoutrss
1019 737 1083 811 sr
1109 718 1320 813 esoces.
1658 743 1732 817 scs

266 998 275 1009 α
311 899 473 980 Michael
493 899 588 977 dixit
601 900 766 989 eisdem,
783 899 888 976 «Fils
902 907 922 975 a
934 900 1084 1005 putsin,
1101 899 1247 988 ribaus,
1263 926 1355 978 vous
1370 926 1453 975 uvea
1469 901 1546 1007 pris
1559 901 1613 980 tel
1628 905 1734 1012 gsige
1771 893 1901 1031 ”¹2¹5
1913 893 1957 958 [ν’

310 1032 404 1139 «qui
419 1058 511 1107 vous
529 1028 607 1106 fera
625 1029 763 1137 perdre
782 1029 838 1106 les
855 1046 998 1120 antres3
1015 1046 1081 1107 »et
1098 1046 1192 1107 tunc
1211 1030 1292 1136 ejus
1311 1027 1412 1107 lilius
1432 1031 1587 1109 abstulit
1598 1032 1651 1110 eis
1662 1032 1735 1110 dic·
1891 1014 1897 1029 ⁹
2002 1014 2007 1027 ’

308 1180 392 1240 tum
415 1160 638 1267 tapicetnm,
660 1188 703 1236 ac
725 1186 845 1237 unum
871 1161 918 1237 de
945 1159 1194 1237 servientibus
1218 1162 1356 1239 nostris
1378 1162 1560 1268 percussit
1583 1164 1621 1239 in
1647 1190 1735 1271 pec-

309 1311 410 1382 tore,
434 1310 473 1369 et
490 1309 597 1383 tunc,
620 1290 705 1369 villa
725 1292 894 1382 excitata,
917 1290 956 1367 in
977 1291 1099 1369 dictos
1118 1292 1318 1369 servientes
1337 1292 1532 1371 irruerunt
1551 1324 1638 1371 cum
1657 1294 1736 1401 gls-

311 1424 401 1513 diis,
424 1440 462 1499 et
485 1450 551 1499 eos
572 1448 693 1527 usque
716 1420 764 1498 ad
784 1420 994 1527 hospicium
1019 1421 1254 1528 fugaverunt,
1283 1438 1321 1499 et
1341 1422 1532 1501 stabulum
1553 1424 1732 1533 hospicii,

309 1556 348 1631 in
365 1581 443 1660 quo
460 1569 567 1629 erant
586 1551 761 1656 hospitati
784 1549 872 1629 dicti
894 1551 1136 1629 cancellarius
1157 1570 1194 1629 et
1214 1551 1453 1647 castellanus,
1470 1554 1678 1663 fregerunt,
1698 1572 1736 1633 et

311 1682 408 1763 duos
422 1711 539 1790 equos
555 1700 593 1760 et
609 1683 704 1760 duas
719 1710 850 1789 equas,
868 1699 994 1789 captos
1008 1683 1219 1761 abeisdem
1233 1712 1303 1789 pro
1317 1685 1555 1791 pignoribus,
1575 1708 1736 1765 extraxe-

310 1832 413 1906 rrmt,
440 1831 477 1892 et
499 1814 605 1920 quod
630 1814 773 1892 dictum
801 1814 1062 1906 castellanum,
1087 1814 1356 1921 prohibentem
1382 1817 1542 1906 eisdem,
1568 1834 1736 1925 exparte

311 1962 453 2034 nostra,
475 1972 524 2021 ne
543 1942 630 2020 talia
649 1946 940 2037 committerent,
960 1974 1028 2052 per
1047 1946 1257 2023 cheveciam
1281 1963 1478 2052 ceperunt,
1500 1947 1634 2053 gladiis
1656 1973 1734 2024 eva·

289 2077 461 2184 ginntis,
483 2074 703 2169 clamantes,
733 2074 972 2154 «Chastelnin
992 2084 1013 2153 t
1031 2076 1068 2153 la
1087 2082 1208 2156 mortl
1233 2093 1276 2155 tu
1296 2079 1380 2155 n’en
1399 2106 1494 2183 puer
1514 2078 1640 2169 alen»
1661 2079 1738 2155 dic-

311 2224 473 2315 tumque
487 2205 731 2285 castellanum
749 2235 835 2284 cum
854 2206 987 2314 gladiis
1003 2224 1042 2285 et
1058 2208 1221 2286 fustibus
1235 2234 1303 2316 per
1317 2236 1430 2286 suum
1447 2210 1661 2317 hospicium
1677 2209 1738 2287 fu·

311 2355 508 2446 gavemnt,
538 2337 761 2427 clamantes,
791 2340 981 2417 «Feisons
1010 2338 1175 2418 flandres
1205 2339 1469 2432 commidre,»
1498 2357 1536 2417 et
1569 2342 1737 2419 hostium

311 2469 428 2546 unius
446 2495 594 2546 camere
614 2496 725 2575 supra
743 2469 868 2576 ipsum
887 2469 1096 2576 fregerim,
1118 2486 1156 2547 et
1175 2471 1280 2579 gagia
1299 2486 1404 2576 capta
1418 2498 1487 2577 per
1500 2487 1632 2577 gentes
1650 2499 1738 2547 nos·

310 2618 388 2677 tras
406 2628 476 2706 per
495 2599 676 2678 fenestras
699 2601 959 2710 projecerunt,
980 2628 1022 2677 ac
1038 2618 1159 2679 vestes
1183 2618 1222 2679 et
1245 2630 1304 2679 res
1327 2600 1416 2678 alias
1435 2602 1659 2679 eorumdem
1679 2630 1738 2680 se-

311 2760 400 2809 cum
423 2731 664 2823 detulerunt,
693 2746 731 2807 et
752 2733 950 2838 Hugonem
973 2732 1191 2823 Joeersndi,
1216 2730 1463 2809 tabellionem
1489 2749 1680 2821 nostrum,¹
1701 2750 1740 2811 et

312 2861 435 2939 unum
456 2858 504 2939 de
526 2860 678 2939 famulis
697 2890 852 2952 eorum,
874 2860 1050 2940 atrociter
1066 2860 1374 2952 vulneraverunt3
1396 2862 1445 2939 ad
1463 2890 1539 2971 que
1557 2862 1738 2969 premissa

313 2991 516 3071 servientes
538 2993 638 3069 dicte
662 2991 767 3080 ville,
793 2991 927 3100 gladiis
952 2992 1167 3099 evaginatis,
1187 3008 1381 3099 presentes
1403 2992 1674 3085 interfuerunt,
1702 3011 1741 3071 et

312 3122 432 3200 multa
451 3121 523 3199 alia
540 3124 724 3228 vituperia
743 3124 796 3201 eis
815 3123 1043 3215 intulerunt3
1062 3152 1138 3230 que
1155 3123 1336 3230 premisse
1358 3123 1479 3201 dictus
1497 3151 1622 3202 comes
1639 3124 1740 3202 dice-

312 3254 425 3332 batur
443 3254 635 3345 admosse,
657 3254 758 3333 dicto
776 3254 915 3334 comite
935 3273 974 3332 et
995 3272 1237 3360 procuratore
1261 3253 1462 3332 hominum
1481 3254 1738 3361 predictorum

314 3384 543 3462 contrarium
566 3403 766 3463 asserente.
789 3386 911 3492 Super
929 3386 1121 3493 premissis
1141 3386 1258 3493 igitur
1281 3412 1350 3490 per
1368 3382 1548 3461 ballivum
1569 3403 1739 3463 nostrum

314 3516 625 3595 Matisconensem
643 3532 685 3593 et
701 3516 783 3623 ejus
802 3516 1094 3610 commissarios,
1110 3516 1249 3593 vocatis
1266 3514 1435 3621 partibus
1452 3513 1664 3621 auditisque
1682 3546 1740 3593 ra-

313 3648 486 3725 cionibus
505 3646 758 3753 predictarum
782 3648 948 3754 parcium
969 3649 1059 3725 hin'c
1074 3664 1115 3725 et
1140 3648 1248 3737 inde,
1270 3645 1447 3753 inquisita
1472 3644 1622 3751 plenius
1642 3650 1739 3725 veri·

313 3793 407 3867 tate,
429 3795 468 3855 et
486 3778 657 3885 inquesta
673 3807 787 3885 super
808 3778 881 3856 hiis
902 3777 997 3856 facta
1016 3778 1119 3855 curie
1135 3794 1262 3855 nostre
1281 3806 1301 3853 a
1318 3775 1488 3883 partibus
1507 3775 1555 3853 ad
1564 3775 1738 3884 judican-

315 3906 410 3984 dum
423 3908 574 3997 tradita,
590 3908 666 3986 visa
681 3926 719 3986 et
733 3907 935 4017 diligenter
948 3906 1134 4015 inspecta,
1151 3908 1239 4016 quia
1254 3906 1478 4013 infrascripti
1494 3904 1635 3983 inventi
1650 3927 1740 3987 sunt

314 4038 577 4117 inobedientes
601 4054 640 4117 et
662 4038 822 4117 rebelles
842 4038 1017 4146 gentihus
1041 4040 1180 4118 nostris
1203 4039 1331 4131 fuisse,
1356 4055 1394 4116 et
1418 4036 1652 4116 occasionem
1672 4039 1741 4117 de-

316 4168 414 4249 disse
433 4170 593 4277 plebeiis
614 4170 794 4277 premissa
816 4169 992 4259 faciendi,
1013 4198 1082 4276 per
1101 4171 1204 4249 curie
1224 4188 1350 4248 nostre
1365 4167 1570 4277 judicium,
1594 4168 1738 4247 dictum

315 4299 502 4409 fuitqnod
511 4300 672 4408 predicti
683 4298 1131 4392 rebelles,inobedientes
1141 4318 1179 4378 et
1190 4300 1453 4407 delinquentes
1462 4298 1737 4389 solventnchis‚

314 4460 384 4538 pro
405 4433 562 4511 emenda
584 4448 727 4524 nostra,
747 4430 897 4510 racione
921 4431 1205 4536 premissorum,
1226 4429 1394 4535 quinque
1417 4426 1536 4505 millia
1555 4426 1738 4507 librarum

316 4564 597 4642 Turonensium
613 4563 822 4651 bonorum,
840 4562 1051 4639 secundum
1064 4561 1373 4638 distribucionem
1390 4558 1583 4648 intereos,
1600 4561 1740 4637 autori·

315 4710 391 4772 tate
406 4712 550 4783 nostra,
567 4692 798 4785 faciendam,
814 4709 868 4782 et,
884 4692 974 4800 quia
985 4692 1179 4769 inventum
1195 4686 1486 4769 estMichaelem
1500 4687 1737 4783 Eucherium,

316 4826 551 4932 prepositum
567 4826 666 4904 dicte
684 4824 784 4915 ville,
801 4823 915 4903 fuisse
930 4823 1089 4902 inicium
1104 4840 1142 4900 et
1155 4821 1349 4931 prebuisse
1364 4844 1513 4897 causam
1532 4819 1571 4895 in
1589 4826 1743 4902 excessi-

316 4954 393 5034 bus
414 4956 653 5064 supradictis3
679 4949 959 5047 iteni,‘dictum
978 4954 1135 5043 livrail,
1157 4954 1401 5063 laquinetum
1423 4949 1564 5041 Karsil,
1589 4950 1742 5032 Petrum

319 5088 481 5199 Anglici,
502 5089 704 5169 servientes
724 5089 824 5167 dicte
840 5087 948 5177 ville,
964 5103 1156 5194 presentes
1174 5084 1386 5165 interfuisse
1406 5082 1446 5161 in
1464 5083 1674 5190 premissis,
1696 5084 1744 5165 ab

1563 5234 1615 5307 46.
