4450 6209
489 744 563 815 396
657 739 659 743 ’
1069 738 1161 811 tus
1191 737 1330 812 OLIM.

250 893 383 949 Pernen
403 892 448 952 tv,
489 900 690 992 antequam
714 884 816 961 idem
840 881 1030 959 hubertus
1051 883 1124 959 iret
1149 881 1414 961 inexercitum
1433 879 1705 987 supradictum,
1727 880 1913 988 pluraque

324 985 389 1030 Μ
490 1017 560 1093 alia
575 1018 623 1093 ad
640 1018 696 1095 sui
716 1014 976 1093 defensionem
998 1030 1251 1121 proponente,
1267 1011 1362 1091 lacta
1377 1040 1492 1120 super
1509 1012 1583 1089 hoc
1603 1039 1672 1117 per
1684 1010 1810 1117 ipsum
1824 1038 1913 1118 pre—

488 1150 654 1253 positum
670 1150 859 1255 inquesta,
873 1148 975 1225 idem
992 1145 1221 1253 prepositus,
1236 1172 1427 1251 persuum
1436 1143 1641 1253 judicium,
1652 1143 1916 1249 pronunciavit

487 1266 593 1387 quod
603 1281 737 1358 saisina
753 1280 849 1356 dicte
862 1280 999 1359 domus
1013 1277 1165 1357 vendite
1180 1278 1394 1354 traderetur
1403 1276 1506 1354 dicto
1519 1274 1817 1363 huberto,salvo
1826 1274 1914 1381 jure

362 1414 364 1419 ’
485 1413 722 1522 proprietatis
743 1412 799 1488 illi
820 1411 998 1517 adquam
1017 1411 1244 1515 pertineret3
1270 1436 1386 1515 aquo
1403 1407 1591 1516 judicato,
1611 1423 1806 1512 tamquam
1819 1404 1914 1483 falso

486 1560 523 1620 et
540 1562 667 1649 pravo',
690 1572 756 1650 per
775 1544 918 1621 dictum
936 1530 1133 1620 Galterum
1153 1540 1202 1617 ad
1219 1556 1386 1616 nostram
1406 1538 1548 1615 curiam
1569 1537 1642 1615 luit
1660 1536 1910 1642 appellatum:

485 1675 657 1752 Partibus
683 1676 798 1782 igitur
821 1676 859 1750 in
887 1674 984 1751 dicta
1010 1701 1120 1750 causa
1144 1671 1411 1779 appellacionis
1428 1698 1554 1747 coram
1580 1668 1692 1745 nobis
1714 1668 1853 1745 auditis
1873 1686 1912 1745 et

486 1806 602 1883 nichil
625 1808 710 1883 novi
732 1804 1048 1912 proponentibus,
1065 1804 1143 1881 viso
1162 1830 1341 1908 processu
1355 1802 1472 1908 partis
1490 1801 1704 1906 utriusque,
1721 1827 1790 1906 per
1807 1799 1912 1877 curie

487 1954 613 2014 nostre
636 1937 841 2044 judicium,
870 1936 1012 2013 dictum
1036 1935 1108 2013 fuit
1133 1932 1350 2041 predictum·
1368 1933 1603 2040 prepositum
1620 1930 1720 2009 male
1739 1958 1908 2037 pronun·

487 2068 617 2154 eiasse,
638 2084 677 2143 et
692 2066 837 2144 dictum
855 2067 1052 2145 Galterum
1072 2067 1171 2144 bene
1190 2064 1410 2172 appellasse.

541 2198 739 2275 Dominica
757 2215 843 2303 post
859 2198 1121 2303 Epiphaniam.

541 2330 649 2408 Creci
668 2329 882 2436 reportavit.

539 2596 616 2673 Vll.
647 2594 762 2682 Cum,
783 2594 849 2671 lite
868 2611 969 2671 mota
989 2619 1116 2672 coram
1130 2592 1269 2671 ballivo
1281 2593 1490 2675 Senonensi
1509 2600 1548 2676 in
1567 2625 1676 2676 causa
1691 2590 1911 2702 appellatio

485 2728 544 2805 ni's
562 2727 607 2803 ad
624 2727 748 2832 ipsum
767 2726 987 2831 interposite
1001 2746 1070 2832 per
1083 2725 1260 2802 homines
1275 2725 1321 2802 de
1332 2720 1521 2819 Orvillari,
1534 2729 1732 2837 aquodam
1740 2726 1910 2835 judicato

485 2884 553 2960 pro
570 2856 712 2933 decano
728 2872 767 2931 et
782 2855 948 2960 capitulo
964 2854 1121 2931 ecclesie
1136 2856 1334 2934 Trecensis
1348 2860 1610 2937 contradictus
1623 2860 1816 2947 homines,
1829 2881 1910 2963 pre·

487 2986 676 3061 dictorum
697 2985 828 3061 decani
850 3002 887 3061 et
907 2985 1059 3092 capituli
1076 2984 1339 3091 justiciabiles,
1361 2986 1458 3066 lacto
1477 3017 1547 3095 per
1563 2992 1747 3098 quosdam
1761 2986 1910 3096 judiees

487 3117 597 3193 dictis
616 3114 837 3193 hominibus
857 3117 964 3195 datos
984 3148 1005 3194 a
1028 3118 1171 3195 decano
1192 3135 1229 3195 et
1249 3117 1413 3225 capitulo
1424 3122 1676 3227 supradictis,
1698 3121 1821 3197 dietus
1834 3118 1909 3197 bal·

487 3248 583 3325 livus
605 3276 674 3354 per
698 3276 809 3324 suum
826 3246 1017 3357 judicium
1040 3250 1326 3355 pronunciasset
1345 3268 1608 3356 procuratores
1632 3254 1821 3330 dictorum
1841 3250 1910 3328 ho-

485 3377 632 3455 minum
651 3407 728 3456 non
744 3406 824 3467 esse
840 3379 1092 3486 recipiendos,
1111 3381 1179 3458 sed
1197 3381 1351 3459 eosdem
1365 3383 1544 3461 homines
1558 3383 1639 3460 fore
1653 3399 1907 3468 contumaees,

486 3527 524 3587 et
542 3538 561 3585 a
577 3510 675 3587 dicta
695 3511 952 3616 appellatione
968 3541 1034 3589 sua
1047 3512 1244 3606 cecidisse,
1261 3542 1282 3589 a
1296 3513 1397 3590 dicto
1406 3513 1592 3620 judicato,
1608 3498 1801 3620 tamquam
1815 3510 1910 3591 falso

485 3658 523 3716 et
540 3669 669 3745 prave,
694 3670 736 3717 ex
756 3659 859 3747 parte
882 3641 1070 3719 dictorum
1083 3642 1285 3720 hominum
1300 3643 1346 3719 ad
1362 3662 1528 3721 nostram
1544 3644 1779 3721 audienciam
1791 3644 1911 3721 extitit

485 3768 746 3875 appellatum:
774 3773 871 3851 Visis
900 3772 1014 3879 igitur
1044 3772 1153 3850 dictis
1179 3773 1416 3879 processibus
1441 3791 1481 3851 et
1507 3775 1701 3882 inquesta,
1731 3775 1779 3852 de
1808 3802 1911 3851 man-

486 3898 572 3975 dato
592 3917 722 3978 nostro
742 3900 836 3978 sacta
856 3926 970 4008 super
989 3903 1246 4010 appellacione
1260 3905 1445 4010 predicta,
1465 3934 1533 4011 per
1552 3906 1655 3984 curie
1669 3922 1796 3983 nostre
1805 3904 1909 4013 judi-

485 4030 602 4119 cium,
622 4031 765 4109 dictum
783 4033 854 4110 fuit
868 4034 1080 4140 predictum
1095 4033 1277 4113 ballivum
1289 4035 1388 4114 bene
1403 4037 1593 4145 judicasse
1606 4055 1644 4115 et
1660 4037 1779 4114 dictos
1793 4036 1910 4114 homi·

485 4187 553 4239 nes
571 4162 669 4240 male
690 4164 912 4271 appellasse,
937 4182 975 4243 et
995 4168 1100 4273 quod
1118 4166 1189 4273 ipsi
1210 4168 1283 4246 hoc
1301 4169 1571 4247 emendabunt.

541 4295 737 4373 Dominica
756 4315 842 4403 post
859 4298 1119 4404 Epiphaniam.

441 4484 442 4489 κ
542 4426 592 4504 Μ.
603 4428 655 4503 λΡ.’
674 4428 837 4536 Maugon
851 4430 1064 4535 reportavit.

539 4691 635 4766 Vlll.
663 4682 1063 4800 Visa'inquesta'inter
1083 4687 1600 4803 episcopum‘Belvacensem
1623 4728 1667 4777 ex
1690 4724 1765 4775 nna
1787 4714 1905 4806 parte,

484 4836 521 4894 et
540 4810 722 4898 Erardum
737 4824 787 4900 de
802 4816 1206 4917 Montehdorenciaco,
1226 4829 1407 4918 militem,
1429 4858 1473 4908 ex
1493 4830 1624 4919 altera,
1645 4850 1758 4937 super
1777 4830 1908 4907 saisina

461 4938 467 4951 ⁸
484 4949 824 5037 administracionis
835 4955 974 5035 donius
988 4958 1190 5065 leprosarie
1206 4961 1255 5037 de
1274 4961 1460 5050 Bretollo,
1475 4961 1708 5040 Belvacensis
1723 4959 1906 5070 dyocesis,

482 5108 550 5187 per
569 5082 710 5159 curiam
730 5082 808 5162 luit·
823 5086 964 5164 dictum
985 5090 1091 5195 quod
1107 5090 1204 5168 dicta
1219 5090 1407 5198 inquesta,
1424 5111 1579 5200 propter
1594 5094 1722 5202 plures
1737 5091 1903 5171 delectus
