4450 6209
742 743 1012 854 evonenus
1037 763 1101 834 ar
1126 744 1333 836 vaocts.
1670 759 1739 834 osv

320 903 424 996 dicto
442 903 563 981 milite
579 920 618 982 et
629 904 706 982 suis
717 901 871 998 laceret,
888 905 1098 982 secundum
1117 905 1237 1012 patrie
1250 901 1584 994 consuetudinem,
1600 931 1746 980 assecu-
1783 911 1914 966 mer·
1928 911 1970 971 ¹V·

320 1036 408 1125 rari,
424 1052 462 1113 et
477 1035 676 1113 emendam
689 1035 930 1144 condignam,
942 1063 1012 1144 pro
1022 1034 1229 1142 premissis,
1242 1035 1352 1112 nobis
1363 1063 1385 1112 a
1398 1034 1500 1112 dicto
1511 1033 1631 1112 milite
1643 1061 1743 1141 pres
1844 1004 1908 1046 Μ’

319 1167 409 1258 tari;
423 1167 489 1273 qui
507 1166 683 1259 ballivus,
703 1165 841 1244 virtute
861 1166 951 1244 dicti
972 1166 1138 1243 mandati
1159 1166 1295 1257 nostri,
1317 1164 1364 1245 ad
1382 1165 1601 1244 instanciam
1620 1165 1738 1242 dicto

319 1325 405 1374 rum
417 1297 548 1375 decani
561 1297 999 1405 etcapituli,predictum
1011 1295 1504 1403 militemperRaoulinum,
1517 1297 1739 1374 servientem

188 1493 195 1510 ,
319 1445 509 1519 nostrum,
531 1429 581 1506 ad
605 1429 677 1506 hoc
704 1428 922 1535 specialiter,
946 1456 991 1505 ex
1014 1445 1119 1535 parte
1144 1426 1235 1504 dicti
1258 1425 1403 1518 ballivi,
1426 1428 1671 1535 deputatum,
1693 1429 1740 1506 ad

318 1576 456 1637 certam
477 1559 598 1651 diem,
618 1587 742 1636 coram
758 1587 797 1638 se
813 1559 902 1636 lecit
917 1558 956 1636 in
976 1587 1085 1636 causa
1100 1558 1588 1667 assecuramentiadjornari
1602 1576 1740 1638 etcum

318 1691 391 1767 hoc
409 1690 598 1796 predictos
622 1690 808 1769 decanum
837 1707 875 1768 et
898 1691 1125 1797 capitulum,
1152 1719 1285 1768 eorum
1310 1688 1429 1780 bona,
1451 1690 1681 1771 consiliarios
1703 1710 1740 1769 ct

317 1822 509 1900 ministros
524 1849 594 1930 per
608 1821 751 1899 dictum
769 1820 1012 1911 servientem,
1030 1821 1090 1900 cui
1106 1836 1329 1926 potestatem
1343 1818 1545 1927 specialem
1560 1823 1739 1928 premissa

316 1951 477 2030 faciendi
493 1951 667 2043 dederat,
683 1951 722 2028 in
738 1952 1006 2061 nostragardia
1022 1950 1173 2057 speciali
1187 1951 1276 2057 poni
1288 1950 1394 2041 fecit,
1406 1951 1610 2030 oertilicato
1625 1982 1739 2060 super

317 2083 395 2160 hoc
415 2081 535 2160 milite
560 2081 775 2190 supradicto
794 2111 863 2189 per
884 2081 1108 2161 servientem
1134 2081 1388 2173 antedictum
1416 2081 1465 2160 ad
1497 2109 1612 2189 quam
1636 2084 1738 2163 diem

317 2214 439 2292 dictus
460 2214 570 2290 miles
592 2214 750 2291 minime
772 2214 999 2320 comparuit,
1021 2212 1202 2320 predictis
1228 2197 1371 2292 decano
1396 2229 1433 2292 et
1448 2213 1616 2320 capitulo
1641 2215 1738 2294 dicta

316 2344 386 2424 die'
402 2343 628 2423 sufficienter
652 2343 972 2451 comparentibus,
997 2343 1278 2450 propterquod
1301 2344 1423 2420 dictus
1446 2344 1556 2422 miles
1574 2345 1661 2437 fuit,
1689 2349 1737 2425 de
1845 2329 1854 2348 ’

317 2475 415 2554 dicta
434 2476 515 2567 die,
532 2476 676 2584 positus
691 2475 729 2553 in
747 2473 912 2566 desectu3
928 2492 983 2564 et,
1001 2503 1088 2552 cum
1103 2473 1192 2581 hoc,
1208 2475 1330 2554 dictus
1346 2474 1521 2565 ballivus,
1541 2476 1639 2553 dicta
1654 2447 1735 2566 ὥθ’,

314 2607 502 2714 predictos
522 2606 708 2685 decanum
724 2623 762 2684 et
777 2605 982 2712 capitulum
1001 2621 1039 2684 et
1054 2633 1186 2683 eorum
1199 2604 1301 2684 bona
1315 2624 1354 2684 et
1366 2606 1598 2685 consiliarios
1617 2624 1656 2684 et
1667 2610 1738 2684 mi-

313 2739 450 2818 nistros
468 2739 607 2816 iterum
626 2739 667 2814 in
686 2754 815 2816 nostra
829 2735 980 2845 speciali
999 2736 1111 2844 garda
1129 2737 1258 2843 posuit
1274 2754 1313 2814 at
1329 2738 1484 2844 accepit,
1501 2755 1539 2815 ct
1556 2740 1737 2845 premissa

204 2921 211 2938 ·
313 2870 439 2948 omnia
459 2886 498 2948 et
527 2867 672 2977 singula
693 2897 763 2976 per
778 2868 922 2946 dictum
941 2867 1166 2946 servientem
1185 2867 1374 2946 mandavit
1392 2869 1539 2948 notorie
1553 2870 1736 2976 publicari

314 3018 351 3080 et
368 3001 468 3079 dicto
484 2999 596 3078 militi
614 3000 832 3108 significari,
848 3001 1048 3106 ipsumque
1063 2999 1201 3077 iterum
1216 3001 1383 3107 precepit
1401 3017 1439 3079 et
1453 3001 1655 3092 mandavit,
1668 3031 1737 3109 per

315 3133 458 3212 dictum
478 3131 718 3222 servientem,
740 3131 789 3208 ad
815 3131 924 3208 aliam
945 3147 1083 3208 certam
1106 3130 1226 3219 diem,
1245 3149 1348 3208 certo
1368 3131 1470 3222 loco,
1492 3132 1532 3209 in
1552 3133 1630 3211 suis
1650 3135 1736 3211 assi-

313 3264 377 3340 siis
395 3263 596 3371 adjornari,
620 3291 690 3369 pro
707 3262 807 3340 dicto
827 3260 976 3338 defectu
990 3261 1229 3338 emendando
1242 3277 1280 3337 ct
1295 3261 1436 3338 dictum
1457 3290 1736 3341 assecuraman-

312 3410 395 3470 tum
407 3394 625 3499 prestando,
641 3409 694 3484 et,
712 3392 760 3469 ad
773 3392 953 3499 premissa
968 3390 1137 3468 facienda
1151 3407 1190 3468 et
1199 3390 1437 3497 complenda,
1451 3393 1619 3500 precepit
1632 3394 1734 3471 idem

313 3524 471 3602 ballivus
491 3525 634 3602 dictum
654 3523 815 3602 militem
834 3521 1008 3629 compelli
1018 3551 1092 3633 per
1110 3513 1328 3629 capcionem
1347 3523 1515 3629 corporis
1533 3523 1592 3601 sui
1613 3541 1650 3600 et
1667 3524 1736 3603 bo-

313 3684 449 3733 norum
465 3655 650 3732 omnium.
663 3654 908 3732 Postmodum
923 3681 1012 3730 vero
1025 3652 1219 3759 predictus
1232 3651 1397 3730 serviens
1415 3668 1543 3730 noster
1555 3654 1683 3732 omnia
1698 3671 1735 3732 et

311 3785 455 3897 singula
477 3787 687 3893 supradicta
716 3787 757 3862 in
787 3784 942 3862 ecclesia
975 3783 1224 3892 Ebroycensi,
1257 3801 1357 3861 certa
1380 3784 1443 3862 die
1467 3783 1596 3863 festiva
1619 3801 1659 3862 et
1679 3811 1735 3863 so

312 3917 471 4023 lempni,
487 3917 534 3993 de
550 3917 724 3994 mandato
738 3917 829 3994 dicti
842 3915 982 4006 ballivi,
995 3914 1237 4022 proclamavit
1252 3931 1290 3992 et
1308 3915 1458 3993 notorie
1471 3913 1684 4022 publicavit,
1697 3913 1745 3994 et'

315 4048 457 4124 dictum
478 4046 655 4135 militem,
676 4047 724 4123 ad
745 4047 899 4124 domurn
920 4047 1054 4153 ipsius,
1071 4075 1141 4153 pro
1160 4046 1351 4152 premissis
1365 4045 1546 4144 faciendis
1565 4062 1603 4123 et
1622 4047 1737 4124 adim·

312 4177 476 4285 plendis,
490 4206 615 4255 coram
627 4177 728 4254 dicto
738 4175 888 4268 ballivo,
901 4177 1039 4256 iterum
1053 4177 1275 4284 adjornavit‚
1289 4178 1514 4282 etpremissa
1527 4179 1653 4257 omnia
1663 4179 1734 4257 sibi
1868 4259 1873 4268 ,

313 4324 570 4415 competenter
590 4305 789 4397 intimavit,
810 4323 923 4412 prout
946 4307 1048 4382 idem
1067 4307 1229 4384 serviens
1247 4324 1377 4384 noster
1389 4306 1570 4413 premissa
1588 4308 1731 4398 omnia,

312 4440 392 4516 viva
405 4465 506 4526 voce,
523 4438 651 4516 retulit
666 4436 804 4515 ballivo
821 4453 1045 4527 memorato;
1058 4438 1196 4545 quibus
1206 4437 1259 4515 sic
1271 4437 1372 4526 actis,
1387 4436 1489 4513 idem
1506 4437 1615 4516 miles
1630 4454 1735 4544 post-

313 4571 483 4660 modum,
498 4575 592 4646 ausu
607 4566 827 4657 temerario,
842 4595 1019 4645 unacum
1036 4569 1199 4676 Symone
1216 4566 1262 4645 de
1279 4565 1526 4658 Garenceriis,
1542 4566 1679 4659 milite,
1697 4588 1735 4647 et

312 4701 483 4778 Johanne
504 4698 539 4777 le
559 4699 848 4807 Bourgucignol,
863 4700 1035 4778 Johanne
1053 4698 1101 4775 de
1117 4700 1275 4787 Laudes,
1287 4697 1496 4778 Guillelmo
1510 4699 1558 4775 de
1573 4699 1731 4790 Laudes,

313 4831 482 4908 Johanne
503 4830 549 4909 de
564 4831 812 4920 Garenceriis,
823 4830 994 4910 Johanne
1013 4831 1060 4907 de
1076 4827 1337 4920 Herlonviller,
1351 4831 1463 4907 Petro
1482 4829 1519 4907 le
1533 4829 1731 4922 Broullart,

315 4961 479 5067 Symone
500 4961 547 5038 de
567 4963 849 5052 Maumoucher,
872 4961 1081 5069 armigeris,
1103 4989 1284 5037 unacum
1304 4959 1530 5068 quibusdam
1550 4959 1634 5039 aliis
1657 4962 1734 5038 suis

313 5091 575 5201 complicibus,
594 5121 663 5198 per
676 5093 878 5190 clarrstrum
892 5091 1138 5200 Ebroycensis
1157 5089 1330 5182 ecclesie,
1353 5091 1393 5167 in
1408 5091 1565 5168 domum
1583 5089 1735 5199 Nicolay

395 5267 449 5311 aas
469 5267 551 5312 οιιιι.
575 5269 621 5310 ιιι.
1585 5241 1626 5304 86
