4450 6209
511 728 584 803 tta
1108 728 1198 801 LES
1224 724 1368 801 OLIM.

282 879 409 933 rernm
424 880 466 941 tt.
508 872 605 951 dicta
619 873 831 951 remanebit
842 874 880 950 in
891 872 1149 961 curianostra,
1168 868 1380 949 secundum
1394 884 1569 949 contenta
1580 872 1621 949 in
1632 870 1734 959 dicto
1745 904 1932 984 processu,

342 971 403 1013 ’Μ’
506 1006 644 1083 vocatis
662 1005 848 1114 partibus,
870 1003 1093 1082 decidenda.

479 1121 483 1127 ⁵
562 1136 662 1217 lovis
680 1154 767 1245 post
785 1135 896 1215 Oculi
917 1136 1006 1213 mei.

564 1266 771 1375 [Decanus]
787 1267 1028 1349 Cassellensis
1044 1268 1257 1374 reportavit.

564 1536 655 1612 tlx.
687 1534 802 1624 Cum,
833 1562 948 1643 super
973 1533 1227 1613 controversia
1257 1550 1360 1612 mota
1388 1533 1487 1611 inter
1514 1551 1775 1642 preceptorem
1803 1536 1935 1616 domus

507 1666 632 1744 Sancti
649 1650 750 1744 Petri
766 1664 814 1744 de
829 1666 940 1760 Mari,
959 1695 1002 1744 er
1017 1695 1094 1745 una
1110 1683 1234 1775 parte,
1251 1682 1290 1743 et
1309 1664 1482 1743 consules
1497 1690 1565 1743 seu
1580 1682 1753 1774 regentes
1770 1667 1935 1747 consula·

506 1815 590 1875 tum
604 1799 760 1876 civitatis
774 1798 965 1889 Narbone,
984 1827 1028 1876 ex
1040 1798 1177 1890 altera,
1190 1826 1304 1906 super
1319 1826 1365 1877 eo
1379 1796 1484 1905 quod
1499 1798 1622 1875 dictus
1634 1816 1833 1907 preceptor
1845 1800 1936 1879 dice

506 1928 572 2007 bat
586 1929 774 2009 territoria
788 1959 857 2009 seu
874 1930 1088 2009 terminalia
1108 1930 1207 2008 dicta
1222 1930 1277 2009 les
1292 1930 1385 2009 Cres
1403 1947 1441 2008 et
1462 1928 1517 2009 les
1537 1929 1698 2021 Gacbas,
1720 1948 1759 2009 et
1775 1932 1934 2040 quedam

506 2060 577 2139 alia
597 2090 672 2170 que
692 2062 924 2172 exprimebat
938 2091 1018 2141 esse
1033 2063 1185 2171 propria
1199 2062 1299 2141 dicte
1316 2062 1470 2153 domus,
1488 2078 1527 2140 ct
1540 2060 1665 2168 ipsum
1679 2080 1933 2170 preceptorem

507 2210 546 2271 et
561 2192 643 2301 ejus
657 2194 958 2301 predecessores,
978 2195 1135 2273 nomine
1154 2193 1254 2273 dicte
1275 2194 1431 2285 domus,
1448 2222 1529 2273 esse
1546 2210 1583 2271 et
1598 2192 1668 2271 diu
1681 2191 1798 2273 luisse
1814 2194 1855 2270 in
1869 2195 1935 2273 sai·

506 2324 585 2402 sina
615 2326 857 2416 eorumdem,
880 2325 989 2403 dictis
1010 2325 1232 2406 consulibus
1256 2353 1324 2404 seu
1346 2324 1567 2434 regentibus
1586 2324 1816 2403 contrarium
1840 2354 1935 2405 asse·

506 2458 692 2549 rentibus,
720 2475 758 2536 et
777 2456 992 2535 dicentibus
1016 2484 1056 2535 se
1080 2473 1119 2535 et
1134 2473 1386 2535 antecessores
1405 2483 1495 2544 suos
1515 2473 1553 2535 et
1575 2456 1852 2534 universitatem
1873 2486 1935 2534 eo-

505 2616 591 2665 rum
607 2588 740 2669 esseio
754 2590 889 2668 saisina
901 2589 1177 2697 predictorum,
1194 2588 1292 2666 dicte
1305 2604 1429 2707 partes
1442 2585 1584 2697 pluries
1595 2587 1935 2695 compromisissent

505 2720 544 2795 in
563 2718 693 2826 plures
712 2749 906 2827 personas,
928 2746 1054 2797 coram
1074 2747 1235 2827 quarum
1257 2718 1448 2825 aliquibus
1464 2748 1506 2797 ac
1525 2718 1716 2823 deputatis
1735 2717 1783 2795 ab
1799 2718 1854 2795 eis
1867 2716 1936 2797 suit

505 2878 573 2955 per
594 2850 712 2928 dictas
732 2868 855 2958 partes
877 2878 1095 2957 processum
1119 2850 1158 2927 in
1173 2866 1321 2929 tantum
1343 2850 1447 2957 quod
1471 2847 1542 2927 fuit
1556 2865 1654 2927 certa
1676 2847 1757 2926 dies
1777 2849 1825 2926 ad
1845 2848 1936 2927 deli·

504 2982 689 3059 niendum
712 2983 929 3090 negocium,
953 2984 1001 3061 de
1022 3010 1210 3061 consensu
1229 2982 1418 3092 parcium,
1440 2981 1640 3090 assignata;
1662 3009 1825 3089 cumque
1847 2982 1934 3061 dicti

506 3113 636 3192 arbitri
651 3114 796 3191 dictum
811 3114 1011 3222 negocium
1028 3142 1104 3191 non
1118 3130 1273 3220 possent
1284 3111 1341 3190 vel
1350 3111 1498 3189 nollent
1510 3140 1578 3219 per
1589 3140 1696 3191 suam
1709 3114 1934 3191 sentenciam

505 3246 725 3333 terminare,
749 3245 984 3352 predictique
1010 3245 1186 3323 consules
1208 3273 1276 3323 scu
1300 3260 1473 3353 regentes
1489 3243 1705 3351 periissent,
1727 3245 1933 3323 secundum

505 3376 717 3481 predictum
731 3404 966 3482 processum,
978 3405 1047 3485 per
1056 3393 1230 3455 nostrum
1239 3375 1411 3483 judicem
1422 3374 1674 3453 Biterrensem
1683 3375 1931 3465 ordinarium,

505 3506 758 3612 predictarum
787 3507 957 3613 parcium
991 3506 1137 3585 dictum
1162 3506 1362 3615 negocium
1394 3505 1565 3596 diffiniri,
1597 3524 1710 3614 prout
1739 3525 1818 3584 erat
1846 3536 1933 3586 con-

503 3653 656 3715 ventum
680 3637 777 3716 inter
797 3657 920 3745 partes
939 3639 1147 3746 predictas,
1169 3637 1396 3717 senescallus
1417 3639 1640 3717 Careassone
1660 3637 1803 3716 dictum
1823 3666 1933 3747 nego·

504 3768 620 3860 cium,
642 3770 680 3844 in
700 3786 799 3847 statu
819 3770 858 3846 in
878 3798 955 3877 quo
974 3788 1069 3861 erat,
1091 3771 1138 3848 ad
1159 3798 1199 3849 se
1221 3770 1421 3861 revocavit,
1443 3771 1580 3849 virtute
1601 3786 1813 3849 nostrarum
1835 3770 1932 3848 litte-

503 3928 647 3991 rarum,
666 3917 711 3977 ut
730 3899 895 3991 dicebat,
915 3929 1037 4009 perse
1053 3902 1322 3980 decidendum.
1341 3902 1554 4011 Superque
1571 3903 1827 3992 revocacione,
1846 3930 1929 3980 cum

503 4028 650 4121 fuisset,
667 4060 735 4138 per
755 4032 872 4112 dictas
892 4052 1030 4141 partes,
1048 4064 1175 4112 coram
1197 4032 1298 4111 dicto
1318 4034 1522 4113 senescallo
1544 4062 1586 4111 ac
1607 4062 1732 4114 coram
1753 4034 1929 4142 deputato

503 4162 658 4270 abipso,
672 4163 905 4256 altercatum,
919 4166 1022 4245 idem
1034 4164 1277 4256 senescallus,
1291 4194 1405 4273 super
1416 4164 1653 4244 deffinicione
1666 4165 1758 4243 dicti
1767 4167 1926 4277 negocii,

502 4294 679 4403 magistro
698 4297 808 4375 Petro
828 4298 986 4387 Roichc,
1003 4298 1126 4406 judici
1147 4296 1380 4387 Minerbesii,
1403 4297 1591 4376 commisit
1614 4298 1712 4377 vices
1739 4327 1844 4389 suas3
1866 4300 1926 4406 qui

501 4428 677 4536 magister
687 4430 835 4519 Petrus,
851 4458 927 4507 nou
940 4429 1176 4509 obstantibus
1192 4429 1429 4507 recusatione
1450 4446 1578 4508 contra
1597 4430 1722 4537 ipsum
1741 4430 1927 4537 proposita

501 4575 539 4635 et
558 4559 879 4666 appellacionibus
903 4560 1132 4667 interpositis
1153 4588 1222 4667 per
1246 4558 1419 4637 consules
1442 4588 1509 4638 seu
1530 4579 1701 4669 regentes
1724 4561 1923 4669 predictos,

500 4716 647 4767 necnon
663 4690 852 4797 pendente
872 4692 1035 4800 quadam
1055 4690 1127 4768 alia
1149 4690 1331 4769 dilacione
1352 4692 1512 4801 longiori
1529 4693 1576 4771 ad
1592 4693 1825 4771 audiendum
1840 4690 1926 4769 diffi-

501 4818 687 4897 nicionem
713 4822 804 4899 dicti
829 4824 975 4932 negocii
1000 4851 1126 4900 eoram
1148 4823 1353 4902 senescallo
1377 4823 1564 4931 predicto,
1592 4825 1693 4903 dicto
1718 4824 1923 4932 preceptori

501 4948 674 5027 saisinam
698 4952 870 5031 locorum
895 4954 1171 5064 predictonrm,
1199 4972 1237 5033 et
1261 4956 1518 5062 quorumdam
1543 4956 1704 5036 aliorum
1723 4956 1922 5065 petitorum

502 5096 539 5157 et
549 5082 823 5185 pertinencium
838 5086 1081 5177 eorumdem,
1100 5086 1343 5195 adjudicavit,
1363 5087 1570 5167 inhibendo
1586 5089 1696 5168 dictis
1711 5086 1923 5183 consulibus
