4450 6209
726 730 994 841 suouaras
1019 750 1081 823 nr
1108 734 1316 827 rnocns.
1599 802 1602 809 .
1663 748 1737 823 sia

312 888 533 997 dampnavit
543 889 688 968 dictum
701 894 920 1002 magistrum
931 894 1085 971 Petrum
1096 892 1145 971 ad
1158 892 1435 973 restituendum
1449 893 1521 1001 ipsi
1533 892 1737 972 Petronille
1777 899 1907 959 aarum
1919 906 1964 971 IV.

310 1021 569 1127 supradictum
590 1052 782 1130 campum,
811 1025 851 1101 in
877 1024 1011 1103 libello
1036 1025 1253 1133 principalis
1285 1054 1393 1105 cause
1422 1025 1676 1134 designatum,
1702 1042 1739 1102 et
1839 994 1903 1040 mi

310 1171 455 1260 septem
486 1154 601 1233 libras
631 1173 670 1232 et
703 1157 834 1236 decem
869 1157 1012 1236 solidos
1040 1160 1298 1246 Turonenses,
1329 1186 1397 1263 pro
1431 1160 1615 1265 expensis,
1645 1186 1739 1237 eun-

311 1282 398 1361 dem
426 1286 582 1365 Petrum
606 1288 646 1365 in
673 1289 844 1378 residuo,
871 1289 1045 1397 videlicet
1071 1290 1319 1367 infractibus
1350 1288 1598 1382 absolvenda,
1623 1288 1650 1365 a
1666 1318 1739 1396 qua

310 1414 467 1521 quidem
485 1420 686 1511 sentencia,
704 1449 773 1527 per
790 1421 933 1499 dictum
949 1423 1112 1511 Petrum,
1133 1423 1179 1499 ad
1200 1406 1365 1500 nostram
1381 1420 1523 1499 curiam
1540 1422 1660 1498 extitit
1678 1450 1741 1527 ap-

309 1544 514 1652 pellatum3
525 1550 656 1657 judice
676 1552 791 1660 igitur
804 1571 935 1631 nostro
948 1551 1297 1631 Montis-Pessnlani
1312 1553 1351 1629 in
1367 1552 1466 1630 dicta
1477 1552 1742 1659 appellacionis
1793 1568 1795 1575 ’

311 1705 420 1757 causa
439 1680 544 1772 dato,
562 1683 790 1789 cognitoque
809 1684 860 1761 dc
884 1684 1003 1762 causis
1024 1683 1325 1789 appellacionum
1339 1684 1599 1789 predictarum
1613 1682 1661 1760 ab
1680 1709 1743 1760 eo-

312 1810 418 1903 dem,
433 1814 515 1919 ipse
524 1815 790 1921 pronunciarit
808 1815 952 1893 dictum
966 1816 1136 1923 judicem
1160 1816 1207 1891 de
1224 1815 1350 1893 Alesto
1364 1814 1462 1893 bene
1477 1816 1741 1921 pronunciasse

311 1958 347 2019 et
373 1942 514 2049 dictam
540 1944 784 2025 Petronillam
806 1946 904 2023 male
931 1946 1154 2052 appellasse,
1181 1946 1401 2053 dictumque
1422 1945 1741 2025 locumtenentom

310 2075 503 2153 senescalli
519 2076 747 2157 Belli-cadri
764 2078 863 2155 male
876 2078 1159 2184 pronunciasse,
1176 2093 1213 2156 et
1229 2076 1372 2154 dictum
1393 2078 1547 2154 Petrum
1563 2076 1662 2155 bene
1678 2104 1741 2183 ap-

310 2203 490 2308 pellasse,
506 2225 679 2286 neutram
695 2213 841 2315 partem
862 2209 902 2284 iu
921 2208 1092 2315 expensis
1107 2208 1438 2314 condempnandor
1457 2237 1567 2316 aqua
1583 2207 1740 2316 quidem

310 2338 499 2415 sentencia
511 2339 567 2436 'ad
579 2357 748 2419 nostram
767 2340 909 2417 curiam
928 2340 1063 2418 iterato
1085 2340 1157 2417 luit
1174 2339 1402 2446 appellatum
1419 2371 1429 2416 a
1446 2339 1595 2419 Auditis
1614 2340 1738 2449 igitur,

310 2468 351 2543 in
376 2482 484 2547 causa
511 2470 609 2551 dicte
633 2471 914 2577 appellacionis,
931 2472 1101 2578 partibus
1120 2470 1314 2577 predictis,
1339 2488 1377 2548 et
1395 2470 1631 2578 processibus
1655 2498 1742 2547 cau-

311 2627 437 2677 sarum
455 2602 711 2707 predictarum
734 2602 935 2711 diligenter
952 2603 1148 2710 inspectis,
1168 2630 1236 2708 per
1260 2602 1362 2679 curie
1383 2620 1511 2680 nostre
1529 2601 1738 2709 judicium,

312 2728 455 2811 dictrrm
471 2733 548 2811 suit
566 2750 604 2811 et
621 2734 913 2840 pronunciatum
928 2734 1118 2840 predictos
1132 2732 1250 2811 Alesti
1266 2750 1303 2810 et
1321 2732 1668 2813 Montis-Passalani
1679 2764 1742 2843 Ju-

312 2860 413 2941 dices
425 2864 525 2941 male
536 2865 820 2972 pronunciasse,
839 2882 878 2943 et
888 2864 1026 2942 dictam
1039 2864 1296 2953 Petronillam,
1314 2864 1363 2942 ab
1377 2891 1509 2942 eorum
1530 2864 1739 2952 audiencia,

312 2992 410 3071 bene
424 2994 645 3100 appellasse,
663 3024 705 3071 ac
724 2996 1045 3073 locumtenentem
1064 2995 1154 3072 dicti
1177 2993 1369 3071 senescalli
1389 2993 1619 3073 Belli-Cadri
1641 2994 1740 3072 bene

311 3126 594 3230 pronunciasse,
616 3144 655 3203 et
678 3127 820 3205 dictum
838 3128 992 3203 Petrum
1013 3126 1059 3205 ab
1083 3127 1165 3233 ejus
1185 3125 1381 3203 audiencia
1399 3126 1497 3203 male
1517 3126 1739 3233 appellasse;

313 3272 352 3333 et
376 3256 665 3337 demandabitur
685 3257 806 3362 ipsius
828 3256 1122 3335 locumtenentis
1140 3256 1330 3335 sentencia
1354 3257 1584 3334 execucioni.

370 3368 548 3462 Mercurii
566 3403 653 3491 post
673 3387 826 3465 octabas
842 3383 1062 3465 Candelose,

368 3516 475 3597 Creci
491 3518 702 3626 reportavit.

368 3786 431 3862 Xl.
463 3784 680 3894 Significato
701 3786 810 3865 nobis
828 3787 935 3893 quod
957 3786 1134 3872 homines
1153 3785 1260 3861 castri
1285 3784 1536 3863 Sancti-Pauli
1561 3782 1608 3861 de
1629 3783 1745 3863 cada

312 3917 412 3994 lovis
421 3914 564 3994 ibidem
577 3917 624 3995 de
634 3946 731 3995 novo
742 3917 917 3997 consules
928 3916 1135 4025 elegerant,
1151 3916 1430 4025 utebanturque
1441 3916 1657 3994 consulatus
1667 3914 1744 3993 offi-

299 4048 385 4138 cio,
395 4065 568 4153 pretextu
578 4048 773 4155 cujusdam
785 4049 1037 4126 concessionis
1046 4048 1118 4128 sibi
1132 4048 1225 4125 facte
1235 4078 1305 4155 per
1317 4048 1492 4127 dominos
1507 4048 1597 4126 dicti
1614 4048 1739 4137 castri,

315 4168 442 4257 nostra
457 4178 612 4255 licencia
628 4206 707 4256 non
721 4178 890 4268 obtenta,
908 4179 1100 4257 libertates
1120 4178 1672 4286 francbesiasqueacquirentes
1687 4180 1744 4255 in-

316 4308 460 4402 debite,
483 4309 523 4387 in
536 4310 636 4418 juris
653 4308 773 4388 nostri
787 4309 1039 4418 prejudicium
1057 4326 1095 4386 et
1109 4338 1316 4416 gravamen,
1334 4311 1498 4417 datoque
1513 4337 1581 4416 per
1598 4326 1743 4387 nostras

314 4440 455 4519 litteras
472 4440 512 4517 in
531 4440 716 4519 mandatis
731 4441 937 4519 senescallo
951 4440 1169 4519 Tbolosano
1189 4440 1311 4548 quod,
1332 4441 1362 4518 si
1378 4441 1429 4517 ita
1445 4468 1525 4517 esse
1540 4439 1740 4526 inveniret,

315 4600 393 4651 non
410 4574 646 4679 permitteret
665 4573 785 4652 dictos
805 4572 981 4651 bomines
998 4571 1178 4680 predictis
1197 4572 1254 4649 uti
1274 4571 1434 4661 eisdem,
1453 4599 1568 4679 super
1589 4570 1678 4663 hiis,
1696 4572 1745 4647 si-

317 4703 482 4783 lencium
500 4704 745 4815 imponendo,
767 4705 841 4783 nisi
856 4721 985 4785 nostro
1006 4705 1198 4783 dumtaxat
1211 4702 1405 4811 privilegio
1426 4700 1669 4781 ostenderent
1687 4730 1746 4781 su·

316 4835 466 4943 perboc
475 4865 514 4914 se
526 4839 807 4919 munitoerisa
816 4837 933 4946 igitur
943 4836 1118 4943 inquesta
1131 4863 1245 4942 super
1258 4834 1449 4941 predictis,
1460 4862 1529 4942 per
1538 4834 1682 4912 dictum
1693 4864 1746 4914 se-

316 4967 522 5046 nescallum
542 4968 635 5047 lacta
648 4988 687 5048 et
703 4970 805 5048 curie
820 4987 958 5048 nostre¹
968 4968 1016 5045 de
1031 4966 1209 5046 mandato
1228 4983 1357 5045 nour‘o
1377 4958 1633 5075 remissa,·par
1645 4966 1745 5044 dicte

318 5098 421 5176 enne
436 5116 563 5177 nostre
573 5100 778 5207 judicium,
799 5100 942 5179 dictum
963 5099 1036 5176 luit
1054 5097 1198 5176 dictum
1216 5097 1451 5177 consulatum
1472 5120 1552 5177 esse
1572 5122 1745 5174 amoven-

404 5275 458 5318 css
481 5275 566 5319 caru.
591 5279 637 5319 111.
1576 5252 1615 5314 65
