4450 6209
507 730 581 808 tta
1078 730 1170 802 LES
1200 728 1340 803 OLIM.

280 886 466 952 rmmrslv,
505 872 771 981 condempnati
790 896 926 978 nepos,
948 900 1016 949 suo
1034 888 1073 947 et
1091 871 1247 963 Robini,
1266 870 1387 949 fratris
1406 869 1481 961 sui,
1501 868 1674 959 nomine,
1697 867 1746 943 ad
1764 886 1923 945 nostram
1966 896 1970 903 ·

341 964 404 1007 lm
507 1008 647 1083 curiam
660 1004 916 1112 appellarunt;
929 1032 1004 1109 qua
1015 1001 1272 1108 appellacione
1285 1030 1363 1080 nou
1377 1002 1565 1093 obstante,
1583 1001 1705 1077 dictus
1717 999 1926 1106 prepositus

501 1137 713 1243 judicatum
724 1163 834 1212 suum
845 1134 1060 1210 execucioni
1077 1132 1281 1220 mandavit,
1299 1150 1337 1209 et
1354 1132 1523 1238 patibulo
1534 1130 1730 1237 suspendit
1743 1131 1922 1218 eundem

506 1296 583 1374 quo
593 1266 689 1345 facto
700 1265 857 1372 predicti
869 1264 1058 1343 lohannes
1069 1282 1108 1341 et
1118 1265 1286 1342 Robinus
1298 1264 1447 1353 Milant,
1464 1263 1555 1341 dicti
1565 1262 1736 1369 suspensi
1747 1278 1921 1367 nepotes,

505 1390 801 1506 appellacionem
820 1396 1038 1505 hujusmodi
1058 1414 1345 1503 prosequentes,
1366 1396 1556 1502 petierunt
1572 1411 1786 1501 attemptata
1805 1394 1924 1499 hujus

504 1530 624 1616 modi,
648 1545 760 1634 prout
780 1544 859 1604 erat
882 1526 1077 1632 possibile,
1099 1528 1279 1615 revocari,
1300 1545 1337 1603 et
1356 1526 1494 1603 lactum
1514 1525 1733 1633 hujusmodi
1753 1543 1830 1601 tam
1856 1524 1922 1601 sibi

503 1688 617 1766 quam
639 1660 749 1737 nobis
769 1674 1026 1765 competenter
1047 1658 1257 1747 emendari3
1282 1658 1417 1733 auditis
1439 1656 1632 1735 hincinde
1650 1656 1828 1762 predictis
1848 1685 1923 1762 par-

502 1794 604 1871 tibus
630 1812 667 1871 et
686 1794 796 1900 plura
816 1792 907 1869 tacta
932 1790 1115 1868 contraria
1135 1778 1449 1897 proponentibus,
1473 1818 1584 1895 super
1608 1790 1660 1865 eis
1680 1787 1819 1894 inquiri
1842 1786 1924 1863 leci-

504 1955 589 2002 mus
601 1926 814 2002 veritatem:
829 1924 914 2003 Visa
928 1923 1043 2030 igitur
1057 1922 1246 2029 inquesta,
1265 1950 1377 2028 super
1390 1924 1463 1999 hoc
1475 1923 1568 2001 facta
1582 1940 1618 1997 et
1635 1921 1836 2029 diligenter
1849 1950 1923 1997 exa·
2022 1948 2026 1954 ·

505 2058 661 2143 minata,
684 2084 771 2131 cum
794 2054 842 2131 de
861 2054 959 2132 dicta
977 2052 1234 2161 appellatione
1256 2071 1293 2131 et
1313 2056 1540 2161 attemptatis
1559 2054 1737 2161 predictis
1757 2080 1825 2159 per
1845 2080 1921 2131 eam

504 2186 713 2265 constiterit
728 2204 768 2263 et
781 2186 829 2264 de
843 2186 940 2264 lacto
957 2186 1157 2294 principali
1170 2186 1259 2263 dicti
1274 2186 1476 2277 latrocinii,
1493 2185 1593 2262 dicto
1609 2213 1789 2292 suspenso
1806 2187 1922 2291 impo-

503 2320 579 2406 siti,
602 2320 720 2395 nichil
744 2320 937 2395 inventum
959 2318 1074 2396 fuerit
1095 2318 1324 2397 sufficienter
1346 2318 1561 2425 probatum,
1583 2344 1650 2423 per
1673 2319 1775 2395 curie
1801 2335 1921 2395 nostre

499 2452 690 2559 judicium
711 2452 855 2528 dictum
871 2450 943 2527 luit
954 2454 1059 2558 qnod
1076 2452 1231 2527 cadaver
1241 2448 1298 2527 vel
1312 2478 1394 2529 ossa
1410 2451 1499 2527 dicti
1518 2448 1686 2554 suspensi
1703 2450 1784 2555 ejus
1799 2449 1923 2525 amicis

503 2584 725 2676 reddentur,
750 2602 794 2659 ut
815 2583 1059 2661 ecclesiastice
1080 2583 1272 2689 sepulture
1296 2582 1500 2668 tradantur,
1524 2600 1561 2657 et
1579 2582 1680 2686 quod
1702 2581 1827 2658 omnia
1847 2582 1923 2687 ejus

502 2714 602 2791 bona
617 2713 773 2791 mobilia
792 2731 830 2789 et
845 2714 1061 2804 inmobilia,
1077 2745 1146 2822 per
1162 2732 1292 2822 gentes
1306 2732 1450 2791 nostras
1462 2740 1528 2791 seu
1543 2740 1803 2819 quoscumque
1817 2712 1921 2801 alios,

503 2846 652 2921 racione
665 2845 920 2951 suspensionis
935 2847 1171 2953 hujusmodi,
1188 2862 1380 2951 occupata,
1399 2846 1478 2952 ejus
1489 2844 1693 2921 heredibus
1707 2874 1748 2921 ex
1761 2844 1921 2951 integro,

503 3004 571 3081 per
581 2977 740 3053 modum
754 2978 978 3083 attempted,
1002 2978 1222 3067 reddentur,
1241 2994 1278 3053 et
1290 2976 1397 3089 quod
1413 2976 1535 3053 dictus
1556 2975 1766 3081 prepositus
1780 2977 1923 3082 predic-

502 3107 551 3183 tis
562 3106 766 3213 nepotibus
776 3124 927 3185 centum
943 3109 1057 3185 libras
1067 3112 1326 3197 Turonenses,
1343 3136 1411 3214 pro
1425 3108 1599 3213 dampnis
1612 3136 1761 3200 eorum,
1777 3110 1922 3185 racione

502 3240 779 3343 prosecucionis
800 3239 1036 3345 hujusmodi,
1059 3258 1098 3315 et
1117 3240 1226 3317 nobis
1248 3256 1396 3315 centum
1421 3238 1551 3327 libres,
1574 3270 1642 3345 pro
1663 3240 1823 3318 emenda
1844 3270 1924 3317 nos-

500 3386 574 3462 tra,
598 3370 743 3447 solvere
770 3371 1034 3477 compelletur,
1060 3388 1099 3446 et
1118 3372 1149 3448 si
1170 3400 1246 3447 non
1270 3370 1317 3447 sit
1342 3369 1539 3458 solvendo,
1562 3370 1651 3447 alias
1678 3369 1835 3448 civiliter
1859 3402 1923 3477 pu·
2023 3434 2027 3441 .

502 3502 637 3589 nietur,
663 3521 777 3607 prout
801 3503 904 3610 curie
929 3520 1054 3579 nostre
1077 3500 1267 3579 videbitur
1287 3500 1513 3580 laciendum.
1535 3502 1696 3581 Omnem
1719 3520 1846 3578 autem
1868 3504 1924 3577 in-

392 3733 395 3740 ,
502 3632 671 3721 lamiam,
691 3662 929 3740 quecumque
949 3633 1167 3739 nepotibus,
1185 3632 1377 3723 fratribus,
1399 3631 1606 3709 heredibus
1622 3631 1679 3709 vel
1694 3632 1823 3711 amicis
1839 3633 1925 3709 dicti

502 3764 672 3869 suspensi
698 3765 946 3868 imposterum
970 3782 1097 3870 posset
1122 3765 1218 3843 obici
1241 3765 1297 3841 vel
1319 3765 1475 3870 opponi,
1504 3764 1652 3841 racione
1676 3766 1925 3869 suspensionis

503 3893 685 3997 predicte,
706 3894 806 3969 curia
827 3912 954 3970 nostra
971 3895 1138 3971 totaliter
1160 3897 1309 3972 amovit.

558 4024 658 4100 Jovis
681 4042 765 4129 post
783 4024 1042 4103 Candelosam.

558 4288 699 4366 XCVII.
730 4289 848 4378 Cum,
870 4291 909 4365 in
930 4291 1034 4367 curia
1051 4291 1208 4369 seculari
1234 4294 1502 4399 archiepiscopi
1520 4295 1803 4405 Lugdunensis,
1827 4314 1925 4375 mota

502 4418 632 4495 luisset
656 4422 804 4526 questio
831 4449 945 4527 super
967 4421 1142 4527 pluribus
1170 4422 1280 4499 bonis
1311 4423 1571 4517 inmobilibus,
1603 4427 1707 4511 inter,
1729 4428 1924 4534 Hugonem

502 4550 634 4641 Bruni,
651 4553 873 4628 canonicum
892 4553 1131 4630 Sancti-lusti
1154 4556 1433 4662 Lugdunensis,
1454 4584 1498 4633 ex
1513 4585 1587 4632 una
1605 4576 1725 4661 parte,
1745 4576 1780 4633 et
1797 4560 1925 4633 Berau·

501 4679 595 4754 dum
624 4682 672 4758 de
689 4683 878 4760 Voissiaco
903 4702 942 4760 et
963 4685 1045 4791 ejus
1064 4684 1210 4773 fratres,
1238 4714 1280 4762 ex
1301 4686 1434 4774 altera,
1459 4716 1572 4792 super
1592 4688 1725 4765 saisina
1744 4716 1924 4795 quorum·

506 4810 592 4885 dam
613 4812 660 4888 de
681 4814 791 4891 dictis
809 4814 937 4905 honis,
953 4816 1071 4923 judex
1087 4818 1369 4894 Matisconensis
1387 4834 1513 4905 antea,
1531 4846 1599 4923 pro
1617 4818 1717 4896 dicto
1736 4820 1921 4907 Beraudo,

504 4970 616 5017 snum
638 4943 777 5021 tulerat
796 4946 1024 5053 judicatum,
1047 4978 1067 5024 a
1091 4976 1169 5054 quo
1195 4976 1271 5025 non
1296 4947 1417 5025 luerat
1440 4948 1688 5055 appellatum3
1711 4966 1749 5025 et
1767 4949 1921 5038 deinde,

503 5090 588 5177 post
611 5046 759 5153 obiium
785 5077 1052 5184 archiepiscopi
1078 5078 1353 5187 Lugdunensis,
1380 5080 1468 5157 sede
1490 5080 1734 5188 Lugdunensi
1755 5098 1921 5169 vacante,
