4450 6209
287 651 316 700 ⁸
755 677 1113 786 succurrere
1141 675 1351 769 esoces,
1694 697 1764 774 uu
1869 661 1878 680 '

339 838 440 918 diua
455 834 546 914 alias
562 835 735 922 restitute
747 835 862 914 luisse
880 836 991 915 dictis
1004 835 1269 946 burgmsihus
1284 851 1323 914 et
1344 835 1519 931 scabinis,
1540 837 1766 945 prenuncia·
1805 851 1936 911 Pnum
1950 853 1991 920 tv,

335 987 422 1050 tum
437 967 526 1059 fuit,
545 996 615 1076 per
632 967 736 1046 curie
752 985 880 1048 nostre
892 966 1101 1077 judicium,
1117 968 1251 1076 prisios
1264 968 1470 1076 predictas,
1487 970 1527 1048 in
1542 998 1659 1050 manu
1675 969 1766 1050 dicti
1866 949 1931 992 Μ’

336 1102 464 1182 ballivi
487 1101 649 1209 positus,
672 1101 783 1180 dicta·
797 1129 913 1180 mann
933 1119 1061 1182 nostra
1079 1103 1169 1180 inde
1195 1121 1338 1194 amota,
1361 1102 1471 1182 dictis
1496 1103 1765 1214 burgensiburi

337 1233 499 1314 scabinis
519 1251 558 1312 et
576 1235 838 1316 communitati
858 1235 1001 1314 debere
1019 1234 1130 1313 reddi
1153 1253 1189 1314 et
1210 1234 1379 1344 liberari,
1401 1235 1502 1314 sulm
1527 1237 1768 1316 munenibus

332 1364 582 1476 jure‘nostro.

394 1497 496 1575 lovis
513 1511 603 1604 pust
619 1493 1075 1576 Sancum-elementem,

394 1627 521 1708 Moeri
540 1626 756 1734 reportavit.

391 1891 487 1973 VIII.
517 1892 616 1972 Cum
633 1920 704 2000 pno
722 1917 771 1970 co
786 1890 892 1998 quod
910 1889 1082 1973 illelmus
1100 1892 1323 1982 Nummi,
1344 1893 1398 1970 de
1413 1891 1697 1985 Adibitis-Villa,
1714 1897 1767 1977 di·

336 2025 491 2104 rebatur
503 2025 710 2133 quemdam
726 2041 899 2102 vocatum
912 2021 1091 2113 Roborie,
1107 2021 1291 2114 Parisinus,
1302 2024 1535 2116 vulnerasse,
1551 2027 1766 2136 prepositus

334 2157 553 2236 Purisiensis
567 2156 757 2236 sexdecim
772 2183 918 2264 pannos
931 2156 970 2231 in
984 2155 1071 2232 hals
1082 2154 1291 2248 deDueco,
1307 2156 1486 2249 Parisius,
1505 2159 1572 2266 qni
1592 2159 1766 2241 diceban·

332 2305 400 2368 tnr
413 2315 496 2367 esse
512 2288 601 2367 dicti
618 2287 777 2380 Aletmi,
795 2304 1030 2381 attentasset,
1047 2285 1225 2365 videlicet
1237 2303 1382 2395 septem
1395 2289 1557 2384 vinidos,
1567 2291 1660 2370 duas
1675 2290 1766 2370 bru-

334 2439 441 2501 netrs
459 2420 601 2528 nigras,
617 2421 793 2528 quinque
805 2445 950 2527 pennos
965 2417 1014 2496 de
1028 2419 1168 2526 gueda,
1185 2447 1304 2496 unum
1322 2421 1581 2528 desguisetum
1597 2439 1634 2500 et
1648 2451 1763 2502 unum

334 2551 535 2632 munaum
558 2569 762 2645 monetam,
783 2550 998 2659 Stephanus
1016 2549 1239 2641 Nurritani,
1267 2567 1464 2640 mercator,
1488 2550 1620 2630 diceus
1643 2551 1765 2632 dictm

332 2711 479 2791 pannos
493 2709 697 2774 morerer,
714 2699 753 2760 et
770 2709 811 2759 se
827 2709 892 2760 eos
907 2681 1062 2772 emisse,
1079 2709 1157 2758 uno
1170 2710 1238 2788 per
1252 2679 1369 2758 alium
1386 2681 1615 2787 quemlibet,
1630 2683 1764 2762 decem

335 2831 374 2892 et
391 2831 478 2893 octo
497 2813 605 2895 libris
622 2812 911 2903 Parisiensibus‚
930 2812 1046 2921 peciit
1065 2840 1131 2890 eos
1148 2811 1221 2890 sibi
1240 2811 1357 2890 reddi
1367 2829 1406 2890 et
1424 2809 1647 2892 deliberarit
1667 2815 1774 2894 Visis

333 2946 449 3056 igitur
464 2944 770 3053 deposicionibus
788 2945 941 3024 testium
961 2973 1005 3022 ex
1019 2961 1125 3053 parte
1146 2943 1235 3022 dicti
1256 2943 1438 3051 Stephani
1458 2971 1573 3054 super
1593 2946 1666 3026 hoc
1683 2970 1765 3054 pro

334 3076 537 3156 ductorum
554 3076 659 3156 etde
672 3067 856 3157 mandato.
868 3076 973 3154 curie
990 3093 1249 3183 receptorum,
1263 3075 1427 3183 injunxit
1441 3077 1544 3154 curie
1562 3077 1664 3156 dicto
1677 3105 1760 3185 pre-

333 3207 457 3316 posito
469 3208 576 3316 quod
589 3209 670 3318 ipse
683 3207 787 3287 dicto
799 3207 992 3314 Stephano
1005 3207 1194 3286 deliberet
1206 3225 1244 3285 et
1255 3205 1392 3285 reddet
1401 3235 1546 3314 pennos
1559 3208 1761 3316 predictos

366 3341 431 3418 ,In
450 3340 546 3420 festo
566 3338 935 3420 Sancti-Clementis.

387 3605 451 3683 IX.
483 3604 583 3684 Cum
608 3603 785 3682 homiues
803 3602 891 3680 ville
918 3601 970 3681 de
987 3599 1202 3680 Lusrrchiis
1220 3601 1416 3707 conquesti
1434 3599 1615 3693 luissent,
1638 3629 1767 3682 norant

331 3735 470 3816 ballivo
490 3735 655 3844 episcopi
676 3733 914 3824 Pulsiensis,
932 3759 1111 3840 supereo
1130 3731 1425 3839 quod-Iohanne
1444 3731 1492 3812 de
1512 3731 1676 3840 Tilleyo,
1696 3733 1764 3814 do-

333 3867 434 3944 mins
445 3866 499 3945 de
515 3865 728 3946 Lusnchiis
739 3892 809 3973 pro
823 3882 948 3971 parte,
959 3863 1082 3941 dictos
1092 3862 1270 3942 homines
1282 3862 1322 3942 in
1333 3862 1570 3970 possessione
1581 3863 1765 3946 libertatis

334 4016 373 4077 et
390 3997 610 4088 franchisie,
632 3999 672 4074 in
693 4026 772 4105 qut
791 4026 831 4074 se
852 4013 891 4074 et
910 3995 1198 4105 predecessores
1220 4023 1309 4074 suos
1328 4012 1472 4076 esseet
1491 3994 1607 4077 luisse
1627 4023 1765 4078 aseme-

333 4128 443 4220 hanc,
462 4127 656 4210 nitebatur
671 4129 721 4206 de
737 4155 836 4208 nevo
851 4127 1055 4234 impedire,
1071 4126 1256 4234 capiendo
1273 4155 1341 4204 seu
1356 4126 1437 4234 cupi
1455 4125 1626 4206 faciendo
1640 4155 1712 4233 pro
1722 4155 1764 4204 se

260 4318 264 4325 x
333 4260 507 4339 victualia
528 4261 577 4338 ad
601 4261 772 4368 precium
795 4287 908 4337 suum
928 4286 1042 4365 super
1063 4257 1242 4336 homines
1265 4258 1366 4336 dicte
1390 4257 1494 4347 ville,
1520 4285 1677 4363 eosque,
1698 4285 1765 4363 per

333 4393 529 4500 preprium
543 4391 791 4480 servientem,
808 4417 937 4468 coram
953 4387 1175 4468 ballivosuo
1189 4389 1342 4495 proprio
1357 4387 1579 4497 ajornendo.
1593 4403 1765 4495 petentep

333 4551 402 4629 per
427 4522 575 4602 dictum
603 4523 785 4602 ballivum
802 4522 963 4600 dictum
979 4519 1308 4628 impedimentum
1327 4518 1532 4611 «artiorem,¹
1547 4517 1606 4599 vel
1631 4517 1770 4604 saltem-
1938 4545 1943 4552 “

333 4653 481 4734 dictum
498 4655 683 4738 debatnm
702 4654 751 4733 ad
771 4681 928 4737 meum
948 4681 1071 4742 suam,
1090 4670 1273 4758 tanquam
1292 4650 1515 4758 superioris,
1535 4651 1638 4757 poni,
1651 4668 1690 4733 ot
1709 4669 1766 4734 to-

334 4787 436 4876 neri3
460 4786 562 4866 dictu
585 4787 741 4866 domina
760 4785 803 4863 in
821 4784 1057 4864 eontrarium
1074 4800 1229 4891 petente
1242 4783 1371 4862 dictos
1389 4782 1566 4868 ttnmnes
1584 4799 1764 4890 tunquam

334 4917 696 5026 suosjusticiabiles‚
711 4917 784 4997 sihi
796 4916 941 4994 remitti
954 4946 965 4994 ε
980 4914 1170 5006 Tandem,
1188 4913 1287 4992 inter
1303 4930 1565 5020 procuratores
1580 4911 1768 4998 dieucum·

333 5051 521 5156 parcium,
541 5069 657 5159 prcut
674 5047 892 5130 asserebent
910 5047 1002 5128 dieti
1018 5044 1215 5138 homines,
1236 5043 1356 5126 extitit
1376 5043 1645 5128 concordatum
1661 5041 1770 5151 quod
