4450 6209
739 704 1008 812 suousrus
1034 724 1099 794 nr
1127 702 1336 796 raocss.
1674 728 1745 799 317

326 868 530 953 Andream,
551 863 657 971 quod
671 862 783 941 abbas
803 881 842 941 et
859 861 1064 941 conuentus
1082 864 1344 954 Maciacenses,
1361 888 1569 970 eorumque
1584 866 1687 971 prior
1702 868 1749 947 de
1787 875 1918 931 enom
1931 878 1972 942 Ν,

322 994 570 1077 Bretonneria
590 1011 628 1073 et
642 994 867 1101 capellanus,
891 1010 996 1071 erant
1014 994 1052 1069 in
1069 1011 1197 1073 nostra
1217 996 1338 1101 garda·
1349 993 1518 1101 speciali,
1541 1012 1580 1072 et
1598 995 1636 1073 in
1648 998 1749 1104 paci·
1849 970 1911 1011 Μ’

322 1127 393 1205 fica
419 1126 655 1234 possessione
679 1123 915 1232 percipiendi
938 1125 1102 1203 decimas
1132 1127 1170 1203 in
1195 1126 1279 1205 loco
1305 1125 1491 1232 predicto,
1521 1144 1608 1233 post
1631 1128 1747 1206 eciam

324 1256 598 1335 inhibicionem
626 1254 769 1332 eisdem
794 1254 978 1363 religiosis
1008 1257 1056 1331 de
1081 1258 1380 1363 burgo-Dolensi
1406 1286 1475 1363 per
1501 1256 1645 1336 dictum
1671 1286 1749 1337 ser-

323 1390 488 1467 vientem
512 1386 645 1489 laetam
659 1413 716 1497 *ne
738 1385 858 1462 dictos
876 1386 1071 1495 religiosos
1089 1386 1338 1491 Maciacenses
1361 1388 1402 1463 in
1425 1416 1490 1465 sua
1513 1390 1748 1494 possessione

322 1516 602 1625 perturbarent,
618 1516 754 1621 spretis
773 1516 1068 1594 denunciacions
1087 1533 1126 1594 ct
1142 1517 1374 1595 inhibicione
1385 1519 1581 1623 predictis,
1604 1523 1652 1600 ad
1672 1522 1749 1600 dic-

322 1668 405 1727 tum
426 1649 554 1727 locum
576 1649 811 1725 accesserunt
830 1649 980 1737 armati,
1007 1665 1045 1725 et
1063 1648 1196 1754 gerbas
1219 1676 1288 1754 per
1314 1649 1435 1727 dictos
1454 1650 1651 1759 religiosos
1670 1654 1749 1731 Ma-

323 1783 509 1858 ciacenses
531 1794 741 1885 perceptas,
763 1779 913 1856 racione
934 1778 1100 1867 decime,
1129 1795 1168 1857 ct
1186 1780 1225 1855 in
1244 1780 1406 1886 quadam
1425 1782 1575 1889 grangia
1594 1812 1662 1889 per
1682 1813 1747 1862 eos

322 1912 461 2019 positas
491 1926 529 1987 et
554 1936 622 2016 per
647 1909 872 1986 servientem
897 1926 1070 1987 nostrum
1097 1910 1146 1987 ad
1172 1938 1327 1987 manum
1354 1926 1519 1988 nostram
1544 1913 1745 2018 appositas,

323 2044 537 2121 levaverunt
559 2058 596 2117 et
612 2056 910 2145 asportaverunt,
930 2058 968 2117 et
983 2040 1144 2146 pluries,
1168 2070 1238 2149 per
1256 2042 1479 2119 servientem
1497 2058 1667 2120 nostrum
1687 2074 1747 2121 re-

323 2174 468 2281 quisiti,
495 2172 692 2249 restituere
716 2169 938 2261 noluerunt,
967 2171 1035 2249 sed
1061 2173 1184 2249 adhuc
1212 2200 1273 2249 eus
1294 2173 1483 2263 detinent;
1510 2192 1548 2249 et
1573 2174 1647 2252 hiis
1671 2204 1746 2253 non

323 2302 505 2390 contenti,
529 2301 591 2380 die
611 2303 799 2408 sequenti,
823 2331 892 2409 per
910 2303 1037 2381 locum
1055 2302 1269 2411 predictum
1290 2304 1420 2381 armati
1441 2321 1479 2382 et
1502 2305 1648 2411 equites
1671 2307 1747 2385 dis-

323 2451 533 2522 currentes,
560 2432 632 2510 nisi
656 2431 809 2509 fuerumt
833 2432 966 2541 gerbas
988 2435 1035 2513 ab
1055 2434 1132 2543 agri
1158 2434 1365 2513 cultoribus
1385 2436 1425 2511 in
1445 2463 1577 2542 campo
1596 2438 1745 2514 racione

323 2564 470 2642 decime
490 2560 680 2653 dimissas,
702 2563 823 2640 levare
847 2578 886 2641 et
904 2581 1117 2669 asportare,
1145 2565 1213 2641 sed
1237 2593 1305 2669 per
1327 2564 1550 2642 servientem
1576 2584 1745 2644 nostrum

322 2694 476 2771 fuerunt
492 2693 541 2771 ed
560 2720 714 2769 manum
730 2711 897 2771 nostram
917 2694 1054 2800 posite3
1071 2722 1187 2801 quare
1204 2696 1383 2801 petebant
1402 2695 1520 2773 ablata
1540 2724 1608 2802 per
1627 2697 1746 2775 dictos

322 2825 519 2933 religiosos
543 2824 590 2902 de
610 2824 906 2931 Burgo-Dolensi
925 2825 1068 2903 eisdem
1090 2826 1255 2915 restitui,
1283 2843 1321 2903 et
1338 2826 1469 2933 gerbas
1490 2825 1674 2932 predictas
1698 2829 1746 2905 ad

322 2984 477 3033 manum
505 2970 671 3032 nostram
697 2955 836 3062 positas
865 2956 920 3032 eis
941 2956 1158 3047 deliberari,
1189 2973 1227 3034 et
1250 2957 1497 3063 imposterum
1520 2986 1590 3061 per
1616 2986 1685 3035 nos
1707 2961 1745 3035 in
1876 2992 1880 3009 ·

322 3087 555 3193 possessione
574 3084 807 3190 percipiendi
824 3086 1009 3163 decimam
1030 3087 1069 3162 in
1089 3087 1174 3166 loco
1193 3087 1364 3193 predicto
1379 3086 1538 3194 gardiari
1553 3066 1664 3164 :Visa
1678 3090 1745 3197 igi-

321 3234 386 3294 tur
402 3218 591 3323 inquesta,
611 3245 723 3323 super
738 3217 811 3295 hoc
832 3218 967 3294 vocatis
990 3218 1175 3324 partibus,
1202 3218 1250 3295 de
1274 3220 1452 3297 mandato
1477 3235 1604 3297 nostro
1630 3219 1741 3312 facta,

267 3364 273 3371 '
323 3348 539 3425 ordinatum
557 3346 646 3436 luit,
665 3374 735 3453 per
753 3348 855 3423 curie
873 3365 999 3425 nostre
1013 3348 1217 3455 judicium,
1232 3349 1336 3454 quod
1351 3349 1449 3426 dicte
1464 3349 1595 3456 gerbe,
1616 3368 1745 3427 contra

322 3479 482 3585 predicti
508 3476 702 3555 servientis
729 3477 1031 3583 prohibicionem
1056 3494 1094 3554 et
1118 3506 1272 3555 manum
1297 3495 1462 3555 nostram
1486 3480 1525 3554 in
1553 3478 1606 3555 eis
1630 3509 1743 3587 appo-

322 3610 431 3687 sitam
450 3625 652 3715 asportate,
669 3635 738 3713 per
761 3609 880 3686 dictos
897 3608 1091 3714 religiosos
1111 3608 1158 3685 de
1178 3608 1470 3716 BurgoDolensi
1490 3608 1666 3715 predictis
1685 3640 1745 3688 re-

322 3742 466 3850 ligiosis
477 3739 769 3821 Maciacensibus
784 3739 1039 3831 restituentur,
1060 3757 1098 3817 et
1113 3739 1187 3816 alie
1209 3740 1323 3849 gerba
1341 3767 1416 3846 que
1435 3740 1614 3833 adhuc-in
1629 3771 1744 3821 manu

322 3891 450 3951 nostra
477 3889 655 3949 tenentur
679 3871 822 3947 eisdem
850 3869 1172 3959 deliberabuntur,
1197 3888 1235 3947 et
1255 3871 1358 3985 quod
1383 3870 1453 3977 ipsi
1478 3871 1641 3977 religiosi
1669 3874 1746 3951 Ma-

321 4004 507 4081 ciacenses
526 4002 566 4077 in
586 4003 820 4107 possessione
840 4030 906 4078 sua
924 4002 1159 4107 percipiendi
1185 4002 1369 4079 decimam
1393 4002 1434 4079 in
1458 4002 1551 4079 locis
1567 4002 1745 4109 predictis

322 4162 392 4240 per
412 4162 481 4211 nos
504 4132 544 4208 in
567 4131 737 4208 futurum
757 4129 1037 4236 gardiabuntur‚
1060 4132 1302 4209 salvatamen
1322 4160 1436 4239 super
1453 4131 1527 4209 hoc
1546 4134 1743 4237 questione

321 4263 559 4370 proprietatis
578 4263 676 4366 inter
693 4277 816 4366 partes
833 4261 1018 4367 predictas
1035 4289 1161 4338 coram
1175 4260 1304 4368 judice
1325 4262 1567 4368 competenti.

380 4394 537 4473 Cuillier
555 4392 769 4499 reportavit.

378 4657 503 4733 LXlll.
534 4655 648 4742 Cum,
669 4682 690 4729 a
709 4653 873 4759 quodam
889 4651 1076 4760 judicato,
1091 4679 1161 4758 per
1180 4654 1365 4731 decanum
1384 4669 1422 4730 et
1440 4652 1645 4759 capitulum
1665 4656 1745 4733 Lin-

322 4812 507 4893 gouenses
524 4785 585 4864 rel
601 4760 734 4864 eorum
756 4784 1028 4862 commissarios
1047 4782 1146 4861 lacto
1169 4802 1296 4860 contra
1313 4783 1489 4862 homines
1505 4784 1677 4863 villarum
1696 4787 1743 4863 dc

322 4916 552 5024 Marceleyo,
576 4917 623 4993 de
651 4916 803 4994 Planeto
830 4933 867 4992 et
894 4915 942 4993 de
964 4914 1294 5021 Tribus-Campis,
1318 4934 1510 5024 tamquam
1529 4946 1549 4992 a
1569 4944 1679 5021 pravo
1704 4936 1742 4994 et

326 5046 433 5136 salso,
450 5047 496 5123 ad
511 5064 677 5123 nostram
697 5046 836 5123 curiam
851 5045 1048 5150 perdictos
1065 5044 1241 5122 homines
1257 5046 1422 5125 extiterit
1437 5047 1684 5154 appellatum,
1702 5074 1742 5121 ac
