4450 6209
347 959 410 1003 lm.

511 990 870 1098 SanctoFussyanc,
885 1006 967 1067 orta
985 987 1118 1067 fiaissct
1136 988 1305 1099 questio,
1325 1018 1396 1097 pro
1415 1017 1462 1069 eo
1482 988 1586 1098 quod
1601 989 1726 1069 dictus
1744 992 1950 1101 episcopus

511 1120 700 1200 asserebat
719 1121 863 1199 dictum
878 1137 1031 1228 pratum
1050 1120 1165 1197 situm
1187 1148 1268 1201 esse
1286 1119 1445 1201 interra
1465 1138 1585 1201 suaet
1603 1120 1699 1199 inira
1717 1121 1815 1203 fines
1830 1128 1951 1206 terri·

509 1251 598 1331 torii
621 1252 898 1345 Ambianensis,
925 1251 966 1329 in
988 1280 1065 1360 quo
1084 1251 1166 1360 ipse
1192 1253 1390 1360 episcopus
1410 1270 1448 1331 et
1466 1254 1524 1333 sui
1545 1253 1831 1361 predecessores
1851 1286 1949 1337 con-

508 1403 713 1465 sueverunt
741 1383 1004 1464 omnimodam
1027 1384 1141 1463 altam
1167 1402 1206 1463 et
1231 1386 1378 1465 bassam
1403 1386 1547 1467 babere
1567 1386 1880 1495 jurisdicionem,
1909 1412 1949 1471 et

508 1517 562 1595 sic
583 1516 729 1597 dictum
755 1534 906 1627 pratum
931 1546 975 1595 ex
996 1515 1231 1595 forisfactura
1254 1516 1371 1625 ipsius
1396 1518 1495 1596 Petri
1519 1518 1568 1596 ad
1588 1519 1769 1598 eumdem
1796 1522 1948 1631 episco-

507 1678 602 1757 pum
613 1650 804 1759 pertinere
820 1647 979 1738 debere3
999 1664 1039 1726 et
1053 1678 1097 1726 ex
1110 1648 1287 1739 adverso,
1310 1649 1432 1727 dictus
1446 1647 1606 1728 ballivus
1619 1670 1850 1759 proponeret
1866 1656 1947 1733 dic·

506 1799 591 1859 tum
608 1800 760 1889 pratum
780 1784 897 1861 situm
917 1808 999 1859 esse
1018 1780 1116 1859 infra
1136 1780 1369 1859 scabinatum
1391 1778 1704 1874 Ambianenscm,
1727 1800 1828 1861 extra
1846 1784 1946 1891 fines

506 1912 686 1991 territorii
706 1914 946 2021 deHoquato
961 1912 1065 1991 etde
1084 1912 1335 2003 Bibe-Boura
1351 1930 1391 1990 et
1407 1915 1549 2023 Regem
1564 1941 1643 1993 esse
1660 1914 1699 1991 in
1719 1915 1853 1995 saisina
1868 1918 1943 1997 alte

504 2044 656 2153 justicie
681 2063 721 2123 et
743 2043 1065 2125 forisfacturasum
1084 2044 1126 2121 in
1150 2044 1253 2123 dicto
1278 2044 1472 2125 scabinatu
1495 2072 1563 2123 seu
1585 2044 1678 2158 iocis
1697 2046 1830 2127 sinaitis
1852 2078 1944 2139 con,-

508 2176 689 2268 dicicnis,
706 2196 760 2268 et,
779 2179 830 2257 ob
855 2180 945 2267 boe,
969 2178 1095 2284 ipsum
1119 2193 1271 2285 pratum
1293 2206 1337 2255 ox
1364 2176 1463 2255 dicta
1484 2176 1716 2257 forisfactura
1735 2180 1785 2257 ad
1800 2182 1943 2289 Regem

508 2309 715 2415 pertinere,
730 2327 768 2387 et
778 2310 852 2389 sibi
866 2338 1062 2389 remanere
1077 2308 1240 2387 debere:
1256 2308 1448 2398 Tandem,
1460 2310 1599 2387 vocatis
1613 2311 1782 2417 partibus
1794 2330 1832 2389 et
1843 2314 1943 2391 suffi-

507 2444 653 2553 cienter
677 2443 835 2534 auditis,
860 2443 938 2521 visa
959 2442 1079 2520 eciam
1103 2442 1278 2549 inquesta
1302 2470 1417 2549 super
1444 2442 1518 2519 hoc
1541 2440 1652 2531 facta,
1686 2444 1942 2553 omnibusque

508 2578 579 2653 rite
594 2576 701 2665 actis,
723 2605 793 2681 per
806 2575 909 2653 curie
924 2574 1115 2681 judicium
1133 2572 1428 2679 pronunciatum
1446 2572 1518 2651 suit
1532 2572 1638 2681 quod
1659 2573 1781 2654 dictus
1798 2578 1943 2685 episco-

508 2736 579 2815 pus
597 2708 855 2785 intencionem
876 2733 984 2781 suam
1004 2731 1082 2783 non
1101 2704 1341 2808 probaverat,
1370 2721 1408 2781 et
1431 2702 1519 2781 ideo
1541 2704 1642 2783 cruia
1667 2706 1813 2788 dietum
1832 2706 1941 2787 balii-

508 2868 598 2916 vum
617 2836 794 2929 absolvit,
812 2834 860 2911 ab
874 2831 1121 2945 impeticicne
1140 2831 1304 2945 episcbpi
1325 2834 1536 2913 memorati.

566 3109 627 3185 XI.
658 3106 756 3185 Cum
773 3109 881 3216 prior
896 3127 934 3187 et
952 3125 1159 3187 conventus
1174 3110 1222 3187 de
1238 3107 1343 3187 Cella
1364 3110 1402 3185 in
1421 3112 1533 3218 Brya,
1556 3108 1725 3187 diceutes
1741 3138 1782 3188 se
1801 3136 1881 3189 esse
1901 3112 1939 3187 in

507 3238 609 3315 bona
620 3240 753 3317 saisina
764 3238 836 3317 alte
853 3257 890 3317 et
904 3240 1013 3318 basse
1023 3240 1174 3348 justicie
1187 3241 1230 3317 in
1248 3241 1424 3349 villaque
1441 3240 1936 3348 diciturViller-Templom,

508 3387 548 3447 et
567 3399 625 3457 se,
647 3373 799 3451 racione
821 3372 992 3481 specialis
1018 3372 1134 3480 garde
1159 3389 1303 3463 nostre,
1328 3372 1468 3451 debere
1492 3389 1530 3450 et
1549 3390 1750 3451 consuetos
1773 3400 1852 3449 esse
1871 3372 1945 3480 per'

506 3502 752 3581 Parisiensem
780 3505 1016 3612 prepositum
1045 3503 1223 3609 gardiari,
1254 3521 1579 3611 conquererentur
1609 3504 1656 3581 de
1682 3503 1820 3582 ballivo
1846 3504 1938 3581 Tre-

504 3634 607 3711 censi
622 3653 661 3712 et
676 3635 759 3741 ejus
771 3637 965 3741 preposito
980 3635 1028 3711 de
1045 3635 1317 3728 columberiis,
1334 3636 1417 3743 qui,
1432 3653 1474 3712 ut
1489 3635 1680 3726 dicebant,
1692 3635 1936 3741 impediendo
1993 3612 1998 3621 ¹

505 3764 719 3870 superbiis
743 3766 863 3843 dictos
885 3766 1102 3875 religiosos,
1130 3766 1268 3874 injuste
1295 3786 1334 3845 et
1356 3768 1406 3845 de
1431 3794 1527 3844 novo
1550 3767 1731 3873 quasdam
1750 3768 1864 3874 prisia
1882 3768 1936 3845 fe·

505 3913 636 3973 cerant
650 3896 794 3975 ibidem
805 3896 1051 4005 justiciando,
1069 3916 1317 4007 peterentque
1334 3899 1466 4006 prisias
1481 3896 1704 4007 hujusmodi
1721 3899 1813 3978 sibis
1826 3898 1934 3979 reddi

506 4054 575 4132 per
593 4056 747 4105 manum
769 4030 858 4107 dicti
880 4029 1096 4109 Parisiensis
1114 4032 1296 4139 prepositi
1320 4031 1379 4108 vel
1401 4050 1585 4121 nostram,
1608 4049 1646 4109 et
1666 4060 1686 4108 e
1706 4050 1835 4109 contra
1859 4032 1936 4109 dic-

505 4176 568 4238 tus
587 4157 767 4252 ballivus,
791 4162 941 4241 racione
963 4164 1184 4271 Campanis,
1208 4165 1353 4243 diceret
1374 4192 1414 4241 se
1433 4190 1515 4242 esse
1539 4164 1579 4242 in
1603 4163 1840 4271 possessione
1862 4162 1934 4241 alte

505 4306 545 4368 et
569 4290 677 4371 basse
697 4294 848 4402 justicie
875 4295 915 4371 in
940 4294 1025 4373 villa
1045 4296 1233 4405 predicta,
1262 4314 1358 4374 etse
1379 4323 1457 4374 non
1478 4296 1600 4373 teneri
1625 4296 1674 4374 ad
1694 4295 1933 4374 reddendum

504 4423 638 4529 prisias
668 4426 904 4505 antedictas:
934 4429 1123 4518 Tandem,
1155 4428 1295 4507 auditis
1327 4427 1543 4507 racionibus
1576 4428 1744 4535 parcium
1775 4427 1865 4505 binc
1898 4444 1934 4505 et

505 4552 611 4645 inde,
642 4569 681 4634 et
704 4557 792 4636 visis
822 4558 971 4636 duabus
999 4558 1338 4639 informacionibus
1370 4588 1484 4666 super
1509 4558 1586 4637 'hoc
1611 4559 1735 4649 factis,
1768 4586 1842 4635 una
1868 4584 1934 4665 per

505 4684 545 4759 P.
567 4684 723 4776 Saimel,
748 4705 840 4765 tunc
862 4688 1042 4767 ballivum
1066 4692 1315 4785 Trecensem‚
1338 4690 1466 4767 atalia
1491 4717 1559 4796 per
1578 4688 1813 4797 prepositum
1833 4690 1933 4767 Pari-

504 4814 683 4910 siensem,
701 4819 762 4896 vol
780 4848 849 4926 per
866 4821 1065 4928 deputatos
1084 4823 1132 4900 ab
1154 4823 1259 4931 ipsis,
1278 4850 1346 4931 per
1362 4822 1466 4900 curie
1488 4838 1616 4899 nostre
1633 4819 1841 4927 judicium,
1862 4821 1932 4899 dic·

504 4963 588 5024 tum
614 4946 688 5026 fuit
713 4950 834 5059 quod,
864 4951 1032 5030 totaliter
1060 4954 1237 5033 anullatis
1263 4953 1601 5033 informacionibus
1631 4970 1669 5030 et
1696 4950 1931 5060 processibus

504 5076 723 5172 antedictis,
751 5080 875 5161 dictus
900 5079 1061 5161 ballivus
1085 5084 1254 5163 resaisiet
1280 5083 1424 5173 dictum
1452 5081 1577 5161 locum
1606 5080 1653 5160 de
1681 5080 1805 5189 prisiis
1830 5097 1931 5159 ante-

513 712 537 787 8
1095 714 1186 787 LES
1215 712 1359 789 OLIM.

286 868 419 923 rmum
431 866 477 932 Ν,
512 856 601 935 dam
620 857 788 967 magistri
805 854 950 937 Gaitari
968 856 1017 935 de
1032 855 1178 965 Folloy,
1198 856 1304 965 quod
1318 856 1601 965 pratumbaisse
1622 856 1759 937 dicitur
1771 862 1875 939 Petri
1899 864 1950 941 de
2075 166 2124 1515 W

2122 2512 2124 2609 1

2122 3590 2124 3647 ι

2122 3668 2124 3763 i
