4450 6209
759 698 1026 809 nuoutrns
1052 720 1115 793 nr
1141 701 1346 795 pauens
1697 726 1767 797 501

392 857 484 935 CXI.
516 858 617 936 Cum
635 860 827 936 lohannes
845 858 980 938 dictus
986 859 1116 939 Perier
1132 861 1236 939 curie
1256 879 1382 941 nostre
1398 883 1624 973 conquestus
1641 863 1774 945 luisset
1809 878 1939 933 Pnuurr
1952 882 1996 943 tv

336 987 440 1093 quod
457 988 573 1067 abbas
592 988 737 1067 Sancti·
737 990 941 1069 Pharaonis
959 989 1181 1084 Meldensis,
1204 1010 1242 1071 et
1256 990 1487 1073 Guillelmus
1506 995 1555 1073 de
1573 995 1606 1071 la
1626 996 1768 1101 Rajate‚
1871 972 1933 1015 ¹³⁰⁹

335 1119 460 1208 miles,
484 1119 728 1229 inquisitores
745 1150 765 1199 a
788 1120 900 1200 nobis
921 1150 1032 1229 supra
1054 1122 1233 1201 officiales
1252 1141 1402 1203 nostros
1421 1126 1460 1203 in
1480 1125 1629 1205 ballivia
1649 1128 1771 1203 Turo-

333 1253 441 1329 nensi
456 1252 642 1358 deputati,
659 1252 800 1360 ipsum,
819 1280 888 1361 pro
902 1252 1132 1362 quibusdam
1143 1272 1272 1333 contra
1283 1283 1370 1339 eum
1383 1257 1602 1364 propositis,
1616 1258 1654 1333 in
1671 1277 1770 1336 certa

330 1383 493 1488 pecunie
508 1411 672 1475 summa,
689 1382 800 1461 nobis
816 1384 1013 1477 solvenda,
1030 1385 1200 1465 indebite
1219 1403 1257 1465 et
1272 1386 1427 1495 injuste,
1443 1406 1486 1465 ut
1500 1387 1663 1477 dicebat,
1673 1417 1770 1469 ,con-

333 1514 616 1604 demnaverant,
638 1530 677 1591 et
696 1533 851 1622 propter
867 1516 941 1594 hoe
955 1516 1057 1595 bona
1076 1516 1193 1625 ipsius
1213 1516 1378 1596 fecerant
1393 1520 1582 1609 arrestari,
1605 1522 1769 1626 require-

331 1664 390 1721 ret
402 1644 737 1750 quodnosdictam
753 1645 1140 1755 condempnacionem
1162 1665 1201 1727 et
1218 1675 1261 1725 ea
1275 1676 1350 1756 que
1375 1648 1509 1727 exinde
1532 1668 1663 1756 sequta
1682 1669 1770 1729 sunt

330 1804 593 1853 revocaremus
615 1808 624 1852 :
646 1776 734 1856 Visa
757 1775 1026 1855 informacione
1051 1806 1166 1886 super
1189 1779 1263 1857 boe
1288 1776 1400 1870 facta,
1424 1808 1494 1888 per
1520 1782 1664 1859 curiam
1688 1811 1768 1859 nos·

327 1925 422 1984 tram
447 1934 669 2013 responsum
689 1907 761 1985 luit
784 1908 908 1986 eidem
928 1909 1035 2016 quod
1052 1910 1171 1988 nichil
1189 1911 1363 1989 restituet
1378 1910 1557 1989 dominus
1573 1914 1648 1989 Rex
1665 1913 1766 1989 dicto

328 2038 491 2117 lohanni
508 2040 557 2117 de
572 2038 770 2146 bonisque
785 2056 966 2147 ceperunt
979 2041 1169 2149 predicti
1160 2042 1402 2149 inquisitores
1415 2042 1463 2119 de
1478 2071 1565 2131 suo,
1582 2044 1649 2121 sed
1666 2061 1763 2151 agat,

328 2200 359 2247 sr
349 2171 485 2261 velit,
506 2187 636 2249 contra
658 2171 759 2279 ipsos
777 2172 1030 2279 inquisitores

384 2303 514 2383 Martis
532 2321 619 2384 ante
638 2306 776 2385 Ramos
792 2303 1019 2386 Palmamm

382 2573 490 2650 CXII.
523 2571 639 2660 Cum,
656 2572 705 2647 ad
720 2572 940 2650 instanciam
960 2544 1161 2651 doctorum
1180 2592 1218 2650 et
1232 2574 1433 2651 scolarium
1452 2573 1665 2652 Aurelianis
1685 2594 1764 2653 stu-

329 2703 521 2795 dendum,
539 2732 654 2811 super
669 2702 897 2810 quibusdam
911 2704 1061 2813 injuriis
1076 2721 1115 2782 et
1126 2705 1321 2783 violenciis
1334 2704 1495 2795 eisdem,
1513 2720 1556 2781 ut
1568 2704 1759 2797 dicebant,

324 2864 393 2941 per
411 2835 596 2942 quosdam
617 2835 714 2913 cives
733 2852 772 2912 et
793 2834 1025 2914 habitatores
1043 2834 1131 2913 ville
1154 2834 1435 2914 Aurelianensis
1454 2834 1583 2923 illatis,
1610 2836 1761 2941 inques

324 2982 400 3043 tam
415 2965 636 3073 quamdam,
656 2967 704 3043 de
725 2966 903 3043 mandato
922 2982 1054 3044 nostro
1074 2965 1227 3055 laetam,
1247 2966 1318 3072 ipsi
1334 2964 1570 3073 requirerent
1589 2966 1704 3042 videri
1724 2985 1762 3044 et

318 3097 504 3205 judicari,
521 3114 627 3203 parte
643 3098 796 3188 adversa
811 3096 939 3203 plures
955 3095 1125 3175 raciones
1140 3097 1180 3173 in
1201 3096 1430 3174 contrarium
1449 3113 1685 3203 proponente
1711 3099 1758 3173 ad

323 3230 440 3306 linem
456 3227 650 3333 anullandi
664 3228 877 3333 inquestam
891 3206 1120 3334 predictam,
1138 3244 1177 3303 et
1191 3228 1293 3304 curia
1309 3245 1437 3305 nostra
1452 3228 1591 3304 dictam
1608 3229 1758 3334 inques-

322 3380 398 3437 tam
423 3359 582 3467 apperiri
609 3376 647 3436 et
666 3358 783 3436 videri
806 3356 968 3446 fecisset,
992 3359 1040 3434 ad
1065 3356 1264 3436 sciendum·
1287 3359 1318 3437 si
1344 3376 1442 3435 esset
1466 3358 1505 3433 in
1529 3376 1627 3435 statu
1651 3361 1757 3465 quod

321 3510 449 3602 posset
465 3490 629 3600 judicari
651 3522 660 3567 ι
680 3491 870 3579 Tandem,
895 3489 1035 3567 auditis
1056 3489 1146 3566 hinc
1167 3490 1257 3567 inde
1282 3488 1483 3598 propositis
1501 3508 1539 3566 et
1561 3491 1637 3567 viso
1659 3508 1757 3567 statu
1875 3470 1877 3477 f

322 3626 422 3703 dicte
434 3626 623 3732 inqueste,
638 3651 706 3731 per
725 3640 911 3701 arrestum
926 3638 1054 3700 nostre
1071 3621 1192 3711 curie,
1212 3622 1355 3701 dictum
1373 3620 1445 3699 fuit
1460 3621 1566 3728 quod
1582 3620 1678 3697 dicta
1698 3621 1756 3696 in-

321 3774 452 3863 questa
470 3783 549 3834 non
564 3754 809 3864 judicabitur,
832 3754 900 3831 sed
921 3753 1012 3831 certi
1039 3752 1231 3832 auditores
1249 3782 1317 3861 per
1337 3754 1478 3831 curiam
1499 3769 1666 3830 nostram
1689 3751 1756 3828 de-

320 3888 566 3994 putabuntur,
588 3887 728 3992 quibus
746 3885 946 3963 tradentur
963 3884 1002 3961 in
1017 3883 1165 3991 scriptis
1184 3884 1338 3963 nomina
1357 3912 1604 3992 personarum
1625 3884 1755 3989 quein

320 4020 419 4097 dicta
438 4021 612 4126 inquesta
630 4035 779 4125 reperte
796 4035 885 4094 sunt
904 4017 952 4093 de
966 4016 1146 4124 predictis
1165 4033 1353 4124 suspecte,
1371 4045 1412 4093 ac
1426 4016 1581 4093 nomina
1600 4016 1754 4093 testium

319 4153 357 4228 in
384 4152 519 4230 eadem
538 4166 803 4227 contentorum
833 4148 898 4255 qui
926 4148 1022 4226 scire
1041 4148 1217 4226 videntur
1237 4148 1370 4254 aliqua‘
1387 4148 1434 4225 de
1454 4149 1643 4255 predictis.
1666 4150 1755 4241 Qui-

318 4284 392 4361 bus
405 4280 644 4363 auditoribus
658 4280 916 4359 committetur
930 4279 1036 4387 quod
1053 4278 1140 4386 ipsi,
1159 4296 1236 4357 tam
1254 4296 1383 4356 contra
1397 4278 1586 4387 predictos
1605 4307 1753 4385 suspec-

318 4436 376 4495 tos
401 4445 514 4524 quam
540 4432 670 4492 contra
696 4412 806 4501 alios,
828 4412 882 4490 eis
901 4409 1171 4502 nominandos,
1192 4428 1268 4487 tam
1293 4438 1362 4518 per
1382 4408 1503 4486 dictos
1521 4426 1649 4499 testes,
1672 4410 1751 4515 jam

317 4548 539 4657 productos,
556 4576 671 4654 quam
686 4573 755 4653 per
772 4543 866 4623 alios
881 4571 1009 4621 coram
1023 4544 1077 4623 eis
1091 4543 1375 4651 producendos,
1392 4540 1530 4618 vocatis
1543 4540 1752 4646 specialiter

318 4681 487 4790 partibus
510 4697 547 4757 et
569 4677 649 4756 aliis
671 4674 885 4766 evocandis,
907 4673 1121 4781 auditisque
1140 4672 1319 4752 omnibus
1342 4698 1416 4780 que
1433 4671 1520 4749 hinc
1540 4672 1650 4759 inde,
1666 4690 1750 4773 'tarn

318 4840 430 4919 super
455 4809 648 4919 principali
669 4807 766 4887 facto
790 4806 960 4916 predicto
986 4834 1098 4912 quam
1120 4822 1249 4884 contra
1270 4833 1449 4913 personas
1469 4804 1656 4882 dictorum
1678 4820 1751 4881 tes-

317 4944 413 5022 tium
425 4960 698 5050 proponentur,
715 4941 911 5047 inquirant
924 4966 1012 5016 cum
1028 4936 1229 5045 diligencia
1243 4938 1454 5029 veritatem,
1470 4955 1508 5014 et
1519 4938 1747 5042 inquestam,

318 5105 431 5183 quam
455 5104 570 5182 super
588 5076 661 5153 hoc
680 5073 838 5151 fecerint
859 5071 903 5147 ad
924 5089 1091 5149 nostram
1112 5069 1274 5161 curiam,
1295 5068 1527 5176 quamcicius
1550 5069 1747 5145 commode
