4450 6209
760 734 1030 850 nuoutrus
1055 756 1120 829 er
1147 740 1354 831 esoces.
1695 756 1769 830 ses

346 936 573 999 ramentum.
594 917 706 1012 Item,
727 920 861 999 eodem
878 920 995 998 modo
1012 919 1059 997 de
1080 947 1170 1025 pace
1186 917 1352 1026 generali
1369 915 1513 995 ibidem
1527 916 1771 1024 pronunciata
1809 906 1940 1042 ⁹⁸¹3?
1951 909 1995 973 ΙΨ

346 1052 446 1128 inter
459 1078 592 1128 omnes
607 1051 655 1128 de
672 1050 735 1127 illa
749 1052 867 1158 patria
880 1048 1182 1129 senescalliarum
1197 1049 1431 1136 Tholosane,
1449 1046 1770 1136 Carcassonensis,
1928 1030 1933 1042 ⁸

346 1180 658 1292 Petragoricensis
674 1198 711 1258 et
723 1180 975 1270 Caturcensis,
992 1198 1030 1258 et
1040 1180 1164 1258 tocius
1181 1180 1337 1258 ducatus
1353 1179 1568 1287 Aquitanis,
1586 1206 1701 1286 quam
1713 1206 1773 1283 pa-

348 1340 429 1389 cem
446 1340 531 1401 nos,
552 1340 595 1390 ex
614 1328 713 1389 certa
733 1312 891 1390 sciencia
910 1329 947 1390 et
965 1340 1007 1389 ex
1026 1340 1154 1400 causa,
1170 1312 1444 1399 renovavimus,
1467 1327 1506 1387 et
1523 1309 1659 1389 servari
1674 1309 1772 1388 inter

346 1442 535 1549 predictos
547 1443 704 1521 comites
718 1461 756 1522 et
770 1470 903 1522 omnes
917 1442 1009 1521 alios
1022 1441 1300 1537 inviolabiliter,
1317 1441 1418 1549 regia
1431 1442 1669 1529 auctoritate,
1688 1470 1774 1548 qua-

348 1603 511 1682 cumque
523 1575 798 1653 consuetudine
809 1575 991 1654 contraria
1005 1572 1267 1665 nonobstante,
1280 1574 1480 1651 statuimus
1492 1589 1531 1650 et
1540 1572 1774 1650 decrevimus

347 1706 419 1783 sub
439 1732 535 1812 pena
554 1704 742 1812 predicta,
758 1724 796 1785 et
813 1708 1051 1816 precepimus
1067 1705 1269 1784 senescallo
1282 1704 1517 1796 Tholosano,
1535 1704 1679 1781 ibidem
1694 1732 1774 1810 pre·

348 1836 462 1928 senti,
480 1854 518 1915 et
534 1836 670 1915 eodem
684 1838 800 1916 modo
819 1836 988 1915 mandari
1006 1838 1246 1944 precepimus
1257 1836 1356 1925 aliis,
1375 1865 1444 1944 per
1456 1835 1598 1913 litteras
1610 1852 1769 1927 nostras,

347 1986 391 2047 ut
405 1968 612 2074 predictam
627 1998 757 2075 pacem
773 1969 958 2077 publicari
975 1986 1013 2047 et
1025 1970 1160 2049 servari
1167 1968 1210 2044 in
1222 1968 1333 2047 dictis
1342 1967 1570 2046 senescalliis
1583 1984 1621 2045 et
1635 1969 1773 2046 ducatu

348 2098 500 2191 faciant,
524 2116 561 2176 et
580 2098 778 2180 violatores
797 2118 836 2179 et
860 2099 1023 2179 rebelles
1049 2100 1228 2179 remediis
1248 2100 1447 2208 oportunis
1467 2097 1713 2206 compellent,
1736 2116 1774 2177 et

349 2230 421 2307 boc
436 2230 537 2309 idem
555 2232 725 2310 mandari
740 2234 998 2341 precepimus,
1018 2262 1085 2340 per
1104 2233 1247 2311 litteras
1267 2251 1428 2325 nostras,
1450 2230 1679 2333 senescallis‚
1702 2231 1775 2308 mi-

348 2360 474 2439 nistris
498 2378 537 2439 et
560 2362 739 2471 gentibus
762 2364 903 2474 egregii
927 2365 1123 2472 principis,
1149 2365 1329 2443 karissimi
1353 2364 1421 2440 filii
1448 2363 1555 2440 ducis
1574 2361 1774 2469 Aquitanie

348 2490 472 2569 fidelis
494 2494 623 2571 nostri.
646 2495 756 2588 Item,
777 2496 927 2605 gagium
948 2495 1065 2574 duelli
1085 2498 1192 2603 quod
1213 2495 1335 2574 dictus
1355 2494 1599 2603 Raymundus
1619 2494 1666 2571 de
1686 2494 1776 2572 Car-

350 2623 464 2717 dona,
486 2623 731 2714 domicellus,
753 2626 972 2705 reddiderat
995 2654 1123 2706 coram
1147 2628 1258 2710 nobis
1282 2625 1577 2707 contradictum
1598 2625 1775 2703 comitem

348 2756 575 2846 Armeniaci,
593 2756 703 2835 certis
716 2758 931 2836 racionibus
947 2760 1161 2839 anullamus
1174 2761 1353 2848 omnin03
1371 2776 1423 2848 et,
1441 2759 1530 2867 quia
1548 2758 1668 2835 dictus
1686 2760 1776 2865 Ray-

348 2887 516 2964 mundus
536 2886 744 2995 improvide
765 2907 803 2967 et
823 2890 1054 2981 inconsulte,
1077 2908 1115 2970 et
1135 2909 1262 2970 contra
1287 2889 1570 2969 ordinacionem
1590 2905 1774 2980 nostram,

347 3018 515 3096 reddidit
534 3019 680 3098 dictum
701 3021 868 3131 gagium,
891 3023 964 3101 hoc
980 3024 1091 3101 nobis
1109 3022 1347 3114 emendabit;
1371 3040 1410 3101 et
1429 3050 1515 3115 nos,
1536 3038 1652 3129 prout
1668 3020 1777 3099 nobis

347 3149 545 3257 placuerit,
564 3151 784 3259 hujusmodi
800 3153 1009 3231 taxabimus
1029 3154 1250 3244 emendam3
1270 3152 1392 3233 dictus
1411 3182 1498 3232 vero
1514 3152 1775 3261 Raymundus,

349 3281 474 3359 statim
487 3282 535 3360 ad
549 3282 767 3359 mandatum
782 3284 886 3361 curie
899 3301 1042 3374 nostre,
1058 3313 1173 3392 super
1185 3284 1259 3364 hoc
1269 3283 1380 3361 nobis
1392 3283 1549 3393 gagiavit
1564 3282 1775 3361 emendam.

349 3414 460 3504 Item,
478 3414 628 3524 gagium
647 3412 767 3491 duelli
787 3443 855 3521 per
874 3415 1017 3492 dictum
1033 3416 1212 3493 comitem
1231 3414 1460 3505 Armeniaci,
1479 3434 1635 3522 propter
1651 3413 1778 3493 omnia

349 3541 444 3621 lacta
466 3544 633 3651 predicta
659 3570 729 3651 per
751 3574 840 3623 eum
866 3546 1058 3654 proposita
1082 3563 1213 3624 contra
1234 3545 1447 3653 predictum
1468 3546 1647 3625 comitem
1668 3548 1776 3640 Furi,

349 3675 543 3753 redditum
554 3692 634 3753 tam
645 3704 770 3800 coram
784 3676 988 3757 senescallo
1003 3676 1222 3757 Tholosano
1236 3709 1352 3786 quam
1364 3698 1510 3789 postea,
1527 3678 1705 3767 Parisius‚
1722 3707 1780 3759 co

350 3834 429 3882 ram
447 3807 575 3897 nobis,
595 3834 665 3885 nos
683 3808 892 3887 amovimus
908 3836 954 3886 er
971 3837 1080 3887 causa
1096 3827 1137 3887 et
1152 3810 1201 3888 ad
1215 3810 1400 3888 nichilum
1418 3810 1631 3919 posuimus,
1647 3828 1684 3887 et
1698 3839 1781 3918 spe-

352 3936 495 4015 cialiter
508 3938 598 4045 quia
618 3964 687 4045 per
703 3938 909 4047 inquestas,
931 3939 1044 4019 lactas
1059 3940 1106 4019 de
1125 3943 1301 4024 mandato
1318 3960 1448 4021 nostro
1465 3969 1578 4049 super
1592 3940 1781 4049 aliquibus

353 4096 395 4147 ex
413 4067 522 4147 dictis
542 4068 666 4158 factis,
679 4070 813 4148 veritas
832 4087 890 4149 est
908 4088 1056 4178 reperta
1076 4072 1260 4151 adfinem
1280 4073 1441 4152 faciendi
1457 4073 1648 4183 justiciam
1668 4102 1782 4181 super

353 4199 427 4277 hiis
446 4228 514 4307 per
528 4200 718 4309 judicium
738 4200 794 4278 via
808 4200 921 4309 juris,
943 4219 983 4279 et
1001 4203 1070 4295 sic,
1092 4206 1304 4282 secundum
1320 4205 1603 4283 ordinacionem
1624 4232 1692 4311 per
1711 4232 1780 4281 nos

352 4330 485 4408 factam
499 4358 614 4437 super
627 4329 782 4424 duellis,
796 4358 873 4409 non
886 4330 1002 4411 debet
1016 4332 1188 4412 duellum
1202 4336 1318 4443 recipi
1331 4364 1399 4443 pro
1412 4334 1558 4413 casibus
1571 4336 1684 4441 plene
1698 4364 1781 4443 pro·

352 4460 466 4550 batis,
485 4477 524 4539 et
538 4458 626 4541 ideo
640 4488 710 4570 per
723 4461 834 4542 aliam
848 4463 946 4540 viam
963 4493 1076 4570 quam
1095 4465 1193 4573 gagii
1210 4495 1325 4574 super
1337 4468 1408 4557 eis,
1426 4482 1471 4543 ut
1485 4464 1644 4544 inferius
1660 4468 1783 4574 sequi-

352 4610 427 4684 tur,
450 4593 627 4671 duximus
647 4594 934 4702 providendum.
958 4598 1070 4690 ltem,
1090 4599 1241 4708 gagium
1262 4598 1381 4676 duelli
1400 4598 1593 4676 redditum
1614 4629 1683 4706 per
1704 4600 1782 4677 dic-

352 4740 436 4802 tum
452 4725 687 4804 Beruardum
705 4726 752 4804 de
766 4728 968 4819 Convenis,
983 4729 1243 4808 vicecomitem
1255 4732 1452 4822 Turenne,
1466 4745 1593 4807 contra
1608 4730 1783 4810 comitem

354 4856 447 4933 Furi
471 4857 702 4962 predictum,
733 4858 843 4937 certis
868 4888 911 4936 ex
935 4860 1069 4951 causis,
1096 4862 1265 4940 totaliter
1286 4862 1334 4940 ad
1361 4861 1546 4939 nichilum
1571 4865 1781 4970 posuimus.

354 4988 467 5079 Item,
490 4990 702 5094 predictum
723 4992 900 5070 comitem
918 4992 1007 5069 Furi
1024 4994 1128 5071 curia
1148 5012 1275 5073 nostra
1295 4994 1584 5102 condempnavit
1603 4995 1643 5072 in
1663 4995 1782 5073 millia

357 5134 395 5197 et
414 5119 588 5199 ducentis
606 5120 712 5201 libris
733 5123 1033 5227 Turonensibus‘,
1052 5154 1121 5231 pro
1136 5126 1309 5234 dampnis
1324 5126 1421 5205 datis
1439 5156 1507 5233 per
1522 5147 1653 5234 gentes
1668 5128 1784 5234 ipsius

463 5308 515 5352 crs
536 5308 620 5352 orm.
643 5310 690 5353 111.
1616 5303 1656 5378 ‘⁸9
