4450 6209
738 741 1008 851 evootres
1034 758 1097 832 ev
1124 740 1333 834 esoces.
1680 757 1749 830 uo

324 936 411 986 cum
441 906 581 984 dictam
607 904 808 1013 peumiam
836 899 937 981 dicto
966 899 1169 982 lumbardo
1200 898 1429 980 sufficienter
1453 896 1652 980 obtulisset
1679 924 1749 1004 pro
1790 909 1810 960 P
1812 925 1919 962 nnnnnnn
1933 909 1977 968 lv.

324 1067 398 1146 qua
417 1035 544 1115 eidem
561 1035 679 1113 dictas
696 1033 840 1115 litteras
859 1030 1103 1138 obligaverat,
1125 1057 1188 1108 eas
1208 1030 1280 1108 sibi
1299 1030 1410 1109 reddi
1425 1029 1592 1138 petebstt
1610 1029 1752 1110 dietus-
1853 1005 1915 1046 Μ’

324 1197 400 1278 que
425 1167 650 1248 lumbardus
675 1197 720 1246 ex
746 1165 903 1244 adverso
921 1163 1072 1244 dicebat
1095 1162 1234 1248 dictam
1254 1163 1517 1243 vendicionem
1540 1161 1751 1244 litterarum

325 1300 397 1378 sibi
421 1299 556 1378 factam
573 1297 706 1389 misse,
727 1299 802 1376 hoc
820 1313 903 1375 acto
923 1293 1047 1402 quod,
1071 1295 1102 1372 si
1124 1294 1400 1385 dictusmiles,
1418 1293 1583 1376 termino
1603 1293 1753 1403 jamdiu
1899 1299 1901 1302 ’

327 1431 471 1540 elapso,
498 1431 600 1510 dicto
626 1429 828 1510 lumbardo
848 1427 1020 1535 precium
1044 1425 1232 1505 dictarum
1251 1425 1463 1504 litterarum
1482 1442 1521 1502 et
1540 1425 1657 1504 debiti
1678 1425 1752 1504 sol·
1903 1421 1906 1428 ’

326 1580 445 1653 veret,
474 1562 618 1642 litteras
638 1562 740 1642 dioto
759 1559 873 1643 militi
891 1559 1127 1651 restitueret,
1153 1555 1320 1665 predicta
1338 1557 1560 1640 vendicione
1585 1585 1662 1634 non
1684 1559 1754 1635 ob-

329 1711 472 1785 stante,
499 1692 649 1774 dicabat
676 1693 796 1772 eciam
822 1691 930 1798 quod
950 1689 1034 1798 ipse
1050 1689 1168 1778 dietas
1194 1689 1340 1772 litteras
1357 1689 1437 1797 jam
1453 1689 1604 1774 cuidant
1627 1689 1733 1769 elteri

327 1825 528 1904 lumbardo
556 1825 779 1907 vendiderat
802 1823 902 1902 bona
928 1819 1022 1911 lide,
1048 1832 1165 1929 quare
1190 1849 1252 1902 eas
1279 1821 1436 1904 minime
1461 1820 1622 1904 reddere
1649 1837 1755 1904 tene-

327 1958 457 2036 batur:
472 1956 594 2036 Factis
611 1956 727 2065 igitur
745 1981 861 2064 super
879 1954 972 2046 hoo,
993 1953 1235 2034 demandato
1251 1969 1397 2045 nostro,
1415 1952 1590 2060 inquestn
1604 1979 1682 2036 non
1697 1979 1757 2032 so-

329 2088 410 2168 lnm
431 2086 1033 2196 una,ssdpln1ibus.inquestit,
1061 2083 1224 2193 visisque
1250 2101 1288 2166 et
1312 2083 1513 2194 diligenter
1537 2082 1754 2168 examinatis

329 2247 404 2328 quo
420 2219 462 2298 in
481 2218 804 2310 demirentur,
826 2217 917 2326 quia
935 2215 1130 2298 inventum
1152 2229 1209 2298 est
1222 2213 1367 2323 liquide
1384 2213 1492 2322 quod
1508 2213 1758 2304 diotnsmiles

328 2351 518 2456 predictos
546 2349 690 2437 littores
711 2378 781 2458 pro
805 2346 1052 2457 septingentis
1074 2347 1309 2454 septuaginta
1335 2343 1443 2430 libris
1468 2345 1757 2429 Turonensibm

330 2479 560 2589 obligaverat
582 2481 684 2561 dicto
707 2479 927 2568 lumbardo,
957 2495 996 2556 et
1018 2477 1125 2586 qnod
1144 2476 1239 2558 laeta
1256 2475 1329 2562 fuit
1352 2476 1451 2557 dieta
1469 2475 1660 2564 vendicio,
1684 2476 1757 2558 hoc

329 2630 456 2691 umen
475 2628 558 2692 acto
578 2639 752 2718 expresse
770 2611 814 2688 in
834 2607 1058 2692 condicione
1076 2607 1245 2714 prodicta
1264 2604 1384 2715 quod,
1405 2607 1753 2714 quocienscumque

330 2743 433 2820 idem
460 2741 572 2822 miles
598 2741 700 2822 dicto
726 2739 927 2823 lumbardo
957 2739 1120 2822 solveret
1143 2738 1345 2846 pecuniam
1375 2754 1603 2825 mutuatam,
1633 2736 1756 2816 dictus

331 2871 554 2956 lumbardus
573 2872 675 2956 dioto
695 2871 809 2955 militi
834 2871 1014 2955 redderet
1032 2869 1175 2955 litteras
1201 2870 1426 2958 antedictas,
1449 2869 1663 2977 judicatum
1685 2868 1757 2946 luit

331 3037 400 3115 per
418 3009 561 3085 curiam
581 3024 749 3085 nostram
768 3006 890 3112 quod,
911 3003 1097 3086 satisfacto
1119 3003 1220 3086 dioto
1245 3002 1446 3088 lumbardo
1466 3001 1513 3084 de
1538 3001 1648 3083 dictis
1672 3029 1757 3108 sep-

329 3139 509 3248 tingentis
527 3123 762 3248 septuaginta
780 3137 887 3217 libris
906 3135 1215 3226 Turonensibus,
1237 3135 1359 3220 dictus
1378 3133 1600 3218 lumbardus
1623 3134 1759 3214 reddet

331 3270 434 3348 dicto
452 3269 564 3348 militi
583 3268 728 3348 litteras
745 3269 961 3350 mtcdisus.

388 3401 489 3480 Jovis
506 3418 594 3509 post
610 3400 751 3479 festum
770 3399 889 3476 sancti
903 3397 1092 3487 Bamabe,
1115 3425 1215 3475 anno
1234 3398 1498 3477 trecentesimo
1518 3399 1645 3474 tercio.

388 3533 460 3612 Per
478 3532 677 3642 magistros
694 3533 901 3612 innuen
920 3526 1164 3620 denariorum
1184 3529 1247 3635 (Δ).

389 3663 437 3744 Εῑ
455 3663 526 3747 ista
544 3663 718 3771 inquom
736 3689 815 3745 nou
834 3660 909 3743 fuit
924 3659 1041 3741 michi
1061 3659 1198 3748 tradita
1216 3687 1287 3742 nec
1305 3659 1465 3746 reddita.
1603 3735 1608 3744 ,

315 3911 319 3918 ’
390 3928 449 4007 Vl.
479 3925 619 4008 Ballivo
654 3925 979 4036 Rotbomegensi:
1007 3926 1095 4008 Vrsa
1124 3926 1317 4033 inquens,
1350 3921 1601 4003 demandato
1631 3939 1759 4002 nostro

335 4087 405 4167 per
421 4077 460 4138 te
480 4076 519 4138 et
536 4057 794 4138 vicecomitem
813 4058 1163 4166 Rothomagensem
1179 4054 1292 4149 lecta,
1313 4081 1428 4162 super
1445 4053 1681 4161 possessione
1699 4081 1762 4131 ve-

335 4190 451 4270 nandi
477 4191 530 4270 ad
553 4218 727 4300 gmssum
751 4189 890 4270 animal
914 4218 982 4272 seu
1002 4201 1169 4297 gronam
1192 4187 1328 4278 leram,
1357 4215 1472 4294 quam
1486 4179 1606 4294 'pater
1632 4184 1761 4267 dilecti
1869 4213 1872 4226 ¹

335 4320 520 4402 iohannis
538 4322 587 4403 de
606 4320 774 4412 Gaillon,
794 4320 928 4403 militis
945 4321 1087 4413 nostri,
1108 4318 1293 4408 habebat,
1313 4335 1486 4425 tempore
1506 4344 1583 4424 quo
1602 4297 1774 4406 decessit

336 4450 378 4530 in
396 4481 561 4561 garenm
577 4453 626 4532 de
646 4453 841 4562 Grollnyo,
862 4479 1054 4561 quamque
1074 4452 1197 4534 dictus
1215 4449 1327 4543 miles
1340 4447 1397 4526 de
1415 4447 1652 4540 successione
1668 4445 1760 4530 dicti

337 4584 454 4688 petris
473 4584 523 4662 ad
542 4585 819 4692 sepertinere,
840 4601 879 4662 et
901 4583 975 4663 sibi
994 4611 1067 4694 per
1088 4591 1221 4694 gentes
1243 4597 1388 4662 noscas
1411 4577 1581 4660 indebite
1602 4577 1762 4686 impedi—

219 4807 222 4810 ⁴
334 4730 413 4793 tam
442 4715 559 4796 fuisse
588 4714 758 4807 dicebat,
791 4715 1019 4802 mandamus
1039 4714 1110 4797 tibi
1140 4711 1319 4826 quatinus
1350 4711 1477 4817 ipsum
1503 4709 1664 4790 militem
1696 4737 1764 4791 sua

335 4846 569 4950 possessione
596 4847 766 4954 predicta
784 4847 824 4926 in
845 4845 1126 4954 diotagarenna
1145 4843 1195 4924 ed
1212 4855 1385 4955 grossum
1405 4838 1542 4924 mind
1568 4867 1636 4922 seu
1662 4865 1764 4948 gros·

335 5003 415 5054 sam
430 4976 549 5056 lerum
561 4980 723 5061 venandi
737 4979 904 5088 gaudere
918 4980 1134 5088 permittas,
1150 4977 1467 5088 impedimentum
1484 4973 1536 5055 ibi
1551 4987 1620 5080 'per
1632 4991 1764 5082 gentes

336 5124 485 5187 nostres
502 5111 716 5218 appositum
734 5111 888 5218 penitus
905 5111 1130 5193 amovendo.
1275 5184 1278 5190 ,
1748 5119 1753 5135 ’
