4450 6209
430 827 436 833 ·
745 705 1014 811 saoneres
1039 722 1105 795 nr
1132 702 1340 795 Pnocts.
1682 714 1755 789 ass

387 860 515 941 Martis
532 878 620 969 post
635 864 901 941 Reminiscere.

386 1121 445 1201 cl.
477 1121 574 1199 Cum
595 1123 809 1229 prepositus
822 1122 1040 1201 Parisiensis
1053 1123 1287 1229 Stephanum
1303 1122 1471 1201 B0rdoin
1489 1120 1537 1197 de
1555 1119 1656 1209 Pois,
1671 1122 1758 1197 Bar-

330 1251 464 1329 dinum
485 1250 521 1329 le
547 1252 676 1345 Quen,
693 1254 905 1331 tohannem
925 1254 1127 1363 Flamingi,
1150 1255 1384 1361 Stephanum
1404 1252 1589 1341 Bordoin,
1612 1250 1757 1330 dictum

329 1382 520 1487 Callepin,
542 1398 582 1463 et
600 1382 852 1490 Stephanum,
874 1384 998 1463 filium
1024 1384 1222 1465 Guillelmi
1249 1386 1433 1473 Bordoin,
1457 1412 1526 1490 pro
1542 1381 1757 1491 suspicione

329 1514 526 1619 cujusdam
541 1513 758 1605 homicidii,
773 1545 900 1595 coram
912 1545 955 1594 se
966 1534 1116 1597 vocatos
1131 1516 1267 1624 adjus,
1283 1533 1324 1595 et
1338 1544 1378 1593 se
1392 1543 1469 1593 non
1482 1529 1754 1619 presentantes,

329 1660 415 1747 post
428 1643 566 1723 multas
580 1646 784 1742 dilaciones
799 1666 837 1724 et
850 1648 1067 1725 vomcioncs
1081 1676 1196 1753 super
1211 1649 1283 1728 boc
1299 1646 1425 1737 sactes,
1440 1645 1658 1733 banivisset,
1675 1673 1758 1749 pre-

329 1773 516 1852 dictorum
538 1776 801 1866 bannitorum,
819 1796 1010 1884 tamquam
1023 1778 1268 1865 clericorum,
1287 1794 1332 1853 ut
1347 1776 1495 1866 dicitur,
1514 1774 1754 1853 existencium

328 1903 368 1981 in
387 1905 553 2010 prisione
571 1907 787 1986 Parisiensis
807 1908 988 2014 episcopi,
1009 1937 1160 1997 comm,
1182 1925 1226 1985 ut
1245 1907 1392 1996 dicitnr,
1413 1905 1609 1996 ordinarii,
1625 1905 1673 1980 ad
1692 1934 1757 1981 cu-

327 2035 420 2111 riam
436 2053 601 2115 nostram
612 2036 834 2116 accedentes
848 2058 1069 2145 procurator
1079 2055 1119 2117 et
1131 2038 1257 2127 amici,
1275 2054 1601 2145 proponentesque
1617 2036 1755 2113 dictam

327 2166 593 2246 bannicionem
616 2168 731 2247 fuisse
758 2168 893 2245 iactam
921 2187 1119 2276 postquam
1145 2168 1314 2247 officialis
1342 2168 1556 2246 Parisicnsis
1576 2167 1757 2245 municio-

329 2326 416 2375 nem
429 2326 536 2375 suam
553 2297 707 2386 fecerat,
723 2314 761 2375 et
774 2326 993 2403 processum
1004 2329 1121 2378 suum
1132 2300 1370 2379 inchoaverat
1380 2316 1509 2378 contra
1523 2298 1664 2375 dictum
1677 2327 1756 2403 pre-

327 2430 510 2535 positum,
534 2457 582 2507 nc
608 2430 687 2536 ipse
707 2429 919 2535 prepositus
940 2431 978 2508 in
995 2430 1125 2536 aliquo
1147 2430 1368 2535 procederet
1390 2446 1520 2507 contra
1542 2430 1751 2534 predictos,

327 2562 391 2667 qui
419 2560 543 2639 clerici
568 2562 895 2669 proponebantur,
922 2580 960 2639 et
979 2577 1085 2640 orant
1104 2560 1144 2637 in
1164 2560 1328 2665 prisione
1350 2559 1513 2665 episcopi
1532 2559 1752 2663 supradicti3

329 2711 365 2768 et
381 2694 483 2800 quod
507 2694 624 2771 eciam
639 2692 734 2771 facta
747 2691 869 2769 suerat
885 2694 980 2770 dicta
1001 2691 1191 2783 bannicio,
1213 2709 1300 2797 post
1317 2690 1612 2798 appellaoionem
1626 2692 1674 2769 ab
1689 2720 1754 2769 au-

328 2824 472 2901 diencia
495 2826 583 2901 dicti
606 2825 785 2931 prepositi
802 2824 860 2902 vel
881 2823 963 2930 ejus
985 2825 1113 2901 locum
1139 2822 1318 2911 tenentis,
1345 2850 1457 2927 super
1476 2822 1549 2901 hoc
1568 2822 1615 2901 ad
1632 2822 1753 2901 domi·

328 2984 421 3031 num
441 2958 580 3064 Regem
602 2956 861 3061 interpositam
883 2984 951 3061 per
975 2954 1164 3031 dictorum
1186 2954 1429 3031 detentorum
1451 2970 1750 3057 procuratorem,

327 3088 546 3164 exhibentes
569 3086 671 3163 curie
692 3104 818 3163 nostre
832 3111 1031 3190 processus
1046 3084 1252 3190 predictos,
1269 3084 1441 3190 pluribus
1463 3084 1676 3162 racionibus
1691 3115 1751 3161 re-

325 3218 525 3321 quirebant
548 3216 813 3293 bannicionem
837 3216 1045 3321 predictam
1069 3214 1235 3293 totaliter
1255 3214 1457 3301 annullari,
1478 3215 1650 3319 predicto
1669 3245 1752 3322 pre-

325 3349 448 3453 posito
469 3348 596 3453 plures
616 3347 783 3422 raciones
804 3345 844 3424 in
866 3346 1096 3424 contrarium
1119 3361 1384 3449 proponente:
1407 3344 1595 3431 Tandem,
1617 3346 1752 3422 auditis

327 3480 414 3556 binc
426 3480 515 3558 inde
527 3477 729 3586 propositis
742 3494 779 3553 et
795 3476 882 3555 visis
893 3474 1133 3582 processibus
1144 3475 1359 3562 antedictis,
1375 3501 1441 3578 per
1452 3492 1636 3553 arrestum
1649 3476 1751 3553 curie

326 3629 451 3689 nostre
463 3610 638 3690 bannicio
647 3608 815 3716 predicta
827 3625 998 3685 revocata
1012 3605 1085 3683 suit
1099 3624 1140 3683 et
1151 3606 1316 3683 totaliter
1329 3603 1508 3694 anullata,
1526 3621 1579 3694 et,
1595 3606 1626 3681 si
1638 3634 1752 3713 super

326 3743 513 3821 dictorum
528 3743 768 3820 detentorum
782 3740 942 3847 laycatu,
961 3739 1084 3816 dictus
1097 3738 1310 3844 prepositus
1321 3735 1381 3813 vel
1392 3750 1612 3841 procurator
1626 3756 1752 3817 noster

1789 860 1918 913 Pnrnrrss
1937 858 1980 921 tv,

1856 948 1919 991 13⁰⁰.

323 3892 389 3949 ant
406 3873 468 3951 alii
484 3874 716 3980 quicumque
737 3870 913 3977 prosequi
928 3869 1136 3959 voluerint,
1155 3897 1269 3975 super
1283 3868 1355 3945 boc
1370 3869 1506 3947 adeant
1519 3868 1751 3947 ordinarium
1839 3958 1844 3967 Ι

326 4005 551 4108 predictum.

381 4118 510 4197 Martis
530 4116 707 4222 predicta.

381 4379 453 4457 CII.
486 4379 582 4456 Cum
603 4377 778 4472 dominus
798 4376 846 4453 de
863 4374 996 4480 Pyceio
1018 4374 1175 4451 domino
1195 4374 1283 4481 Regi
1301 4390 1527 4479 conquestus
1547 4373 1678 4449 fuisset
1697 4404 1751 4451 su-

325 4542 391 4618 per
406 4540 452 4589 eo
467 4511 589 4618 quod,
608 4508 669 4587 die
690 4508 853 4615 quadam
873 4505 1099 4611 carniprivii,
1120 4505 1294 4611 pluribus
1309 4505 1528 4583 hominibus
1540 4503 1645 4581 dicte
1664 4505 1750 4582 ville

324 4643 477 4721 insimul
505 4641 737 4750 'congregatis
763 4659 801 4719 et
824 4635 1062 4725 ludentibus,
1092 4666 1179 4715 cnm
1206 4637 1303 4742 ipse,
1333 4664 1400 4741 pro
1426 4636 1636 4743 suspicione
1660 4635 1750 4715 furti

324 4773 577 4880 quorumdam
589 4773 803 4879 ciphorum,
817 4770 974 4876 cepisset
988 4784 1026 4844 et
1039 4796 1167 4845 secum
1181 4784 1330 4873 captum
1345 4766 1500 4844 duceret
1511 4765 1747 4845 Guererdum

324 4902 662 5009 Pollicerii‚·quem
686 4904 858 4980 homines
877 4901 1036 5007 predicti
1056 4926 1184 5004 regern
1206 4896 1372 4975 fecerant
1394 4896 1483 4976 dicti
1508 4897 1607 4987 ludi,
1631 4899 1750 5005 major

325 5053 363 5112 et
386 5035 599 5111 communia
624 5036 722 5111 dicte
743 5032 846 5119 ville,
873 5033 920 5109 ad
945 5032 1201 5139 pulsacionem
1223 5058 1400 5137 campane
1425 5031 1656 5137 congregati,
1677 5029 1749 5105 cla-
