4450 6209
496 721 570 798 5311
1080 723 1170 798 LES
1199 722 1341 798 OLIM.

262 879 392 932 Parnm
412 877 455 939 lv,
494 865 615 953 cium,
638 865 683 942 ad
698 863 919 942 instanciam
938 862 1028 941 dicti
1049 863 1215 971 episcopi
1230 861 1285 941 ibi
1305 862 1527 972 appositam,
1549 881 1589 941 et
1605 863 1922 971 impedimentum

331 973 392 1014 '³¹⁰'
493 1021 606 1102 super
619 997 709 1086 hoc,
726 1023 795 1103 per
812 995 955 1074 dictum
975 996 1210 1103 episcopum,
1228 994 1283 1072 eis
1297 995 1531 1103 oppositum,
1548 997 1729 1085 amoveri;
1746 1026 1924 1105 procura·

491 1145 574 1206 tore
589 1128 678 1206 dicti
695 1128 859 1236 episcopi
875 1127 915 1204 in
930 1128 1159 1206 contrarium
1173 1126 1322 1206 dicente
1339 1143 1378 1206 ct
1393 1127 1502 1234 plura
1516 1127 1633 1206 adsui
1647 1125 1921 1208 deffensionem

492 1277 727 1366 proponente
743 1293 751 1338 :
769 1259 918 1338 Auditis
937 1259 1206 1366 omnibusque
1224 1258 1323 1338 dicte
1337 1277 1462 1367 partes
1473 1288 1686 1368 proponere
1706 1261 1920 1351 voluerunt,

492 1409 530 1467 et
545 1392 721 1499 inquisita
736 1393 890 1470 veritate
906 1391 954 1469 de
969 1392 1149 1499 predictis
1162 1417 1231 1497 per
1248 1391 1542 1481 commissarios,
1558 1421 1672 1500 super
1685 1393 1776 1482 hoc,
1797 1421 1819 1469 a
1838 1416 1923 1470 nos-

491 1541 545 1600 tra
566 1526 685 1615 curia,
708 1526 925 1633 deputatos,
952 1525 1203 1632 inquestaque
1220 1525 1389 1633 predicta
1412 1522 1460 1602 ad
1482 1525 1734 1633 judicandum
1761 1525 1923 1602 incuria

492 1674 617 1734 nostra
633 1674 836 1764 reportata,
858 1657 932 1734 visa
953 1673 991 1733 et
1011 1656 1215 1763 diligenter
1229 1656 1453 1746 examinata,
1475 1685 1545 1763 per
1562 1656 1665 1734 curie
1681 1676 1810 1735 nostre
1826 1657 1922 1765 judi·

491 1789 608 1879 cium,
632 1788 778 1866 dictum
797 1787 870 1864 fuit
885 1785 1003 1864 dictos
1023 1787 1199 1865 abbatam
1219 1805 1258 1865 et
1276 1803 1505 1867 conventum
1519 1786 1633 1866 luisse
1649 1786 1821 1866 indebite
1838 1815 1923 1894 pcr-

490 1920 677 2009 turbatos,
696 1949 764 2026 per
778 1919 924 1996 dictum
940 1918 1177 2024 episcopum,
1197 1919 1236 1996 in
1252 1918 1387 1997 saisina
1402 1918 1587 2026 predicta,
1604 1935 1644 1997 et
1657 1919 1765 2026 quod
1780 1918 1920 1996 dictum

492 2051 809 2158 impedimentum
830 2049 921 2126 inde
941 2049 1188 2140 amovebitur,
1210 2079 1253 2126 ac
1271 2079 1406 2128 manus
1425 2068 1551 2128 nostra
1569 2079 1683 2158 super
1701 2049 1921 2158 hujusmodi

493 2185 628 2266 debato
654 2183 820 2290 apposita
845 2182 935 2258 inde
959 2181 1195 2260 amovebitur
1218 2183 1266 2260 ad
1289 2181 1492 2262 utilitatem
1515 2183 1705 2262 dictorum
1730 2181 1923 2293 religioso-

396 2393 401 2404 ,
492 2345 594 2405 rum,
616 2315 712 2394 salva
732 2316 930 2422 questione
950 2314 1201 2421 proprietatis.

547 2448 648 2527 lovis
665 2465 751 2555 post
765 2446 877 2526 Oculi
898 2447 987 2524 mei.

549 2581 655 2658 Creci
675 2578 887 2687 reportavit.

549 2848 708 2924 XXXlll.
739 2845 837 2924 Cum
852 2844 1001 2952 questio
1017 2859 1248 2934 moveretur,
1266 2869 1393 2920 coram
1406 2841 1545 2920 ballivo
1560 2843 1725 2951 episcopi
1740 2845 1924 2922 Parisien·

410 2981 413 2987 ’
494 2978 558 3066 sis,
588 2979 687 3054 inter
713 2975 933 3084 magistrum
957 2975 1168 3051 iohannem
1195 2971 1406 3068 Quaisnclli
1432 2991 1470 3051 et
1497 2973 1728 3053 Richardum
1753 2976 1921 3086 laigneh

493 3127 638 3188 tutores
667 3134 733 3186 seu
760 3123 950 3185 curatores
973 3107 1156 3184 lobannis
1180 3123 1219 3184 ct
1242 3106 1470 3196 lobannete,
1497 3108 1690 3186 minorum
1714 3107 1922 3186 liberorum

492 3241 684 3350 quondam
705 3240 886 3318 lobannis
899 3239 1059 3318 Rosselli
1076 3256 1114 3316 ct
1133 3238 1311 3329 Matildis,
1335 3239 1417 3346 ejus
1437 3241 1576 3329 uxoris,
1594 3269 1639 3316 ex
1652 3265 1729 3318 una
1742 3257 1866 3348 parte,
1886 3259 1923 3319 et

492 3373 706 3453 Rolandum
723 3371 895 3480 Pongcrii
916 3371 1049 3477 atejus
1070 3399 1247 3460 uxorem,
1270 3398 1314 3447 er
1335 3369 1462 3458 altera,
1484 3397 1599 3479 super
1617 3389 1780 3450 retractu
1799 3374 1923 3482 cujus·

493 3505 578 3583 darn
600 3505 750 3594 domus,
771 3505 840 3582 site
858 3503 1036 3593 Parisius,
1058 3504 1098 3580 in
1119 3502 1317 3591 Sauncria,
1337 3503 1530 3611 contigua,
1550 3531 1593 3580 er
1611 3531 1689 3581 una
1710 3520 1833 3611 parte,
1857 3504 1924 3582 do·

491 3639 572 3716 mui
588 3639 738 3719 Martini
750 3636 969 3743 Lepoitevin
982 3652 1036 3725 et,
1055 3663 1098 3713 ex
1111 3635 1242 3724 altera,
1259 3633 1391 3712 domui
1405 3635 1603 3714 Laurencii
1619 3635 1667 3712 de
1682 3635 1920 3744 Manlaunoy,

492 3769 602 3847 dictis
620 3768 811 3847 tutoribus
831 3785 869 3845 et
889 3767 1135 3858 curatoribus,
1158 3765 1327 3873 predicto
1347 3767 1503 3844 nomine
1523 3769 1666 3846 tutorio
1686 3795 1754 3844 seu
1773 3784 1923 3847 curato·

492 3901 566 3988 ri0,
589 3899 763 4006 pluribus
781 3897 995 3975 racionibus
1017 3896 1231 3976 dicentibus
1250 3912 1455 3974 retractum
1477 3899 1577 3976 dicte
1597 3901 1734 3977 domus
1753 3900 1800 3976 ad
1820 3900 1922 4006 ipsos

493 4031 698 4136 pertinere,
724 4031 833 4108 dictis
852 4028 1022 4107 Rolando
1043 4045 1081 4107 ct
1102 4030 1184 4138 ejus
1206 4058 1322 4108 uxore
1342 4031 1589 4122 contrarium,
1612 4031 1744 4111 multis
1762 4031 1845 4109 aliis
1864 4061 1921 4110 ra-

494 4162 682 4252 cionibus,
710 4160 984 4251 asserentibus,
1007 4159 1201 4268 predictus
1223 4161 1400 4251 ballivus,
1422 4162 1500 4241 viso
1519 4189 1698 4271 processu
1717 4190 1832 4269 super
1849 4163 1922 4243 boc

492 4292 605 4385 lactc,
629 4294 748 4373 dictos
767 4292 983 4372 Rolandum
1002 4309 1040 4370 et
1059 4295 1142 4401 ejus
1161 4322 1318 4372 uxorem
1334 4293 1382 4370 ab
1402 4293 1643 4401 impeticione
1658 4295 1825 4403 predicta
1846 4295 1923 4374 dic-

492 4444 619 4505 torum
633 4443 807 4506 tutorum
821 4453 889 4504 seu
903 4443 1122 4505 curatorum
1136 4425 1416 4504 sentencialiter
1427 4426 1600 4517 absolvit3
1616 4455 1726 4534 aquo
1735 4428 1919 4535 judicato,

492 4574 669 4666 tanquam
690 4558 782 4637 lalso
802 4574 841 4636 et
855 4585 984 4666 pravo,
1006 4557 1096 4635 dicti
1116 4574 1263 4636 tutores
1282 4585 1351 4636 seu
1368 4574 1574 4649 curatores,
1592 4560 1746 4637 nomine
1764 4585 1842 4666 quo
1861 4589 1922 4636 su-

492 4715 575 4795 pra,
594 4691 642 4767 ad
655 4708 823 4769 nostram
838 4687 980 4768 curiam
996 4689 1299 4798 appellaverunt:
1317 4688 1467 4767 Auditis
1481 4691 1597 4798 igitur
1611 4691 1721 4769 dictis
1734 4691 1918 4799 partibus,

494 4819 533 4894 in
548 4849 655 4898 causa
668 4820 933 4931 appellacionis
942 4822 1111 4929 predicte
1126 4841 1164 4901 et
1174 4824 1253 4902 viso
1263 4848 1441 4931 processu
1450 4821 1637 4929 predicto,
1649 4850 1719 4931 per
1729 4825 1833 4901 curie
1842 4849 1923 4901 nos

492 4967 551 5027 tre
560 4951 747 5058 judicium
757 5016 765 5043 ,
777 4954 919 5031 dicrum
931 4952 1005 5031 fuit
1013 4955 1228 5061 predictum
1241 4953 1422 5034 ballivum
1434 4952 1534 5033 bene
1539 4955 1743 5064 judicasse,
1754 4973 1793 5034 et
1803 4957 1921 5034 dictos

493 5098 640 5164 tutores
650 5111 721 5192 seu
738 5101 928 5164 curatores
943 5084 1041 5164 male
1057 5086 1278 5195 appellasse,
1296 5104 1335 5165 et
1348 5087 1453 5195 quod
1468 5085 1538 5195 ipsi
1556 5087 1631 5167 hoc
1648 5085 1918 5167 emendabunt.
