<?xml version="1.0" encoding="UTF-8"?>
<!DOCTYPE html PUBLIC "-//W3C//DTD XHTML 1.0 Transitional//EN"
    "http://www.w3.org/TR/xhtml1/DTD/xhtml1-transitional.dtd">
<html xmlns="http://www.w3.org/1999/xhtml" xml:lang="en" lang="en">
 <head>
  <title>
</title>
<meta http-equiv="Content-Type" content="text/html;charset=utf-8" />
  <meta name='ocr-system' content='tesseract 3.04.00' />
  <meta name='ocr-capabilities' content='ocr_page ocr_carea ocr_par ocr_line ocrx_word'/>
</head>
<body>
  <div class='ocr_page' id='page_1' title='image "./lesolimouregist00parigoog_0260.png"; bbox 0 0 4450 6209; ppageno 0'>
   <div class='ocr_carea' id='block_1_1' title="bbox 753 721 1893 840">
    <p class='ocr_par' dir='ltr' id='par_1_1' title="bbox 753 721 1893 840">
     <span class='ocr_line' id='line_1_1' title="bbox 753 721 1893 840; baseline -0.002 -18"><span class='ocrx_word' id='word_1_1' title='bbox 753 728 1022 840; x_wconf 79' lang='lat' dir='ltr'>ruounrus</span> <span class='ocrx_word' id='word_1_2' title='bbox 1047 747 1112 820; x_wconf 85' lang='lat' dir='ltr'>rr</span> <span class='ocrx_word' id='word_1_3' title='bbox 1138 727 1343 825; x_wconf 80' lang='lat' dir='ltr'>ruocss.</span> <span class='ocrx_word' id='word_1_4' title='bbox 1692 750 1758 820; x_wconf 83' lang='lat' dir='ltr'>ror</span> <span class='ocrx_word' id='word_1_5' title='bbox 1889 721 1893 734; x_wconf 89' lang='lat'>&#39;</span> 
     </span>
    </p>
   </div>
   <div class='ocr_carea' id='block_1_2' title="bbox 337 885 1990 2569">
    <p class='ocr_par' dir='ltr' id='par_1_2' title="bbox 337 885 1990 2436">
     <span class='ocr_line' id='line_1_2' title="bbox 395 885 1990 996; baseline 0.002 -25"><span class='ocrx_word' id='word_1_6' title='bbox 395 892 470 971; x_wconf 85' lang='lat' dir='ltr'>Vll.</span> <span class='ocrx_word' id='word_1_7' title='bbox 502 890 599 970; x_wconf 90' lang='lat' dir='ltr'>Cum</span> <span class='ocrx_word' id='word_1_8' title='bbox 611 889 716 996; x_wconf 88' lang='lat' dir='ltr'>prior</span> <span class='ocrx_word' id='word_1_9' title='bbox 729 891 776 972; x_wconf 94' lang='lat' dir='ltr'>de</span> <span class='ocrx_word' id='word_1_10' title='bbox 787 891 945 973; x_wconf 87' lang='lat' dir='ltr'>Melloto</span> <span class='ocrx_word' id='word_1_11' title='bbox 960 889 1063 968; x_wconf 89' lang='lat' dir='ltr'>curie</span> <span class='ocrx_word' id='word_1_12' title='bbox 1075 905 1203 966; x_wconf 83' lang='lat' dir='ltr'>nostre</span> <span class='ocrx_word' id='word_1_13' title='bbox 1217 886 1479 965; x_wconf 87' lang='lat' dir='ltr'>denunciasset</span> <span class='ocrx_word' id='word_1_14' title='bbox 1492 885 1598 996; x_wconf 89' lang='lat' dir='ltr'>quod</span> <span class='ocrx_word' id='word_1_15' title='bbox 1611 887 1765 968; x_wconf 86' lang='lat' dir='ltr'>domina</span> <span class='ocrx_word' id='word_1_16' title='bbox 1804 915 1990 984; x_wconf 75' lang='lat' dir='ltr'>rmumw,</span> 
     </span>
     <span class='ocr_line' id='line_1_3' title="bbox 340 1009 1929 1131; baseline -0.001 -31"><span class='ocrx_word' id='word_1_17' title='bbox 340 1023 389 1100; x_wconf 89' lang='lat' dir='ltr'>de</span> <span class='ocrx_word' id='word_1_18' title='bbox 408 1022 584 1113; x_wconf 90' lang='lat' dir='ltr'>Melloto,</span> <span class='ocrx_word' id='word_1_19' title='bbox 608 1021 686 1128; x_wconf 89' lang='lat' dir='ltr'>ipsa</span> <span class='ocrx_word' id='word_1_20' title='bbox 701 1041 896 1131; x_wconf 75' lang='lat' dir='ltr'><strong>presente,</strong></span> <span class='ocrx_word' id='word_1_21' title='bbox 917 1021 1121 1100; x_wconf 78' lang='lat' dir='ltr'><strong>mandante</strong></span> <span class='ocrx_word' id='word_1_22' title='bbox 1143 1037 1181 1098; x_wconf 88' lang='lat' dir='ltr'>et</span> <span class='ocrx_word' id='word_1_23' title='bbox 1201 1018 1449 1126; x_wconf 76' lang='lat' dir='ltr'>precipiente,</span> <span class='ocrx_word' id='word_1_24' title='bbox 1472 1049 1541 1126; x_wconf 89' lang='lat' dir='ltr'>per</span> <span class='ocrx_word' id='word_1_25' title='bbox 1564 1020 1766 1127; x_wconf 82' lang='lat' dir='ltr'>complices</span> <span class='ocrx_word' id='word_1_26' title='bbox 1866 1009 1929 1054; x_wconf 77' lang='lat'>¹³⁰⁶·</span> 
     </span>
     <span class='ocr_line' id='line_1_4' title="bbox 339 1150 1767 1258; baseline -0.001 -27"><span class='ocrx_word' id='word_1_27' title='bbox 339 1183 428 1233; x_wconf 90' lang='lat' dir='ltr'>suos</span> <span class='ocrx_word' id='word_1_28' title='bbox 448 1171 487 1232; x_wconf 89' lang='lat' dir='ltr'>et</span> <span class='ocrx_word' id='word_1_29' title='bbox 505 1153 682 1232; x_wconf 88' lang='lat' dir='ltr'>homines</span> <span class='ocrx_word' id='word_1_30' title='bbox 702 1155 750 1232; x_wconf 90' lang='lat' dir='ltr'>de</span> <span class='ocrx_word' id='word_1_31' title='bbox 774 1153 933 1233; x_wconf 85' lang='lat' dir='ltr'>Melloto</span> <span class='ocrx_word' id='word_1_32' title='bbox 956 1151 997 1228; x_wconf 93' lang='lat' dir='ltr'>in</span> <span class='ocrx_word' id='word_1_33' title='bbox 1019 1179 1155 1258; x_wconf 82' lang='lat' dir='ltr'>magna</span> <span class='ocrx_word' id='word_1_34' title='bbox 1176 1151 1446 1242; x_wconf 89' lang='lat' dir='ltr'>multitudine,</span> <span class='ocrx_word' id='word_1_35' title='bbox 1469 1150 1570 1230; x_wconf 89' lang='lat' dir='ltr'>dicto</span> <span class='ocrx_word' id='word_1_36' title='bbox 1589 1152 1708 1258; x_wconf 83' lang='lat' dir='ltr'>priori</span> <span class='ocrx_word' id='word_1_37' title='bbox 1729 1171 1767 1230; x_wconf 87' lang='lat' dir='ltr'>et</span> 
     </span>
     <span class='ocr_line' id='line_1_5' title="bbox 339 1281 1764 1392; baseline -0.001 -30"><span class='ocrx_word' id='word_1_38' title='bbox 339 1286 421 1392; x_wconf 88' lang='lat' dir='ltr'>ejus</span> <span class='ocrx_word' id='word_1_39' title='bbox 437 1284 620 1391; x_wconf 84' lang='lat' dir='ltr'>prioratui</span> <span class='ocrx_word' id='word_1_40' title='bbox 642 1301 681 1362; x_wconf 88' lang='lat' dir='ltr'>et</span> <span class='ocrx_word' id='word_1_41' title='bbox 699 1285 871 1390; x_wconf 90' lang='lat' dir='ltr'>personis</span> <span class='ocrx_word' id='word_1_42' title='bbox 885 1283 1078 1391; x_wconf 89' lang='lat' dir='ltr'>ejusdem,</span> <span class='ocrx_word' id='word_1_43' title='bbox 1095 1281 1180 1389; x_wconf 92' lang='lat' dir='ltr'>qui,</span> <span class='ocrx_word' id='word_1_44' title='bbox 1198 1312 1284 1360; x_wconf 89' lang='lat' dir='ltr'>cum</span> <span class='ocrx_word' id='word_1_45' title='bbox 1301 1281 1413 1362; x_wconf 91' lang='lat' dir='ltr'>bonis</span> <span class='ocrx_word' id='word_1_46' title='bbox 1432 1282 1526 1372; x_wconf 91' lang='lat' dir='ltr'>suis,</span> <span class='ocrx_word' id='word_1_47' title='bbox 1550 1283 1597 1362; x_wconf 91' lang='lat' dir='ltr'>de</span> <span class='ocrx_word' id='word_1_48' title='bbox 1614 1284 1764 1390; x_wconf 90' lang='lat' dir='ltr'>speciali</span> 
     </span>
     <span class='ocr_line' id='line_1_6' title="bbox 338 1411 1766 1522; baseline 0.001 -31"><span class='ocrx_word' id='word_1_49' title='bbox 338 1415 452 1522; x_wconf 79' lang='lat' dir='ltr'>garda</span> <span class='ocrx_word' id='word_1_50' title='bbox 474 1431 603 1494; x_wconf 89' lang='lat' dir='ltr'>nostra</span> <span class='ocrx_word' id='word_1_51' title='bbox 629 1444 710 1494; x_wconf 89' lang='lat' dir='ltr'>esse</span> <span class='ocrx_word' id='word_1_52' title='bbox 735 1415 925 1504; x_wconf 87' lang='lat' dir='ltr'>dicuntur,</span> <span class='ocrx_word' id='word_1_53' title='bbox 947 1413 1165 1504; x_wconf 82' lang='lat' dir='ltr'>violencias,</span> <span class='ocrx_word' id='word_1_54' title='bbox 1187 1413 1344 1518; x_wconf 87' lang='lat' dir='ltr'>iujurias</span> <span class='ocrx_word' id='word_1_55' title='bbox 1365 1428 1402 1490; x_wconf 90' lang='lat' dir='ltr'>et</span> <span class='ocrx_word' id='word_1_56' title='bbox 1425 1411 1587 1520; x_wconf 89' lang='lat' dir='ltr'>dampna</span> <span class='ocrx_word' id='word_1_57' title='bbox 1602 1414 1766 1520; x_wconf 85' lang='lat' dir='ltr'>plurima</span> 
     </span>
     <span class='ocr_line' id='line_1_7' title="bbox 337 1543 1767 1652; baseline 0.001 -29"><span class='ocrx_word' id='word_1_58' title='bbox 337 1545 478 1624; x_wconf 88' lang='lat' dir='ltr'>lecerat</span> <span class='ocrx_word' id='word_1_59' title='bbox 490 1545 637 1638; x_wconf 80' lang='lat' dir='ltr'>inferri,</span> <span class='ocrx_word' id='word_1_60' title='bbox 659 1575 729 1624; x_wconf 91' lang='lat' dir='ltr'>nos</span> <span class='ocrx_word' id='word_1_61' title='bbox 743 1575 857 1652; x_wconf 90' lang='lat' dir='ltr'>super</span> <span class='ocrx_word' id='word_1_62' title='bbox 873 1544 1069 1651; x_wconf 73' lang='lat' dir='ltr'>predictis,</span> <span class='ocrx_word' id='word_1_63' title='bbox 1089 1543 1228 1622; x_wconf 88' lang='lat' dir='ltr'>vocatis</span> <span class='ocrx_word' id='word_1_64' title='bbox 1242 1545 1430 1651; x_wconf 85' lang='lat' dir='ltr'>partibus,</span> <span class='ocrx_word' id='word_1_65' title='bbox 1447 1543 1589 1651; x_wconf 89' lang='lat' dir='ltr'>inquiri</span> <span class='ocrx_word' id='word_1_66' title='bbox 1608 1545 1767 1640; x_wconf 71' lang='lat' dir='ltr'>lecimus</span> 
     </span>
     <span class='ocr_line' id='line_1_8' title="bbox 337 1673 1766 1785; baseline 0.001 -31"><span class='ocrx_word' id='word_1_67' title='bbox 337 1677 533 1754; x_wconf 78' lang='lat' dir='ltr'>veritatem</span> <span class='ocrx_word' id='word_1_68' title='bbox 546 1676 652 1756; x_wconf 87' lang='lat' dir='ltr'>:Visa</span> <span class='ocrx_word' id='word_1_69' title='bbox 671 1676 786 1785; x_wconf 79' lang='lat' dir='ltr'>igitur</span> <span class='ocrx_word' id='word_1_70' title='bbox 804 1676 978 1782; x_wconf 81' lang='lat' dir='ltr'>inquesta</span> <span class='ocrx_word' id='word_1_71' title='bbox 996 1705 1110 1781; x_wconf 91' lang='lat' dir='ltr'>super</span> <span class='ocrx_word' id='word_1_72' title='bbox 1129 1675 1203 1752; x_wconf 88' lang='lat' dir='ltr'>hoc</span> <span class='ocrx_word' id='word_1_73' title='bbox 1220 1673 1332 1768; x_wconf 84' lang='lat' dir='ltr'>lacta,</span> <span class='ocrx_word' id='word_1_74' title='bbox 1354 1692 1392 1753; x_wconf 84' lang='lat' dir='ltr'>et</span> <span class='ocrx_word' id='word_1_75' title='bbox 1410 1675 1548 1754; x_wconf 88' lang='lat' dir='ltr'>auditis</span> <span class='ocrx_word' id='word_1_76' title='bbox 1566 1705 1680 1782; x_wconf 90' lang='lat' dir='ltr'>super</span> <span class='ocrx_word' id='word_1_77' title='bbox 1693 1676 1766 1755; x_wconf 92' lang='lat' dir='ltr'>boc</span> 
     </span>
     <span class='ocr_line' id='line_1_9' title="bbox 340 1806 1767 1915; baseline 0 -31"><span class='ocrx_word' id='word_1_78' title='bbox 340 1806 573 1885; x_wconf 84' lang='lat' dir='ltr'>confessione</span> <span class='ocrx_word' id='word_1_79' title='bbox 605 1807 705 1884; x_wconf 89' lang='lat' dir='ltr'>dicte</span> <span class='ocrx_word' id='word_1_80' title='bbox 735 1807 891 1885; x_wconf 88' lang='lat' dir='ltr'>domine</span> <span class='ocrx_word' id='word_1_81' title='bbox 918 1837 960 1884; x_wconf 90' lang='lat' dir='ltr'>ac</span> <span class='ocrx_word' id='word_1_82' title='bbox 990 1806 1115 1884; x_wconf 90' lang='lat' dir='ltr'>mariti</span> <span class='ocrx_word' id='word_1_83' title='bbox 1145 1806 1204 1883; x_wconf 92' lang='lat' dir='ltr'>sui</span> <span class='ocrx_word' id='word_1_84' title='bbox 1230 1806 1500 1898; x_wconf 86' lang='lat' dir='ltr'>ratificacione,</span> <span class='ocrx_word' id='word_1_85' title='bbox 1528 1808 1568 1885; x_wconf 92' lang='lat' dir='ltr'>in</span> <span class='ocrx_word' id='word_1_86' title='bbox 1595 1808 1767 1915; x_wconf 88' lang='lat' dir='ltr'>inquesta</span> 
     </span>
     <span class='ocr_line' id='line_1_10' title="bbox 339 1937 1768 2047; baseline 0.001 -33"><span class='ocrx_word' id='word_1_87' title='bbox 339 1937 507 2046; x_wconf 89' lang='lat' dir='ltr'>predicta</span> <span class='ocrx_word' id='word_1_88' title='bbox 529 1938 734 2028; x_wconf 88' lang='lat' dir='ltr'>contentis,</span> <span class='ocrx_word' id='word_1_89' title='bbox 760 1938 858 2016; x_wconf 89' lang='lat' dir='ltr'>dicta</span> <span class='ocrx_word' id='word_1_90' title='bbox 884 1937 1037 2015; x_wconf 91' lang='lat' dir='ltr'>domina</span> <span class='ocrx_word' id='word_1_91' title='bbox 1061 1937 1177 2044; x_wconf 86' lang='lat' dir='ltr'>priori</span> <span class='ocrx_word' id='word_1_92' title='bbox 1202 1937 1391 2044; x_wconf 87' lang='lat' dir='ltr'>predicto,</span> <span class='ocrx_word' id='word_1_93' title='bbox 1411 1966 1481 2045; x_wconf 89' lang='lat' dir='ltr'>pro</span> <span class='ocrx_word' id='word_1_94' title='bbox 1507 1938 1670 2047; x_wconf 87' lang='lat' dir='ltr'>injuriis,</span> <span class='ocrx_word' id='word_1_95' title='bbox 1692 1940 1768 2017; x_wconf 91' lang='lat' dir='ltr'>vio-</span> 
     </span>
     <span class='ocr_line' id='line_1_11' title="bbox 339 2066 1768 2175; baseline 0.001 -29"><span class='ocrx_word' id='word_1_96' title='bbox 339 2068 470 2146; x_wconf 90' lang='lat' dir='ltr'>lenciis</span> <span class='ocrx_word' id='word_1_97' title='bbox 496 2084 534 2144; x_wconf 90' lang='lat' dir='ltr'>et</span> <span class='ocrx_word' id='word_1_98' title='bbox 555 2068 727 2175; x_wconf 86' lang='lat' dir='ltr'>dampnis</span> <span class='ocrx_word' id='word_1_99' title='bbox 748 2069 945 2175; x_wconf 88' lang='lat' dir='ltr'>predictis,</span> <span class='ocrx_word' id='word_1_100' title='bbox 971 2069 1011 2144; x_wconf 93' lang='lat' dir='ltr'>in</span> <span class='ocrx_word' id='word_1_101' title='bbox 1031 2067 1247 2174; x_wconf 83' lang='lat' dir='ltr'>quingentis</span> <span class='ocrx_word' id='word_1_102' title='bbox 1271 2066 1378 2144; x_wconf 89' lang='lat' dir='ltr'>libris</span> <span class='ocrx_word' id='word_1_103' title='bbox 1396 2070 1703 2161; x_wconf 89' lang='lat' dir='ltr'>Turonensibus,</span> <span class='ocrx_word' id='word_1_104' title='bbox 1726 2099 1768 2148; x_wconf 88' lang='lat' dir='ltr'>ac</span> 
     </span>
     <span class='ocr_line' id='line_1_12' title="bbox 340 2177 1768 2310; baseline -0.001 -31"><span class='ocrx_word' id='word_1_105' title='bbox 340 2199 452 2279; x_wconf 91' lang='lat' dir='ltr'>nobis</span> <span class='ocrx_word' id='word_1_106' title='bbox 472 2199 513 2275; x_wconf 92' lang='lat' dir='ltr'>in</span> <span class='ocrx_word' id='word_1_107' title='bbox 530 2198 615 2279; x_wconf 90' lang='lat' dir='ltr'>aliis</span> <span class='ocrx_word' id='word_1_108' title='bbox 635 2199 851 2306; x_wconf 80' lang='lat' dir='ltr'>quingentis</span> <span class='ocrx_word' id='word_1_109' title='bbox 871 2177 995 2290; x_wconf 85' lang='lat' dir='ltr'>libris,</span> <span class='ocrx_word' id='word_1_110' title='bbox 1016 2227 1086 2305; x_wconf 89' lang='lat' dir='ltr'>pro</span> <span class='ocrx_word' id='word_1_111' title='bbox 1109 2199 1286 2292; x_wconf 80' lang='lat' dir='ltr'>emenda,</span> <span class='ocrx_word' id='word_1_112' title='bbox 1307 2227 1375 2308; x_wconf 92' lang='lat' dir='ltr'>per</span> <span class='ocrx_word' id='word_1_113' title='bbox 1395 2199 1497 2280; x_wconf 89' lang='lat' dir='ltr'>curie</span> <span class='ocrx_word' id='word_1_114' title='bbox 1520 2218 1647 2280; x_wconf 89' lang='lat' dir='ltr'>nostre</span> <span class='ocrx_word' id='word_1_115' title='bbox 1664 2201 1768 2310; x_wconf 85' lang='lat' dir='ltr'>judi-</span> 
     </span>
     <span class='ocr_line' id='line_1_13' title="bbox 339 2330 904 2436; baseline -0.002 -29"><span class='ocrx_word' id='word_1_116' title='bbox 339 2330 455 2420; x_wconf 93' lang='lat' dir='ltr'>cium,</span> <span class='ocrx_word' id='word_1_117' title='bbox 478 2331 599 2407; x_wconf 81' lang='lat' dir='ltr'>extitit</span> <span class='ocrx_word' id='word_1_118' title='bbox 619 2331 904 2436; x_wconf 88' lang='lat' dir='ltr'>condempnata.</span> 
     </span>
    </p>

    <p class='ocr_par' dir='ltr' id='par_1_3' title="bbox 396 2460 1277 2569">
     <span class='ocr_line' id='line_1_14' title="bbox 396 2460 1277 2569; baseline -0.002 -29"><span class='ocrx_word' id='word_1_119' title='bbox 396 2460 573 2541; x_wconf 87' lang='lat' dir='ltr'>Mercurii</span> <span class='ocrx_word' id='word_1_120' title='bbox 592 2478 678 2569; x_wconf 89' lang='lat' dir='ltr'>post</span> <span class='ocrx_word' id='word_1_121' title='bbox 696 2461 959 2539; x_wconf 87' lang='lat' dir='ltr'>lnveucionem</span> <span class='ocrx_word' id='word_1_122' title='bbox 981 2461 1114 2538; x_wconf 87' lang='lat' dir='ltr'>Sancte</span> <span class='ocrx_word' id='word_1_123' title='bbox 1136 2461 1277 2541; x_wconf 87' lang='lat' dir='ltr'>Crucis.</span> 
     </span>
    </p>
   </div>
   <div class='ocr_carea' id='block_1_3' title="bbox 339 2721 1772 4276">
    <p class='ocr_par' dir='ltr' id='par_1_4' title="bbox 339 2721 1772 4114">
     <span class='ocr_line' id='line_1_15' title="bbox 395 2721 1770 2830; baseline -0.001 -27"><span class='ocrx_word' id='word_1_124' title='bbox 395 2725 487 2803; x_wconf 93' lang='lat' dir='ltr'><strong>VIII.</strong></span> <span class='ocrx_word' id='word_1_125' title='bbox 519 2725 616 2803; x_wconf 92' lang='lat' dir='ltr'>Cum</span> <span class='ocrx_word' id='word_1_126' title='bbox 627 2724 744 2801; x_wconf 89' lang='lat' dir='ltr'>Fulco</span> <span class='ocrx_word' id='word_1_127' title='bbox 761 2725 809 2800; x_wconf 89' lang='lat' dir='ltr'>de</span> <span class='ocrx_word' id='word_1_128' title='bbox 824 2725 980 2814; x_wconf 87' lang='lat' dir='ltr'>Mastaa,</span> <span class='ocrx_word' id='word_1_129' title='bbox 999 2722 1126 2815; x_wconf 91' lang='lat' dir='ltr'>miles,</span> <span class='ocrx_word' id='word_1_130' title='bbox 1141 2749 1255 2829; x_wconf 89' lang='lat' dir='ltr'>super</span> <span class='ocrx_word' id='word_1_131' title='bbox 1267 2721 1373 2800; x_wconf 91' lang='lat' dir='ltr'>omni</span> <span class='ocrx_word' id='word_1_132' title='bbox 1388 2722 1474 2830; x_wconf 88' lang='lat' dir='ltr'>jure</span> <span class='ocrx_word' id='word_1_133' title='bbox 1494 2724 1600 2830; x_wconf 91' lang='lat' dir='ltr'>quod</span> <span class='ocrx_word' id='word_1_134' title='bbox 1618 2723 1691 2801; x_wconf 94' lang='lat' dir='ltr'>sibi</span> <span class='ocrx_word' id='word_1_135' title='bbox 1712 2724 1770 2801; x_wconf 92' lang='lat' dir='ltr'>di·</span> 
     </span>
     <span class='ocr_line' id='line_1_16' title="bbox 341 2853 1768 2962; baseline 0.001 -31"><span class='ocrx_word' id='word_1_136' title='bbox 341 2853 448 2932; x_wconf 88' lang='lat' dir='ltr'>cebat</span> <span class='ocrx_word' id='word_1_137' title='bbox 460 2871 677 2962; x_wconf 88' lang='lat' dir='ltr'>competere</span> <span class='ocrx_word' id='word_1_138' title='bbox 691 2855 732 2931; x_wconf 93' lang='lat' dir='ltr'>in</span> <span class='ocrx_word' id='word_1_139' title='bbox 746 2854 890 2932; x_wconf 85' lang='lat' dir='ltr'>civitate</span> <span class='ocrx_word' id='word_1_140' title='bbox 904 2871 942 2932; x_wconf 91' lang='lat' dir='ltr'>et</span> <span class='ocrx_word' id='word_1_141' title='bbox 957 2853 1171 2932; x_wconf 85' lang='lat' dir='ltr'>castellania</span> <span class='ocrx_word' id='word_1_142' title='bbox 1186 2853 1528 2944; x_wconf 87' lang='lat' dir='ltr'>Xanctonensibus,</span> <span class='ocrx_word' id='word_1_143' title='bbox 1540 2854 1768 2961; x_wconf 86' lang='lat' dir='ltr'>peticionem</span> 
     </span>
     <span class='ocr_line' id='line_1_17' title="bbox 340 2985 1770 3093; baseline 0.001 -30"><span class='ocrx_word' id='word_1_144' title='bbox 340 3013 410 3064; x_wconf 90' lang='lat' dir='ltr'>seu</span> <span class='ocrx_word' id='word_1_145' title='bbox 427 3003 642 3093; x_wconf 83' lang='lat' dir='ltr'>requestam</span> <span class='ocrx_word' id='word_1_146' title='bbox 660 2986 772 3064; x_wconf 91' lang='lat' dir='ltr'>nobis</span> <span class='ocrx_word' id='word_1_147' title='bbox 787 2985 949 3077; x_wconf 84' lang='lat' dir='ltr'>lecisset,</span> <span class='ocrx_word' id='word_1_148' title='bbox 965 2985 1173 3065; x_wconf 79' lang='lat' dir='ltr'>senescallo</span> <span class='ocrx_word' id='word_1_149' title='bbox 1188 2985 1441 3064; x_wconf 87' lang='lat' dir='ltr'>Xanctonensi</span> <span class='ocrx_word' id='word_1_150' title='bbox 1457 3002 1595 3064; x_wconf 90' lang='lat' dir='ltr'>certam</span> <span class='ocrx_word' id='word_1_151' title='bbox 1611 2985 1770 3065; x_wconf 84' lang='lat' dir='ltr'>lecimus</span> 
     </span>
     <span class='ocr_line' id='line_1_18' title="bbox 341 3117 1771 3226; baseline 0 -30"><span class='ocrx_word' id='word_1_152' title='bbox 341 3117 646 3196; x_wconf 85' lang='lat' dir='ltr'>commissionem</span> <span class='ocrx_word' id='word_1_153' title='bbox 676 3146 746 3224; x_wconf 90' lang='lat' dir='ltr'>pro</span> <span class='ocrx_word' id='word_1_154' title='bbox 775 3118 1002 3224; x_wconf 88' lang='lat' dir='ltr'>inquirenda</span> <span class='ocrx_word' id='word_1_155' title='bbox 1031 3147 1145 3225; x_wconf 91' lang='lat' dir='ltr'>super</span> <span class='ocrx_word' id='word_1_156' title='bbox 1174 3118 1247 3196; x_wconf 89' lang='lat' dir='ltr'>hoc</span> <span class='ocrx_word' id='word_1_157' title='bbox 1274 3117 1453 3194; x_wconf 83' lang='lat' dir='ltr'>veritate:</span> <span class='ocrx_word' id='word_1_158' title='bbox 1474 3118 1560 3196; x_wconf 89' lang='lat' dir='ltr'>Visa</span> <span class='ocrx_word' id='word_1_159' title='bbox 1580 3118 1693 3226; x_wconf 84' lang='lat' dir='ltr'>igitur</span> <span class='ocrx_word' id='word_1_160' title='bbox 1711 3118 1771 3196; x_wconf 93' lang='lat' dir='ltr'>in·</span> 
     </span>
     <span class='ocr_line' id='line_1_19' title="bbox 342 3246 1772 3356; baseline -0.001 -29"><span class='ocrx_word' id='word_1_161' title='bbox 342 3265 474 3356; x_wconf 87' lang='lat' dir='ltr'>questa</span> <span class='ocrx_word' id='word_1_162' title='bbox 489 3248 687 3354; x_wconf 89' lang='lat' dir='ltr'>superhoc</span> <span class='ocrx_word' id='word_1_163' title='bbox 702 3247 807 3337; x_wconf 86' lang='lat' dir='ltr'>lacta,</span> <span class='ocrx_word' id='word_1_164' title='bbox 823 3265 867 3324; x_wconf 91' lang='lat' dir='ltr'>ut</span> <span class='ocrx_word' id='word_1_165' title='bbox 881 3248 1032 3337; x_wconf 89' lang='lat' dir='ltr'>dicitur,</span> <span class='ocrx_word' id='word_1_166' title='bbox 1047 3277 1116 3354; x_wconf 90' lang='lat' dir='ltr'>per</span> <span class='ocrx_word' id='word_1_167' title='bbox 1129 3246 1374 3324; x_wconf 88' lang='lat' dir='ltr'>Fulcherium</span> <span class='ocrx_word' id='word_1_168' title='bbox 1391 3247 1469 3324; x_wconf 91' lang='lat' dir='ltr'>dou</span> <span class='ocrx_word' id='word_1_169' title='bbox 1486 3248 1627 3325; x_wconf 88' lang='lat' dir='ltr'>Perron</span> <span class='ocrx_word' id='word_1_170' title='bbox 1649 3265 1686 3326; x_wconf 89' lang='lat' dir='ltr'>et</span> <span class='ocrx_word' id='word_1_171' title='bbox 1705 3250 1772 3326; x_wconf 83' lang='lat' dir='ltr'>Be-</span> 
     </span>
     <span class='ocr_line' id='line_1_20' title="bbox 341 3378 1770 3486; baseline -0.001 -30"><span class='ocrx_word' id='word_1_172' title='bbox 341 3379 556 3486; x_wconf 86' lang='lat' dir='ltr'>rengarium</span> <span class='ocrx_word' id='word_1_173' title='bbox 576 3381 715 3468; x_wconf 84' lang='lat' dir='ltr'>Iusser,</span> <span class='ocrx_word' id='word_1_174' title='bbox 736 3379 1013 3457; x_wconf 89' lang='lat' dir='ltr'>commissarios</span> <span class='ocrx_word' id='word_1_175' title='bbox 1034 3405 1148 3485; x_wconf 91' lang='lat' dir='ltr'>super</span> <span class='ocrx_word' id='word_1_176' title='bbox 1172 3379 1246 3456; x_wconf 92' lang='lat' dir='ltr'>hoc</span> <span class='ocrx_word' id='word_1_177' title='bbox 1266 3379 1486 3485; x_wconf 89' lang='lat' dir='ltr'>deputatos,</span> <span class='ocrx_word' id='word_1_178' title='bbox 1508 3395 1552 3454; x_wconf 92' lang='lat' dir='ltr'>ut</span> <span class='ocrx_word' id='word_1_179' title='bbox 1577 3378 1726 3470; x_wconf 89' lang='lat' dir='ltr'>dicitur,</span> <span class='ocrx_word' id='word_1_180' title='bbox 1749 3407 1770 3454; x_wconf 91' lang='lat' dir='ltr'>a</span> 
     </span>
     <span class='ocr_line' id='line_1_21' title="bbox 341 3507 1770 3617; baseline -0.001 -29"><span class='ocrx_word' id='word_1_181' title='bbox 341 3512 519 3617; x_wconf 80' lang='lat' dir='ltr'>magistro</span> <span class='ocrx_word' id='word_1_182' title='bbox 543 3510 751 3592; x_wconf 85' lang='lat' dir='ltr'>Guillelmo</span> <span class='ocrx_word' id='word_1_183' title='bbox 776 3509 979 3598; x_wconf 84' lang='lat' dir='ltr'>Gaillardi,</span> <span class='ocrx_word' id='word_1_184' title='bbox 1005 3509 1132 3588; x_wconf 88' lang='lat' dir='ltr'>locum</span> <span class='ocrx_word' id='word_1_185' title='bbox 1157 3525 1311 3586; x_wconf 89' lang='lat' dir='ltr'>tenente</span> <span class='ocrx_word' id='word_1_186' title='bbox 1335 3507 1427 3584; x_wconf 92' lang='lat' dir='ltr'>dicti</span> <span class='ocrx_word' id='word_1_187' title='bbox 1453 3507 1664 3598; x_wconf 83' lang='lat' dir='ltr'>senescalli,</span> <span class='ocrx_word' id='word_1_188' title='bbox 1691 3537 1770 3586; x_wconf 91' lang='lat' dir='ltr'>non</span> 
     </span>
     <span class='ocr_line' id='line_1_22' title="bbox 342 3639 1769 3748; baseline -0.001 -29"><span class='ocrx_word' id='word_1_189' title='bbox 342 3640 498 3719; x_wconf 84' lang='lat' dir='ltr'>fuerunt</span> <span class='ocrx_word' id='word_1_190' title='bbox 525 3642 676 3720; x_wconf 89' lang='lat' dir='ltr'>invente</span> <span class='ocrx_word' id='word_1_191' title='bbox 701 3641 986 3719; x_wconf 89' lang='lat' dir='ltr'>commissiones</span> <span class='ocrx_word' id='word_1_192' title='bbox 1004 3669 1080 3748; x_wconf 91' lang='lat' dir='ltr'>que</span> <span class='ocrx_word' id='word_1_193' title='bbox 1102 3640 1197 3718; x_wconf 87' lang='lat' dir='ltr'>lacte</span> <span class='ocrx_word' id='word_1_194' title='bbox 1218 3640 1397 3722; x_wconf 89' lang='lat' dir='ltr'>dicuntur</span> <span class='ocrx_word' id='word_1_195' title='bbox 1416 3667 1528 3746; x_wconf 88' lang='lat' dir='ltr'>super</span> <span class='ocrx_word' id='word_1_196' title='bbox 1549 3639 1621 3718; x_wconf 91' lang='lat' dir='ltr'>hoc</span> <span class='ocrx_word' id='word_1_197' title='bbox 1641 3639 1769 3718; x_wconf 87' lang='lat' dir='ltr'>locum</span> 
     </span>
     <span class='ocr_line' id='line_1_23' title="bbox 342 3770 1771 3879; baseline -0.003 -27"><span class='ocrx_word' id='word_1_198' title='bbox 342 3773 488 3852; x_wconf 88' lang='lat' dir='ltr'>tenenti</span> <span class='ocrx_word' id='word_1_199' title='bbox 512 3790 551 3850; x_wconf 90' lang='lat' dir='ltr'>et</span> <span class='ocrx_word' id='word_1_200' title='bbox 570 3773 836 3852; x_wconf 86' lang='lat' dir='ltr'>commissariis</span> <span class='ocrx_word' id='word_1_201' title='bbox 855 3772 1051 3879; x_wconf 83' lang='lat' dir='ltr'>predictis,</span> <span class='ocrx_word' id='word_1_202' title='bbox 1078 3790 1114 3849; x_wconf 92' lang='lat' dir='ltr'>et</span> <span class='ocrx_word' id='word_1_203' title='bbox 1138 3771 1278 3850; x_wconf 86' lang='lat' dir='ltr'>idcirco</span> <span class='ocrx_word' id='word_1_204' title='bbox 1294 3800 1371 3848; x_wconf 92' lang='lat' dir='ltr'>non</span> <span class='ocrx_word' id='word_1_205' title='bbox 1392 3770 1465 3852; x_wconf 84' lang='lat' dir='ltr'>suit</span> <span class='ocrx_word' id='word_1_206' title='bbox 1483 3799 1703 3879; x_wconf 86' lang='lat' dir='ltr'>processum</span> <span class='ocrx_word' id='word_1_207' title='bbox 1721 3771 1771 3848; x_wconf 85' lang='lat' dir='ltr'>ad</span> 
     </span>
     <span class='ocr_line' id='line_1_24' title="bbox 339 3899 1769 4014; baseline 0.001 -32"><span class='ocrx_word' id='word_1_208' title='bbox 339 3904 589 4014; x_wconf 88' lang='lat' dir='ltr'>judicandum</span> <span class='ocrx_word' id='word_1_209' title='bbox 608 3905 823 4011; x_wconf 90' lang='lat' dir='ltr'>inquestam</span> <span class='ocrx_word' id='word_1_210' title='bbox 843 3904 1071 4012; x_wconf 82' lang='lat' dir='ltr'>predictam,</span> <span class='ocrx_word' id='word_1_211' title='bbox 1094 3903 1253 3982; x_wconf 83' lang='lat' dir='ltr'>maxime</span> <span class='ocrx_word' id='word_1_212' title='bbox 1275 3932 1364 3982; x_wconf 89' lang='lat' dir='ltr'>cum</span> <span class='ocrx_word' id='word_1_213' title='bbox 1384 3903 1431 3980; x_wconf 89' lang='lat' dir='ltr'>ad</span> <span class='ocrx_word' id='word_1_214' title='bbox 1457 3931 1611 4010; x_wconf 87' lang='lat' dir='ltr'>presens</span> <span class='ocrx_word' id='word_1_215' title='bbox 1631 3899 1769 3983; x_wconf 83' lang='lat' dir='ltr'>dictam</span> 
     </span>
     <span class='ocr_line' id='line_1_25' title="bbox 343 4053 806 4114; baseline 0.004 -2"><span class='ocrx_word' id='word_1_216' title='bbox 343 4053 480 4114; x_wconf 88' lang='lat' dir='ltr'>terram</span> <span class='ocrx_word' id='word_1_217' title='bbox 501 4065 579 4113; x_wconf 91' lang='lat' dir='ltr'>non</span> <span class='ocrx_word' id='word_1_218' title='bbox 598 4053 806 4114; x_wconf 89' lang='lat' dir='ltr'>teneamus.</span> 
     </span>
    </p>

    <p class='ocr_par' dir='ltr' id='par_1_5' title="bbox 400 4167 775 4276">
     <span class='ocr_line' id='line_1_26' title="bbox 400 4167 775 4276; baseline 0 -30"><span class='ocrx_word' id='word_1_219' title='bbox 400 4167 576 4246; x_wconf 89' lang='lat' dir='ltr'>Mercurii</span> <span class='ocrx_word' id='word_1_220' title='bbox 595 4167 775 4276; x_wconf 82' lang='lat' dir='ltr'>predicta.</span> 
     </span>
    </p>
   </div>
   <div class='ocr_carea' id='block_1_4' title="bbox 339 4426 1783 5193">
    <p class='ocr_par' dir='ltr' id='par_1_6' title="bbox 339 4426 1783 5193">
     <span class='ocr_line' id='line_1_27' title="bbox 398 4426 1768 4517; baseline -0.004 -7"><span class='ocrx_word' id='word_1_221' title='bbox 398 4433 459 4510; x_wconf 84' lang='lat' dir='ltr'>lx.</span> <span class='ocrx_word' id='word_1_222' title='bbox 489 4429 615 4510; x_wconf 82' lang='lat' dir='ltr'>Abbas</span> <span class='ocrx_word' id='word_1_223' title='bbox 640 4448 678 4509; x_wconf 89' lang='lat' dir='ltr'>et</span> <span class='ocrx_word' id='word_1_224' title='bbox 701 4447 907 4510; x_wconf 89' lang='lat' dir='ltr'>conventus</span> <span class='ocrx_word' id='word_1_225' title='bbox 927 4428 1229 4509; x_wconf 86' lang='lat' dir='ltr'>Sancti-Victoris</span> <span class='ocrx_word' id='word_1_226' title='bbox 1252 4426 1485 4517; x_wconf 88' lang='lat' dir='ltr'>Parisiensis,</span> <span class='ocrx_word' id='word_1_227' title='bbox 1502 4444 1709 4506; x_wconf 87' lang='lat' dir='ltr'>asserentes</span> <span class='ocrx_word' id='word_1_228' title='bbox 1729 4455 1768 4504; x_wconf 93' lang='lat' dir='ltr'>se</span> 
     </span>
     <span class='ocr_line' id='line_1_28' title="bbox 344 4557 1768 4666; baseline -0.003 -28"><span class='ocrx_word' id='word_1_229' title='bbox 344 4563 484 4642; x_wconf 88' lang='lat' dir='ltr'>habere</span> <span class='ocrx_word' id='word_1_230' title='bbox 501 4564 602 4641; x_wconf 92' lang='lat' dir='ltr'>intra</span> <span class='ocrx_word' id='word_1_231' title='bbox 618 4562 828 4640; x_wconf 88' lang='lat' dir='ltr'>clausuram</span> <span class='ocrx_word' id='word_1_232' title='bbox 846 4589 1045 4638; x_wconf 90' lang='lat' dir='ltr'>murorum</span> <span class='ocrx_word' id='word_1_233' title='bbox 1063 4559 1217 4638; x_wconf 86' lang='lat' dir='ltr'>abbacie</span> <span class='ocrx_word' id='word_1_234' title='bbox 1237 4587 1304 4636; x_wconf 89' lang='lat' dir='ltr'>sue</span> <span class='ocrx_word' id='word_1_235' title='bbox 1326 4557 1493 4666; x_wconf 71' lang='lat' dir='ltr'>predicte</span> <span class='ocrx_word' id='word_1_236' title='bbox 1509 4557 1768 4636; x_wconf 88' lang='lat' dir='ltr'>omnimodam</span> 
     </span>
     <span class='ocr_line' id='line_1_29' title="bbox 339 4685 1770 4801; baseline -0.003 -30"><span class='ocrx_word' id='word_1_237' title='bbox 339 4694 628 4801; x_wconf 88' lang='lat' dir='ltr'>jurisdicionem</span> <span class='ocrx_word' id='word_1_238' title='bbox 646 4694 759 4771; x_wconf 85' lang='lat' dir='ltr'>altam</span> <span class='ocrx_word' id='word_1_239' title='bbox 781 4710 820 4770; x_wconf 91' lang='lat' dir='ltr'>et</span> <span class='ocrx_word' id='word_1_240' title='bbox 837 4691 1003 4780; x_wconf 90' lang='lat' dir='ltr'>bassam,</span> <span class='ocrx_word' id='word_1_241' title='bbox 1028 4690 1357 4800; x_wconf 88' lang='lat' dir='ltr'>conquerebantur</span> <span class='ocrx_word' id='word_1_242' title='bbox 1381 4689 1428 4766; x_wconf 89' lang='lat' dir='ltr'>de</span> <span class='ocrx_word' id='word_1_243' title='bbox 1455 4685 1646 4796; x_wconf 88' lang='lat' dir='ltr'>preposito</span> <span class='ocrx_word' id='word_1_244' title='bbox 1668 4689 1770 4766; x_wconf 87' lang='lat' dir='ltr'>Pari·</span> 
     </span>
     <span class='ocr_line' id='line_1_30' title="bbox 345 4819 1783 4932; baseline -0.001 -30"><span class='ocrx_word' id='word_1_245' title='bbox 345 4826 457 4904; x_wconf 89' lang='lat' dir='ltr'>sieusi</span> <span class='ocrx_word' id='word_1_246' title='bbox 476 4855 589 4932; x_wconf 89' lang='lat' dir='ltr'>super</span> <span class='ocrx_word' id='word_1_247' title='bbox 610 4825 798 4932; x_wconf 90' lang='lat' dir='ltr'>eoquod,</span> <span class='ocrx_word' id='word_1_248' title='bbox 820 4853 907 4902; x_wconf 91' lang='lat' dir='ltr'>cum</span> <span class='ocrx_word' id='word_1_249' title='bbox 926 4821 1014 4929; x_wconf 90' lang='lat' dir='ltr'>ipsi,</span> <span class='ocrx_word' id='word_1_250' title='bbox 1035 4838 1079 4900; x_wconf 92' lang='lat' dir='ltr'>ut</span> <span class='ocrx_word' id='word_1_251' title='bbox 1104 4821 1295 4909; x_wconf 88' lang='lat' dir='ltr'>dicebant,</span> <span class='ocrx_word' id='word_1_252' title='bbox 1313 4822 1517 4930; x_wconf 84' lang='lat' dir='ltr'>Symoncm</span> <span class='ocrx_word' id='word_1_253' title='bbox 1546 4819 1594 4898; x_wconf 93' lang='lat' dir='ltr'>de</span> <span class='ocrx_word' id='word_1_254' title='bbox 1618 4822 1783 4900; x_wconf 59' lang='lat' dir='ltr'>Sancto—L</span> 
     </span>
     <span class='ocr_line' id='line_1_31' title="bbox 342 4951 1769 5062; baseline -0.002 -30"><span class='ocrx_word' id='word_1_255' title='bbox 342 4957 522 5034; x_wconf 85' lang='lat' dir='ltr'>Ferreolo</span> <span class='ocrx_word' id='word_1_256' title='bbox 532 4959 631 5035; x_wconf 89' lang='lat' dir='ltr'>intra</span> <span class='ocrx_word' id='word_1_257' title='bbox 643 4957 781 5034; x_wconf 87' lang='lat' dir='ltr'>dictam</span> <span class='ocrx_word' id='word_1_258' title='bbox 794 4956 1004 5032; x_wconf 87' lang='lat' dir='ltr'>clausuram</span> <span class='ocrx_word' id='word_1_259' title='bbox 1016 4953 1215 5062; x_wconf 90' lang='lat' dir='ltr'>cepissent,</span> <span class='ocrx_word' id='word_1_260' title='bbox 1225 4971 1264 5032; x_wconf 89' lang='lat' dir='ltr'>et</span> <span class='ocrx_word' id='word_1_261' title='bbox 1272 4955 1540 5031; x_wconf 87' lang='lat' dir='ltr'>incarceratum</span> <span class='ocrx_word' id='word_1_262' title='bbox 1551 4951 1591 5028; x_wconf 89' lang='lat' dir='ltr'>in</span> <span class='ocrx_word' id='word_1_263' title='bbox 1605 4951 1769 5059; x_wconf 90' lang='lat' dir='ltr'>prisione</span> 
     </span>
     <span class='ocr_line' id='line_1_32' title="bbox 347 5081 1769 5193; baseline -0.004 -30"><span class='ocrx_word' id='word_1_264' title='bbox 347 5116 412 5164; x_wconf 86' lang='lat' dir='ltr'>sua</span> <span class='ocrx_word' id='word_1_265' title='bbox 430 5105 621 5179; x_wconf 89' lang='lat' dir='ltr'>tenerent,</span> <span class='ocrx_word' id='word_1_266' title='bbox 633 5115 703 5193; x_wconf 91' lang='lat' dir='ltr'>pro</span> <span class='ocrx_word' id='word_1_267' title='bbox 718 5086 929 5193; x_wconf 89' lang='lat' dir='ltr'>suspicione</span> <span class='ocrx_word' id='word_1_268' title='bbox 944 5083 1143 5163; x_wconf 89' lang='lat' dir='ltr'>homicidii</span> <span class='ocrx_word' id='word_1_269' title='bbox 1157 5084 1196 5162; x_wconf 94' lang='lat' dir='ltr'>in</span> <span class='ocrx_word' id='word_1_270' title='bbox 1210 5112 1367 5191; x_wconf 85' lang='lat' dir='ltr'>persona</span> <span class='ocrx_word' id='word_1_271' title='bbox 1382 5081 1551 5162; x_wconf 89' lang='lat' dir='ltr'>Arbeloti</span> <span class='ocrx_word' id='word_1_272' title='bbox 1567 5083 1769 5164; x_wconf 89' lang='lat' dir='ltr'>Normanni</span> 
     </span>
    </p>
   </div>
   <div class='ocr_carea' id='block_1_5' title="bbox 452 5257 1643 5307">
    <p class='ocr_par' dir='ltr' id='par_1_7' title="bbox 452 5257 1643 5307">
     <span class='ocr_line' id='line_1_33' title="bbox 452 5257 1643 5307; baseline -0.012 -3"><span class='ocrx_word' id='word_1_273' title='bbox 452 5263 506 5307; x_wconf 79' lang='lat' dir='ltr'>aas</span> <span class='ocrx_word' id='word_1_274' title='bbox 526 5263 608 5306; x_wconf 80' lang='lat' dir='ltr'>oarn.</span> <span class='ocrx_word' id='word_1_275' title='bbox 631 5265 679 5304; x_wconf 90' lang='lat'>111.</span> <span class='ocrx_word' id='word_1_276' title='bbox 1608 5257 1643 5301; x_wconf 77' lang='lat'>21</span> 
     </span>
    </p>
   </div>
   <div class='ocr_carea' id='block_1_6' title="bbox 0 0 2236 6209">
    <p class='ocr_par' dir='ltr' id='par_1_8' title="bbox 0 0 2236 6209">
     <span class='ocr_line' id='line_1_34' title="bbox 0 0 2236 6209; baseline 0 0"><span class='ocrx_word' id='word_1_277' title='bbox 0 0 2236 6209; x_wconf 95' lang='lat' dir='ltr'> </span> 
     </span>
    </p>
   </div>
  </div>
 </body>
</html>
