4450 6209
743 748 1008 859 suo'urtrrs
1034 766 1097 881 nr
1124 748 1326 842 rancus.
1698 770 1747 841 25

320 907 431 987 clesie
445 926 484 985 et
498 908 678 987 domium
691 909 858 989 duorum
873 909 1141 1004 comitatuum,
1158 937 1320 1018 quorum
1336 938 1457 992 unum
1472 912 1579 991 dedit
1593 910 1749 989 ecclesie
1787 920 1917 973 rurum
1931 916 1975 980 tv,

320 1040 619 1131 Sancti-Ulmori,
641 1059 680 1119 et
700 1043 873 1120 eamdem
893 1040 1089 1120 ecclesiam
1108 1070 1222 1121 suum
1242 1044 1404 1121 instituit
1418 1045 1615 1133 heredem,
1633 1043 1750 1120 alium
1851 1010 1914 1053 lm

317 1200 407 1249 vero
426 1171 667 1262 comitatum,
688 1173 863 1252 videlicet
881 1172 1103 1251 comitatum
1123 1173 1296 1264 Boionio,
1325 1176 1478 1283 reliquit
1502 1175 1653 1254 cuidam
1680 1202 1749 1253 suo

318 1302 424 1381 fratri
450 1304 591 1383 minori
614 1305 764 1414 genito,
786 1324 825 1383 et
849 1306 954 1412 quod
979 1303 1078 1382 dicta
1097 1306 1250 1384 ecclesia
1269 1324 1375 1385 tenet
1398 1308 1438 1385 id
1460 1309 1566 1416 quod
1586 1323 1694 1385 tenet
1713 1307 1750 1383 in

320 1436 448 1529 bonis,
464 1435 765 1543 possessionibus
778 1436 1085 1515 etredditibusin
1098 1438 1279 1516 comitatu
1294 1438 1468 1517 distincto
1480 1458 1519 1517 et
1531 1439 1648 1519 diviso
1663 1467 1767 1542 aco·

320 1567 456 1646 mitatu
479 1566 654 1657 Bolonie,
682 1586 721 1645 et
743 1569 889 1647 suntin
908 1568 1043 1647 saisina
1061 1568 1210 1645 essendi
1232 1570 1271 1647 in
1291 1571 1406 1677 garda
1424 1588 1548 1650 nostra
1568 1586 1607 1648 et
1624 1571 1753 1679 requi·

320 1698 431 1776 rendi
452 1726 535 1775 earn
553 1698 735 1805 quociens
755 1701 809 1777 eis
827 1698 986 1806 placuit3
1007 1728 1049 1775 ac
1070 1699 1189 1776 eciam
1213 1718 1342 1809 gentes
1366 1718 1493 1780 nostre
1521 1702 1695 1780 dicebant
1714 1731 1751 1780 se

322 1858 403 1908 esse
423 1830 463 1907 in
482 1830 617 1907 saisina
636 1859 703 1909 eos
717 1828 897 1940 gardandi
913 1831 1033 1908 eciam
1046 1846 1177 1909 contra
1196 1833 1374 1909 comitem
1392 1833 1551 1912 Bolonie
1570 1852 1607 1911 et
1622 1853 1753 1943 gentes

321 1989 424 2050 suas,
453 1979 492 2039 et
509 1962 616 2069 quod
637 1961 684 2040 de
705 1964 780 2040 hoc
797 1962 992 2040 fueramus
1011 1962 1243 2041 sufficienter
1264 1964 1341 2054 usi,
1363 1970 1482 2073 prout
1497 1962 1596 2043 dicte
1620 1984 1752 2075 gentes

321 2110 449 2171 nostre
478 2094 716 2172 asserebant:
740 2094 928 2186 Tandem,
955 2093 1228 2201 visa-inquesta
1259 2122 1371 2202 super
1399 2096 1473 2174 hiis
1498 2096 1545 2173 de
1572 2096 1751 2177 mandato

320 2242 453 2303 nostro
477 2223 590 2315 sacta,
610 2225 698 2303 visis
720 2226 829 2302 cartis
854 2241 892 2301 et
916 2224 1120 2334 privilegiis
1146 2225 1244 2303 dicte
1270 2226 1426 2305 ecclesie
1446 2226 1749 2325 Sancti-Ulmari,

322 2355 463 2433 auditis
483 2357 602 2433 eciam
615 2356 831 2435 nacionibus
846 2356 935 2432 binc
955 2374 993 2433 et
1008 2356 1099 2436 iude
1115 2359 1335 2464 propositis,
1352 2360 1644 2465 pronunciatum
1661 2360 1750 2450 fuit,

322 2516 392 2594 per
410 2487 513 2565 crrrie
533 2504 661 2565 nostre
678 2487 880 2596 judicium,
904 2488 1059 2595 gardam
1078 2487 1248 2593 predicte
1268 2488 1422 2566 abbacie
1444 2490 1751 2579 Sancti-Ulmari,

323 2646 557 2727 suorumque
574 2621 768 2698 bonorum
783 2620 958 2697 omnium
973 2635 1012 2696 et
1029 2646 1158 2695 rerum
1178 2618 1401 2697 situatarum
1421 2621 1461 2696 in
1482 2620 1662 2700 comitatu
1681 2622 1754 2700 Bo-

323 2747 428 2827 {onie
454 2767 492 2828 et
512 2752 594 2859 ejus
612 2752 871 2859 pertinenciis,
894 2751 943 2829 ad
963 2750 1308 2828 dictum'comitem
1329 2752 1536 2857 pertinere,
1557 2752 1609 2830 ita
1628 2769 1752 2829 tamen

322 2880 429 2989 quod
448 2882 488 2956 in
499 2882 688 2960 omnibus
707 2880 895 2960 contentis
914 2882 954 2958 in
973 2882 1083 2959 cartis
1103 2909 1170 2959 seu
1190 2880 1393 2992 privilegiis
1409 2882 1499 2959 dicti
1514 2884 1751 2977 monasterii,

323 3041 487 3119 quarum
505 3012 564 3091 vel
578 3040 743 3122 quorum
759 3030 911 3091 tenores
930 3011 1088 3089 iuferius
1107 3012 1366 3105 continentur,
1390 3010 1510 3090 dictus
1529 3042 1656 3092 comes
1675 3042 1752 3093 non

322 3145 464 3251 poterit
479 3173 550 3222 nec
566 3146 723 3223 debebit
741 3175 779 3223 se
801 3144 849 3223 de
864 3144 977 3254 garda
995 3144 1266 3233 intromittere,
1289 3144 1360 3221 nisi
1380 3172 1424 3221 ex
1439 3164 1544 3251 parte
1563 3144 1651 3222 dicti
1673 3174 1755 3223 mo-

323 3278 476 3357 nasterii
498 3278 704 3385 superbos
725 3276 942 3382 requisitus.
963 3276 1187 3385 Sequuntur
1200 3293 1352 3353 tenores
1368 3274 1552 3369 dictarum
1567 3294 1753 3354 cartarum

325 3438 392 3488 seu
409 3410 703 3520 privilegiorum.

381 3542 451 3618 «Iu
471 3542 627 3621 nomine
651 3560 777 3621 sancte
803 3561 843 3623 et
861 3544 1054 3624 individue
1074 3542 1287 3635 Trinitatis,
1305 3570 1416 3621 amen
1440 3574 1448 3620 ε
1469 3542 1660 3636 Quoniam
1682 3541 1753 3618 vita

322 3698 478 3778 presens
505 3673 629 3752 brevis
655 3694 694 3755 et
723 3674 866 3765 labilis,
895 3674 955 3754 vel
986 3676 1127 3783 iniquis
1153 3674 1349 3753 interitum
1381 3674 1439 3751 vel
1472 3672 1653 3782 gaudium
1681 3672 1753 3780 piis

321 3806 420 3910 parit
446 3824 642 3899 eternum
671 3836 742 3917 ego
768 3807 986 3898 Eustacius,
1013 3805 1173 3885 Bolonie
1204 3791 1348 3900 comes,
1378 3822 1514 3884 notum
1541 3804 1637 3881 facio
1667 3804 1754 3882 uni-

322 3936 455 4026 versis,
475 3955 553 4016 tam
578 3928 815 4046 presentibus
839 3968 954 4047 quam
973 3936 1128 4031 futuris,
1151 3938 1258 4048 quod
1277 3937 1430 4017 ecclesia
1451 3934 1754 4015 Sancti-Ulmari-

324 4066 546 4147 iu-Nemore
566 4072 717 4177 penitus
739 4070 860 4151 libera
879 4090 935 4149 est
953 4072 1001 4149 ab
1020 4071 1125 4149 omni
1149 4070 1341 4149 exactione
1365 4087 1403 4147 et
1419 4068 1694 4147 consuetudine
1718 4085 1755 4144 et

323 4199 425 4303 pacis
445 4217 615 4291 terrene,
639 4202 680 4277 in
701 4219 780 4279 tota
802 4219 903 4279 terra
928 4230 995 4279 sua
1017 4230 1170 4280 omnem
1193 4202 1413 4281 comitatum
1441 4219 1478 4278 et
1502 4228 1657 4279 omnem
1674 4200 1755 4305 jus-

324 4331 473 4423 ticiam,
505 4348 543 4410 et
568 4333 751 4441 quicquid
777 4333 825 4410 ad
851 4333 1068 4411 libertatem
1096 4350 1134 4409 et
1165 4334 1380 4412 dominium
1408 4332 1592 4439 pertinet,
1619 4358 1663 4407 ex
1688 4358 1753 4406 an-

324 4464 433 4571 tiqua
461 4479 740 4543 antecessorum
771 4492 945 4541 meorum
979 4464 1188 4541 donacione
1207 4480 1256 4563 et
1281 4461 1572 4541 confirmacione
1605 4487 1753 4538 necnon

325 4595 445 4703 ipsius
471 4594 544 4673 loci
570 4593 815 4686 fundacione,
842 4594 1073 4673 hereditario
1088 4594 1175 4701 jure
1205 4612 1244 4672 et
1261 4594 1391 4673 tibere
1407 4592 1661 4700 possessione,
1685 4592 1754 4671 ob-
1819 4582 1823 4589 ’

325 4725 442 4817 tinet,
466 4726 643 4805 videlicet
667 4729 705 4804 iu
729 4726 829 4805 villis
849 4728 920 4805 sibi
942 4725 1236 4834 pertinentibus,
1257 4724 1297 4803 in
1317 4724 1554 4815 homiuibus,
1577 4724 1617 4801 iu
1637 4722 1752 4815 silvis,

327 4856 369 4933 in
388 4857 513 4964 aquis,
542 4858 582 4935 in
607 4858 900 4967 piscacionibus,
921 4858 961 4936 in
985 4857 1101 4965 pratis
1126 4876 1164 4935 et
1182 4858 1221 4935 in
1246 4856 1441 4950 marescis,
1463 4856 1558 4935 etin
1579 4854 1759 4935 omnibus

329 4986 538 5068 eventibus.
552 4988 739 5068 Villarum
755 5008 882 5088 autem
898 5005 938 5067 et
953 4986 1126 5068 locorum
1141 4988 1212 5067 hec
1228 5006 1317 5066 sunt
1329 4987 1504 5068 nomina:
1519 4984 1606 5064 villa
1621 4987 1759 5065 Sancti.

329 5120 496 5211 Ulmari,
514 5119 639 5200 forum
657 5141 695 5201 et
713 5122 895 5231 quicquid
912 5122 959 5199 ad
975 5122 1101 5201 sorum
1114 5117 1173 5199 vel
1189 5120 1315 5201 villam
1331 5120 1513 5227 pertinet,
1533 5117 1756 5207 Mintiuum,

411 5296 465 5337 ass
487 5297 568 5339 ortu.
587 5299 633 5340 ιιι.
1611 5278 1632 5343 t
