4450 6209
511 713 584 784 620
1093 711 1185 784 LES
1213 711 1353 786 OLIM.

283 862 414 916 panim
426 860 470 927 Ν,
511 853 620 960 plura
639 850 734 928 facta
754 851 937 930 contraria
961 852 1279 958 proponentibus,
1301 851 1506 958 auditaque
1524 879 1638 958 super
1656 850 1730 930 hoc
1747 849 1840 929 dieti
1857 851 1936 931 bal-

345 950 408 996 ml'
509 983 573 1062 livi
591 981 797 1071 relacione,
814 1011 883 1088 per
897 982 1038 1059 curiam
1056 999 1222 1060 nostram
1242 983 1455 1089 injunctum
1476 980 1549 1060 suit
1566 982 1670 1062 dicto
1682 982 1819 1060 ballivo
1832 985 1935 1090 quod

511 1115 612 1219 ipse,
629 1111 765 1190 vocatis
781 1111 882 1189 dicto
901 1111 1021 1188 milite
1037 1129 1075 1190 et
1085 1113 1262 1219 gentibus
1277 1111 1366 1190 dicti
1384 1112 1566 1220 episcopi,
1580 1113 1791 1219 inquireret
1806 1116 1934 1191 verita-

509 1261 590 1322 tem
617 1271 731 1350 super
749 1273 826 1350 quo
854 1260 893 1320 et
918 1243 1081 1350 qualiter
1106 1261 1146 1321 et
1173 1244 1315 1350 quibus
1338 1243 1529 1322 decausis
1555 1244 1699 1322 dictum
1723 1245 1930 1352 judicatum

511 1375 653 1453 factum
665 1373 803 1463 fuerat,
814 1403 884 1480 pro
900 1373 1002 1452 dieto
1016 1373 1136 1452 milite
1147 1391 1277 1452 eontra
1292 1374 1510 1481 episcopum
1520 1376 1732 1482 predictum
1743 1408 1752 1452 ι
1764 1362 1933 1483 lnquesta

514 1505 628 1612 igitur
646 1502 740 1580 sacta
760 1532 873 1610 super
892 1505 965 1582 hoc
985 1506 1033 1581 ad
1047 1522 1214 1582 nostram
1233 1506 1374 1581 curiam
1392 1521 1595 1611 reportata,
1617 1505 1802 1614 dictisque
1817 1507 1932 1586 milite

514 1653 551 1712 et
565 1634 743 1743 gentibus
755 1634 913 1740 predicti
929 1637 1093 1741 episcopi
1107 1663 1150 1712 su
1153 1663 1221 1741 per
1234 1665 1277 1714 ea
1286 1635 1441 1726 auditis,
1457 1653 1494 1713 et
1508 1638 1662 1713 tandem
1677 1637 1753 1720 uisa
1765 1637 1933 1743 inquesta

512 1766 695 1873 predicta,
713 1794 782 1872 per
797 1766 899 1842 curie
916 1783 1042 1844 nostre
1057 1766 1263 1873 judicium,
1282 1767 1425 1842 dictum
1443 1764 1515 1843 luit
1530 1766 1652 1871 quod,
1671 1794 1748 1842 non
1768 1766 1932 1846 obstante

510 1896 681 2004 judicato
705 1894 876 2000 predicto
896 1912 1026 1972 contra
1047 1896 1191 1972 dictum
1211 1896 1431 2002 episcopum
1457 1895 1571 1986 sacto,
1596 1895 1719 1973 dictus
1742 1897 1933 2004 episcopus

514 2044 722 2134 reponetur
741 2026 779 2101 in
802 2025 952 2117 saisina,
975 2027 1012 2103 in
1033 2056 1107 2133 qua
1123 2027 1220 2134 ipse,
1237 2044 1409 2134 tempore
1429 2027 1520 2104 dicti
1534 2026 1709 2134 judicati,
1727 2045 1818 2116 erat,
1837 2028 1932 2106 leodi

513 2157 673 2264 predicti
694 2155 741 2233 de
769 2156 804 2233 la
828 2157 957 2263 Loppe
985 2174 1023 2234 et
1046 2157 1238 2235 fructuum
1265 2157 1453 2266 ejusdem,
1478 2175 1516 2235 et
1539 2158 1620 2265 ipso
1642 2157 1695 2234 sic
1715 2159 1880 2264 reposito
1897 2160 1932 2235 in

515 2287 650 2365 saisina
664 2286 846 2393 predicta,
868 2287 989 2364 dictus
1005 2288 1234 2368 Guillelmus
1243 2290 1308 2398 jus
1322 2317 1434 2366 suum
1449 2317 1563 2394 super
1577 2289 1678 2368 dieto
1689 2289 1804 2368 feodo
1816 2317 1933 2396 prose

513 2434 662 2526 quatur,
679 2418 711 2494 si
726 2417 831 2506 velit,
852 2416 921 2496 ubi
941 2418 1108 2498 debebit.

570 2548 749 2626 Mercurii
764 2566 850 2656 post
863 2548 1002 2627 festum
1023 2548 1125 2627 beati
1141 2549 1310 2655 Georgii,
1329 2578 1428 2628 anno
1442 2550 1707 2629 trecentesimo
1722 2552 1930 2628 undecimo.

573 2813 697 2892 CXIV.
729 2813 827 2891 Cum
852 2813 892 2889 in
916 2840 1024 2890 causa
1046 2841 1172 2891 coram
1191 2813 1302 2892 nobis
1326 2831 1429 2892 mota
1453 2814 1552 2892 inter
1571 2832 1808 2892 executorem
1829 2829 1934 2890 testa-

516 2943 633 3018 menti
664 2941 839 3020 desunctc
869 2945 1093 3048 Margarete,
1124 2945 1318 3051 quondam
1349 2945 1505 3024 domine
1539 2944 1769 3052 Brageriaci,
1798 2972 1845 3022 ex
1865 2971 1934 3020 una

516 3086 640 3179 parte,
664 3088 701 3148 ct
718 3071 922 3150 Ysahellim
937 3073 984 3150 de
1004 3073 1129 3163 Levis,
1149 3075 1356 3180 legitimam
1377 3076 1555 3153 tutricem
1573 3103 1640 3154 seu
1657 3073 1935 3154 administratri-

517 3229 600 3278 cem
614 3200 722 3278 Helie
738 3202 888 3280 Rudelli
903 3220 941 3280 et
954 3202 1093 3282 sororis
1114 3205 1302 3314 ejusdem,
1323 3206 1532 3285 liberorum
1546 3235 1703 3285 suorum
1718 3234 1761 3281 ac
1773 3205 1935 3282 domino

516 3362 602 3410 rum
627 3333 855 3439 Brageriaci,
878 3361 921 3409 ex
940 3333 1072 3424 altera,
1092 3335 1242 3414 racione
1265 3336 1457 3414 bonorum
1477 3366 1553 3444 que
1572 3335 1767 3444 quondam
1786 3335 1935 3412 luerunt

518 3463 616 3540 dicte
629 3462 805 3542 defuncte
819 3481 856 3541 et
865 3463 1058 3542 fruetuum
1071 3484 1109 3542 et
1122 3468 1291 3544 exituum
1306 3467 1528 3545 eorumdem
1540 3497 1582 3545 ac
1592 3467 1827 3544 execucionis
1838 3483 1936 3545 testa·

517 3595 636 3672 menti
650 3594 766 3699 ipsius
780 3593 971 3683 defuncte,
983 3611 1067 3672 orto
1079 3595 1230 3686 debato,
1244 3625 1288 3673 ex
1303 3596 1484 3674 incidenti
1495 3657 1504 3686 ‚
1516 3598 1614 3674 inter
1625 3614 1748 3703 partes
1758 3596 1935 3703 predictas

517 3751 630 3828 super
652 3751 696 3800 eo
720 3722 824 3827 quod
849 3724 1132 3828 proponebatur
1154 3731 1308 3800 inanum
1333 3743 1497 3804 nostram
1523 3727 1729 3833 appositam
1756 3727 1796 3802 in
1815 3729 1935 3804 castris

518 3852 567 3928 de
589 3855 760 3942 Morem,
783 3852 830 3928 de
851 3853 1068 3959 Brageriaco
1092 3856 1189 3931 etin
1218 3854 1288 3933 alia
1317 3874 1417 3946 terra
1441 3856 1538 3935 dicte
1564 3857 1758 3946 defuncte,
1789 3858 1934 3936 fractam

518 3980 652 4068 luisse,
674 3981 811 4060 auditis
833 4010 945 4086 super
968 3983 1040 4059 hoc
1064 4003 1307 4090 procuratore
1326 4005 1456 4064 nostro
1481 4005 1520 4064 et
1539 3987 1640 4065 dicto
1662 4005 1875 4081 executore,
1896 4017 1935 4065 ex

519 4141 594 4189 una
613 4129 734 4218 parte,
760 4130 797 4189 et
821 4131 1062 4219 procuratore
1080 4114 1191 4226 dicte
1216 4116 1417 4207 Ysahellis,
1443 4147 1487 4198 cr
1510 4117 1641 4208 altera,
1664 4147 1742 4225 per,
1756 4137 1934 4197 arrestum

519 4258 645 4322 nostre
671 4243 789 4331 curie,
820 4243 964 4320 dictum
983 4243 1056 4322 suit
1078 4246 1199 4352 quod,
1221 4264 1305 4324 ante
1327 4250 1455 4327 omnia
1475 4249 1572 4326 dicta
1594 4279 1728 4328 manus
1746 4268 1886 4339 nostra,
1906 4250 1933 4326 si

518 4370 631 4451 fracta
659 4372 788 4463 suerit,
822 4401 867 4450 ex
891 4375 1036 4482 integro
1063 4377 1296 4469 resaisietur;
1325 4397 1364 4457 et
1387 4397 1531 4485 postea,
1559 4381 1669 4458 dictis
1697 4397 1934 4487 procuratore

519 4521 649 4581 nostro
674 4520 712 4580 et
731 4521 929 4582 executore
945 4505 1071 4611 plures
1091 4511 1259 4586 raciones
1280 4511 1581 4617 proponentibus
1596 4529 1635 4588 et
1653 4511 1781 4618 plures
1798 4512 1935 4589 litteras

521 4651 558 4710 et
579 4633 827 4711 instrumenta
855 4635 1120 4716 exhibentibus
1150 4639 1462 4745 adprobandum
1489 4641 1790 4733 dictamsmanus
1815 4659 1934 4720 nostre

519 4761 760 4852 fraccionem‚
776 4765 873 4842 dicte
887 4766 1067 4846 Ysabellis
1079 4787 1321 4874 procuratore
1336 4799 1380 4848 ex
1391 4772 1545 4850 adverso
1556 4789 1791 4879 proponente
1801 4773 1934 4850 dictam

520 4920 674 4969 manum
696 4921 773 4970 non
792 4894 906 4974 fuisse
927 4899 1133 5004 appositam
1154 4900 1194 4977 in
1213 4900 1325 4979 bonis
1343 4903 1541 5009 predictis,
1564 4920 1616 4993 et,
1634 4903 1666 4980 si
1681 4933 1851 5010 unquam
1869 4902 1936 4982 luit

519 5022 573 5100 ibi
587 5024 770 5130 apposita,
788 5027 890 5131 quod
905 5028 993 5106 inde
1007 5047 1132 5108 amota
1146 5030 1269 5109 luerat
1282 5049 1368 5112 ante
1376 5050 1528 5141 tempus
1542 5034 1739 5114 fraccionis
1749 5034 1935 5142 preposite
