4450 6209
519 688 592 770 rat
1104 685 1366 762 unrocus.
1430 659 1439 670 '

284 847 417 900 rmum
428 843 474 908 tv,
513 837 580 916 bio
598 833 744 914 ibidem
762 833 948 923 tenendo,
971 834 1184 940 prepositus
1202 831 1436 922 Parisiensis,
1456 859 1522 910 eos
1540 830 1789 937 impediendo
1810 833 1948 941 injuste

346 937 412 980 ω’
515 969 557 1046 in
576 965 816 1076 hujusmodi,
834 966 882 1044 ad
897 965 1185 1072 requisicionem
1204 993 1443 1072 campsorum
1460 962 1567 1044 stalla
1580 993 1647 1042 sua
1666 993 1780 1070 supra
1803 963 1946 1044 dictum

486 1139 492 1151 ·
515 1118 672 1209 pontem
701 1128 745 1176 ex
770 1116 875 1205 parte
905 1096 1039 1177 Gravie
1061 1097 1296 1186 tenemium,
1320 1098 1440 1176 dictos
1461 1125 1595 1176 eorum
1618 1113 1765 1202 tapetes
1791 1100 1945 1188 amovit,

517 1231 728 1310 inhibendo
750 1230 842 1337 ipsis
868 1257 917 1308 ne
942 1228 1087 1308 ibidem
1111 1227 1305 1310 cambium
1329 1246 1521 1319 tenerent,
1542 1229 1783 1336 requirentes
1803 1229 1945 1308 dictum

515 1363 833 1470 impedimentum
858 1359 1041 1452 amoveri,
1066 1359 1119 1438 ita
1141 1359 1248 1467 quod
1272 1359 1345 1467 ipsi
1366 1377 1520 1466 possent
1542 1359 1598 1440 uti
1615 1359 1755 1440 saisina
1772 1389 1842 1441 sua
1863 1391 1947 1470 pre·

517 1496 617 1574 dicta
634 1494 825 1572 cambium
843 1491 1000 1570 tenendi
1028 1493 1223 1570 incorum
1246 1491 1466 1599 operatoriis
1491 1491 1736 1598 supradictis3
1758 1509 1797 1570 et
1818 1522 1840 1572 e
1860 1523 1946 1574 eon·

516 1645 574 1705 tra
597 1655 682 1735 pars
707 1627 897 1704 dictorum
923 1649 1163 1731 campsorum
1190 1623 1366 1730 pluribus
1385 1622 1599 1706 racionibus
1618 1642 1850 1730 proponeret
1869 1625 1948 1704 dic·

516 1779 599 1837 tum
611 1758 945 1866 impedimentum,
957 1773 1137 1862 tauquam
1147 1755 1250 1862 juste
1266 1755 1499 1862 appositum,
1515 1783 1593 1832 non
1608 1753 1749 1836 debere
1763 1759 1945 1836 amoveri:

518 1891 708 1980 Tandem,
735 1888 875 1967 auditis
892 1888 981 1966 hinc
1007 1887 1098 1966 inde
1117 1887 1338 1995 propositis,
1363 1887 1526 1994 visisque
1553 1886 1687 1969 litteris
1715 1888 1944 1995 quibusdam

518 2053 562 2101 ac
581 2023 755 2129 inquesta
773 2050 887 2126 super
905 2021 978 2098 boc
996 2018 1109 2111 saeta,
1132 2047 1200 2126 per
1219 2037 1403 2098 arrestum
1418 2035 1545 2098 nostre
1565 2019 1686 2110 curie,
1712 2020 1857 2099 dictum
1877 2021 1947 2100 fuit

519 2154 627 2262 quod
641 2153 780 2232 iactum
792 2152 1008 2260 predictum
1031 2150 1120 2228 dicti
1139 2151 1357 2230 Parisiensis
1376 2150 1555 2258 prepositi
1576 2178 1653 2229 non
1672 2152 1943 2230 retractabitur.

575 2287 618 2365 In
638 2286 771 2394 vigiliis
789 2285 1230 2375 Omnium-Sanctorum,
1253 2311 1352 2363 anno
1370 2283 1636 2364 trecentesimo
1656 2284 1786 2364 tercio.

575 2556 668 2635 XIV.
698 2553 797 2634 Cum
823 2570 1044 2662 procurator
1068 2553 1260 2632 karissime
1287 2551 1470 2633 consortis
1493 2570 1637 2642 nostre,
1661 2553 1850 2645 iohanne,
1880 2555 1946 2634 Dei

518 2687 662 2798 gracia,
683 2685 837 2764 Francie
861 2704 901 2762 et
925 2689 1084 2764 Navarre
1108 2686 1257 2792 regine,
1282 2684 1501 2765 executricis
1522 2684 1650 2764 inclite
1674 2685 1947 2764 recordacionis

521 2819 714 2908 defuncte,
736 2818 865 2896 matris
884 2846 970 2905 sue,
995 2817 1189 2922 quondam
1214 2819 1371 2894 Navarre
1395 2816 1540 2924 regine,
1567 2845 1681 2924 super
1705 2817 1779 2894 hoc
1801 2816 1947 2894 anobis

519 2951 738 3040 autorizate,
761 2949 975 3028 executorio
994 2949 1148 3027 nomine
1167 2948 1337 3054 predicto
1364 2947 1570 3048 diceret’et
1588 2965 1836 3055 proponeret,
1864 2977 1946 3026 cou-

519 3099 577 3158 tra
603 3098 830 3159 mercatores
855 3079 1044 3157 societatis
1069 3081 1266 3158 Mozorum
1292 3098 1487 3160 eteorum
1514 3098 1817 3188 procuratorem,
1846 3080 1945 3188 quod

521 3241 625 3305 cum,
646 3240 716 3318 pro
741 3211 905 3318 quadam
928 3212 1154 3290 execucione
1180 3213 1375 3321 cujusdam
1397 3210 1645 3319 obligacionis
1669 3210 1839 3288 facienda
1865 3240 1946 3290 con·

518 3363 579 3423 tra
597 3345 789 3422 Donatum
814 3343 863 3420 de
882 3343 1028 3436 Velluz,
1051 3361 1094 3427 et,
1108 3361 1208 3422 certa
1233 3371 1360 3432 causa,
1381 3343 1564 3451 adquam
1590 3343 1693 3421 idem
1717 3343 1888 3422 Donatus
1910 3359 1944 3421 et

520 3476 602 3584 ejus
624 3474 780 3554 societas
799 3492 905 3553 erant
923 3474 1078 3584 obligati
1100 3504 1188 3583 erga
1208 3491 1340 3584 gentes
1369 3474 1468 3552 dicte
1496 3475 1624 3582 regine
1650 3475 1825 3567 Navarre,
1857 3475 1945 3554 corti

520 3606 610 3713 equi
631 3635 746 3712 supra
761 3604 903 3682 dictum
923 3607 1117 3684 Donatum
1139 3634 1208 3712 per
1231 3623 1362 3713 gentes
1380 3605 1567 3712 predictas
1586 3605 1683 3712 capti
1709 3603 1884 3696 tuissent,
1911 3624 1946 3683 et

521 3738 725 3842 appreciati
739 3737 921 3842 usquead
936 3765 1124 3813 summam
1139 3739 1257 3816 trium
1272 3735 1435 3815 millium
1449 3734 1634 3816 librarum
1646 3737 1942 3826 Turonensium‚

521 3885 560 3946 et
580 3896 649 3974 pro
669 3869 859 3946 dictorum
879 3895 1068 3974 equorum
1087 3869 1159 3947 sub
1178 3869 1306 3975 precio
1327 3869 1497 3976 predicto
1517 3868 1771 3959 recredencia,
1788 3897 1864 3976 que
1882 3897 1945 3975 per

521 3998 674 4076 easdem
693 4016 824 4107 gentes
839 3999 940 4077 dicto
959 4001 1108 4078 Donato
1124 4001 1219 4080 facta
1236 4001 1322 4092 suit,
1345 4001 1614 4108 Lappo-Picte,
1633 3999 1758 4078 socius
1780 4030 1850 4078 seu
1869 4001 1945 4079 sau·

519 4148 582 4209 tor
604 4148 859 4210 mercatorum
880 4131 928 4209 de
948 4133 1125 4210 societate
1150 4134 1363 4224 Mororum,
1388 4161 1459 4211 suo
1485 4149 1523 4212 et
1548 4132 1647 4210 dicte
1672 4131 1861 4212 societatis
1879 4162 1943 4213 no-

518 4263 640 4353 mine,
659 4293 745 4373 erga
759 4280 892 4374 gentes
905 4264 1005 4344 dicte
1020 4266 1149 4373 regine
1161 4266 1316 4344 Navarra
1329 4295 1397 4372 pro
1412 4266 1513 4344 dicto
1525 4267 1668 4344 donato
1681 4265 1940 4374 fidejussisset,

521 4412 559 4472 et
582 4425 621 4473 se
644 4413 681 4474 et
702 4397 911 4504 predictam
929 4398 1146 4476 societatem
1170 4408 1212 4474 et'
1227 4425 1360 4476 eorum
1378 4398 1478 4476 bona
1500 4397 1703 4506 obligasset
1721 4397 1771 4474 ad
1786 4396 1943 4474 redden·

521 4525 615 4605 dum
630 4545 670 4606 et
683 4529 947 4636 reponendum
966 4531 1007 4605 iu
1025 4556 1144 4607 manu
1166 4529 1264 4608 dicte
1283 4529 1410 4638 regine
1426 4531 1581 4608 Navarre
1601 4529 1662 4608 vel
1682 4529 1764 4636 ejus
1779 4525 1941 4606 mandati

520 4656 642 4736 dictos
669 4687 786 4766 equos
805 4659 845 4737 in
873 4660 1010 4739 eodem
1034 4678 1135 4739 statu
1157 4661 1198 4737 in
1222 4689 1298 4768 quo
1326 4661 1421 4767 capti
1445 4657 1595 4738 fuerant
1617 4687 1728 4765 supra
1750 4657 1939 4737 Donatum

518 4787 818 4892 predictum,vel
831 4819 1018 4868 summam
1026 4791 1146 4868 trium
1156 4790 1512 4870 milliumlibrarum
1523 4786 1806 4868 Turonensium
1818 4814 1940 4894 supra-

520 4916 910 5027 dictam,etquod,de
921 4922 1195 5001 consuetudine
1206 4922 1425 5030 Campania,
1438 4921 1638 5000 sociusseu
1650 4921 1777 4999 fautor
1786 4917 1938 5026 alicujus

517 5049 705 5130 societatis
715 5054 890 5143 eamdem
903 5053 1119 5133 societatem
1136 5070 1175 5132 et
1188 5053 1305 5161 ipsius
1319 5053 1507 5136 societatis
1516 5069 1744 5132 mercatores
1759 5067 1936 5130 eteorum
