4450 6209
452 720 528 791 eor
960 724 968 750 ··
1018 712 1124 785 cns
1154 709 1294 783 orm.
1435 774 1440 783 .
1550 682 1557 693 ’

226 860 412 927 perdiscit.
508 860 666 939 Veneria
684 874 770 936 aute
789 857 1022 935 Nativitatem
1041 853 1210 933 Domini,
1272 858 1292 929 ’Ξ
1402 917 1406 926 .

289 958 350 1001 Μ’
508 990 972 1094 llosaelletustneportavit.·

507 1254 664 1331 xit-vlu..
697 1254 740 1329 In
768 1278 977 1359 causaque
1003 1278 1129 1329 coram
1155 1250 1347 1358 preposito
1375 1247 1572 1327 Patisieusi
1598 1247 1720 1325 extitit
1743 1244 1877 1355 agitata

452 1383 550 1461 inter
569 1383 818 1463 Guillelmum
842 1384 888 1459 de
914 1382 1099 1461 Mailliaco
1119 1399 1164 1461 et
1183 1382 1266 1487 ejus
1283 1386 1455 1469 morem,
1478 1379 1737 1471 Katberinam,
1758 1376 1876 1455 filiun

451 1514 644 1620 quondam
663 1514 816 1621 Nicolay
832 1515 1040 1623 Tegularii,
1059 1515 1148 1591 civis
1161 1513 1397 1602 Perisiensis,
1415 1528 1586 1621 agentes,
1603 1539 1648 1587 ex
1661 1538 1740 1587 una
1752 1526 1874 1615 parte,

451 1660 488 1723 et
507 1644 712 1735 lsabellim,
736 1645 873 1723 dictam
893 1646 929 1723 la
948 1647 1111 1740 Damee,
1135 1644 1425 1733 defendentem,
1446 1672 1491 1721 ex
1509 1642 1642 1732 altera,
1663 1669 1778 1747 super
1795 1668 1877 1717 me-

451 1774 653 1855 dietatibus
667 1776 829 1853 duarum
846 1777 1065 1866 domorum,
1083 1776 1239 1854 sitamm
1254 1775 1431 1865 Parisius,
1445 1792 1485 1853 et
1495 1774 1578 1852 aliis
1592 1772 1822 1881 quibusdam
1835 1772 1876 1847 iu

450 1905 637 2011 peticione
665 1906 854 1985 dictorum
881 1908 1085 2017 conjugum
1110 1907 1263 2014 plenius
1286 1905 1504 1996 declaratis,
1539 1934 1614 2012 que
1637 1932 1699 1983 res
1722 1902 1878 1981 fuerunt

449 2035 590 2113 Nicolai
605 2038 789 2143 ‚predicti3
811 2040 916 2116 idem
933 2040 1167 2147 prepositus,
1188 2040 1230 2116 in
1250 2043 1295 2117 'eo
1313 2040 1421 2145 quod
1440 2038 1534 2115 dicti
1551 2037 1730 2143 conjuges
1749 2051 1877 2113 eontra

453 2165 592 2244 dictam
613 2167 819 2247 -Ysabellim
844 2170 961 2247 dictas
987 2170 1211 2248 medietates
1228 2169 1434 2248 domorum
1460 2186 1504 2246 ut
1526 2174 1611 2248 suas
1636 2166 1708 2244 sibi
1728 2164 1877 2274 adjudi-

452 2298 527 2373 cari
549 2315 586 2375 et
605 2298 807 2379 deliberari
827 2302 1027 2407 petebant,
1047 2330 1117 2408 per
1135 2330 1249 2379 suum
1263 2300 1492 2409 judicatum,
1515 2300 1654 2377 dictam
1673 2294 1876 2376 Ysabellim

450 2428 627 2520 absolvit,
659 2448 717 2519 et,
747 2432 785 2507 in
812 2458 858 2511 eo
887 2433 992 2539 quod
1018 2434 1089 2539 ipsi
1113 2434 1298 2539 petebant
1327 2450 1456 2511 contra
1484 2431 1646 2510 eandem
1671 2427 1875 2529 Ysabellim

404 2600 408 2611 ·
452 2561 570 2639 dictas
587 2561 808 2643 medietates
828 2564 900 2641 sibi
916 2592 996 2642 esse
1020 2564 1201 2672 obligatas
1214 2565 1472 2672 pronunciari,
1491 2580 1529 2641 et
1542 2561 1614 2641 sibi
1637 2578 1680 2639 ut
1696 2561 1878 2667 obligatas

450 2690 548 2768 tradi
569 2709 608 2770 et
627 2692 826 2770 deliberari
852 2694 898 2771 ab
923 2695 1067 2772 eisdem
1088 2696 1314 2804 conjugibus
1338 2696 1521 2773 tenendas
1540 2710 1579 2771 et
1597 2690 1875 2800 explectandas,

452 2852 526 2899 una
547 2852 632 2900 cum
645 2824 807 2929 quadam
820 2826 927 2902 vinea
947 2826 1047 2932 apud
1065 2823 1480 2933 VillamNovam-llegis
1493 2826 1584 2915 sita,
1610 2822 1878 2930 conquestibus

453 2970 490 3033 et
510 2953 590 3031 aliis
603 2955 715 3033 bonis
736 2955 825 3032 dicti
846 2957 1039 3062 quondam
1055 2956 1222 3065 Nicolay,
1244 2986 1314 3064 pro
1331 2956 1562 3064 perficiendo
1583 2955 1727 3034 eisdem
1746 2954 1878 3062 conju·

451 3085 562 3193 gibus
582 3086 772 3165 deiectum
792 3088 1011 3194 quindecim
1039 3088 1222 3167 librarum
1239 3090 1357 3167 annui
1374 3090 1548 3168 redditus
1567 3106 1607 3167 et
1625 3088 1813 3196 octoginta
1830 3086 1877 3163 li-

451 3215 605 3295 brarum
618 3204 789 3297 inbonis
809 3219 1033 3309 mobilibus,
1056 3238 1095 3298 et
1111 3250 1181 3328 pro
1202 3222 1426 3332 aequitando
1446 3239 1485 3299 et
1503 3210 1702 3300 liberando
1714 3218 1877 3297 eosdem

452 3348 630 3456 conjuges
640 3376 728 3459 erga
739 3351 944 3430 creditores
955 3352 1055 3431 dicte
1064 3353 1270 3431 Katherine
1286 3355 1335 3430 de
1348 3354 1522 3432 ducentis
1541 3352 1649 3430 libris
1667 3378 1761 3459 quas
1779 3350 1878 3427 dicta

452 3480 656 3559 Xatherina
673 3481 853 3570 debebat,
875 3500 1046 3591 tempore
1063 3512 1140 3591 quo
1159 3486 1446 3563 matrimonium
1465 3484 1648 3563 contraxit
1666 3512 1752 3560 cum
1771 3482 1879 3561 Guil-

451 3608 568 3689 lelmo
587 3612 777 3717 predicto,
803 3613 942 3691 dictam
962 3614 1165 3691 Ysebellim
1186 3644 1256 3722 per
1274 3616 1378 3692 idem
1392 3615 1582 3723 judicium
1600 3613 1879 3693 sentencialiter

452 3741 757 3847 condempnavit,
780 3772 800 3819 a
819 3772 895 3848 quo
911 3744 1081 3851 judicato
1102 3746 1440 3853 condempnatorio
1461 3748 1561 3825 dicta
1578 3746 1777 3836 Yarbellis,
1796 3764 1879 3824 tan·

453 3898 566 3976 quam
583 3902 603 3947 a
621 3872 714 3950 falso
735 3892 773 3951 et
791 3903 921 3979 pravo,
944 3875 991 3952 ad
1011 3896 1178 3954 nostram
1198 3879 1339 3955 curiam
1356 3879 1578 3987 appellavit:
1598 3879 1748 3959 Auditis
1763 3880 1878 3989 igitur

452 4002 491 4079 in
517 4004 745 4083 causa'dicte
765 4004 1031 4111 appellacionis
1051 4009 1221 4114 partibus
1239 4010 1454 4100 antedictis,
1479 4027 1518 4087 et
1536 4010 1622 4089 visis
1641 4012 1877 4117 processibus

453 4151 491 4211 et
503 4136 673 4243 judicato
692 4137 890 4243 predictis,
908 4166 982 4244 per
995 4140 1098 4216 curie
1120 4158 1247 4219 nostre
1263 4141 1453 4249 judicium
1477 4142 1623 4220 dictum
1636 4141 1709 4220 fuit
1730 4160 1769 4220 et
1789 4170 1876 4250 pro·

452 4269 672 4347 nunciatum
693 4268 835 4347 dictum
855 4270 1089 4375 prepositum
1108 4270 1207 4349 bene
1229 4271 1434 4380 judicasse,
1456 4289 1495 4349 et
1521 4272 1658 4349 dictam
1674 4271 1876 4350 Ysabellim

451 4396 557 4478 mate·
569 4400 795 4507 appellasse,
816 4416 854 4479 et
871 4400 976 4506 quod
993 4401 1139 4479 dictum
1155 4404 1366 4510 judicatum
1387 4402 1630 4482 mandabitur
1644 4404 1875 4483 execucioni.

450 4574 463 4583 „
507 4532 663 4612 Veneris
683 4550 768 4611 ante
790 4532 1027 4611 Nativitatem
1045 4534 1215 4613 Domini.
1622 4536 1627 4543 ’

474 4716 483 4731 «
507 4663 557 4741 Μ.
579 4665 611 4741 ,1.
632 4664 847 4745 Anthonius
867 4664 1081 4771 reportavit.

505 4924 630 5001 XXIX.
663 4926 758 5004 Cum
780 4959 801 5005 a
824 4928 989 5037 quodmu
1004 4928 1176 5037 judicato
1199 4958 1269 5038 per
1286 4931 1460 5011 custodes
1485 4930 1743 5012 nundinarum
1769 4934 1877 5012 Cam·

451 5056 560 5163 panie
580 5055 696 5145 lacto,
718 5085 787 5157 pro
806 5060 988 5139 Morando
1009 5061 1055 5136 de
1073 5061 1234 5140 Morfaut
1253 5080 1382 5142 contra
1395 5064 1548 5142 fratrem
1561 5061 1766 5154 Milonem,
1788 5091 1874 5169 pro·
