4450 6209
731 705 996 812 auoutres
1022 724 1085 795 ar
1113 706 1319 798 raucas.
1664 732 1736 800 217

314 880 548 951 montensem
563 863 622 939 vel
637 880 825 968 ponantur
843 867 1012 955 nomina,
1034 866 1065 942 si
1086 865 1221 972 placet,
1243 895 1317 944 una
1338 896 1422 943 cum
1440 867 1537 960 aliis,
1554 885 1592 945 et
1605 869 1738 946 sit'una
1779 879 1908 934 Panum
1923 883 1967 946 IV.

217 1010 219 1013 ’
314 995 516 1072 sentencia.
1842 973 1905 1014 ¹³⁰⁰'

371 1126 523 1205 Sabbati
544 1142 630 1232 post
648 1127 797 1204 octabas
813 1128 1034 1235 Epiphania.

372 1259 473 1364 Roya
493 1258 705 1362 reportavit.

373 1520 531 1598 XLVIII.
563 1520 660 1598 Cum
690 1540 920 1628 proponeret
949 1524 988 1600 in
1019 1524 1121 1600 curia
1150 1541 1274 1602 nostra
1304 1543 1524 1630 procurator
1546 1526 1681 1631 prioris
1705 1541 1742 1602 et

318 1669 521 1730 conventus
544 1652 1084 1760 Sancti-Martini·de-Campis
1106 1655 1337 1744 Parisiensis,
1361 1675 1488 1734 contra
1514 1657 1741 1735 comitissam

319 1781 366 1859 de
378 1783 512 1862 Drncis
525 1799 565 1860 et
575 1783 623 1860 de
639 1783 910 1873 Monte-Forti,
922 1784 1028 1891 quod
1042 1785 1138 1862 dicta
1153 1786 1355 1875 comitissa,
1373 1786 1473 1866 bona
1487 1789 1741 1893 quorumdam

317 1915 510 2019 hospitum
524 1941 681 1992 suorum
696 1901 835 1992 invilla
849 1915 1170 2022 Sancti-Hyllarii,
1185 1935 1339 2022 propter
1355 1917 1427 1993 hoc
1440 1919 1546 2024 quod
1559 1919 1649 1995 dicti
1661 1920 1745 1994 hos-

317 2046 414 2150 pites
427 2046 477 2122 ad
490 2045 710 2122 mandatum
728 2046 828 2123 dicte
843 2046 1032 2125 comitisse
1052 2047 1256 2126 noluerant
1270 2048 1325 2125 ire
1346 2048 1615 2156 adjuvandum
1637 2077 1743 2155 repa·
1792 2093 1798 2102 ·

318 2204 399 2251 rare
420 2193 602 2267 castrum,
625 2205 692 2254 seu
716 2176 853 2256 turrim
874 2178 1191 2267 Montis-Fortis,
1215 2198 1380 2285 ceperat,
1402 2209 1470 2256 seu
1490 2180 1570 2286 capi
1590 2178 1739 2288 lecerat,

318 2307 356 2382 in
379 2307 635 2415 prejudicium
662 2308 850 2386 dictorum
881 2308 1161 2417 religiosorum,
1178 2287 1367 2417 ‘ipsosque
1395 2310 1650 2415 perturbando
1676 2341 1743 2388 seu

320 2438 554 2519 molestando
574 2441 623 2516 de
643 2467 740 2519 novo
761 2458 800 2518 et
818 2441 957 2549 injuste
977 2441 1017 2516 in
1036 2441 1170 2518 saisina
1186 2442 1336 2548 justicie
1358 2443 1456 2518 dicte
1478 2442 1581 2532 ville,
1603 2471 1743 2548 propo-

318 2570 445 2648 nendo
461 2571 581 2648 dictas
594 2572 741 2678 prisias,
761 2587 914 2678 propter
934 2568 1116 2648 debatum
1133 2571 1300 2678 parcium
1322 2573 1369 2650 ad
1386 2600 1539 2650 manum
1556 2591 1739 2661 nostram,

319 2719 509 2808 tamqnam
529 2703 748 2808 superioris,
768 2701 882 2780 fuisse
901 2703 1059 2810 positas,
1081 2720 1120 2779 et
1133 2730 1202 2809 per
1218 2703 1390 2782 eamdem
1404 2732 1559 2782 manum
1576 2722 1741 2781 nostram

320 2832 452 2910 factam
471 2831 586 2910 luisse
607 2833 717 2911 dictis
735 2833 920 2940 religiosis
938 2833 1218 2912 recredenciam
1234 2833 1291 2910 de
1312 2835 1474 2925 eisdem,
1496 2853 1742 2941 propterque

320 2965 495 3070 petebant
514 2965 604 3042 dicti
624 2965 789 3073 religiosi
810 2965 950 3043 dictam
969 2965 1196 3044 comitissam
1219 2966 1487 3072 condempnari
1508 2966 1743 3073 etcompelli

321 3094 367 3171 ad
381 3096 603 3175 cessandum
617 3125 638 3173 a
653 3096 940 3205 perturbacione
958 3115 995 3174 et
1009 3096 1492 3202 impedimento'predictis,
1511 3115 1548 3174 et
1562 3098 1610 3174 ad
1620 3125 1745 3174 emen-

321 3227 488 3304 dandum
506 3229 650 3306 eisdem
672 3228 812 3305 lactum
832 3228 1064 3336 predictum,
1085 3227 1301 3334 dictamque
1321 3229 1598 3304 recredenciam
1618 3229 1673 3304 eis
1696 3228 1745 3304 ad

323 3357 640 3436 deliberacionem
655 3360 843 3450 converti3
860 3358 959 3436 dicta
974 3359 1163 3436 comitissa
1178 3359 1217 3434 in
1235 3359 1481 3449 contrarium,
1498 3357 1672 3464 pluribus
1689 3388 1746 3434 ra-

323 3488 511 3578 donibus,
529 3507 763 3596 proponente
782 3507 822 3566 et
841 3489 990 3568 dicente
1010 3518 1050 3567 se
1067 3516 1146 3566 esse
1163 3490 1203 3564 in
1221 3489 1355 3566 saisina
1371 3488 1530 3566 faciendi
1544 3489 1742 3594 premissa,

323 3635 361 3696 et
377 3638 529 3727 petente
549 3611 686 3699 dictam
709 3649 866 3699 manum
887 3638 1051 3699 nostram
1082 3621 1130 3696 de
1161 3620 1271 3698 dictis
1294 3619 1418 3726 prisiis
1438 3620 1600 3697 amoveri
1628 3638 1665 3696 et
1685 3648 1746 3698 eas

323 3751 370 3826 ad
384 3779 538 3828 manum
549 3781 654 3830 suam
667 3753 798 3858 reponi
809 3785 818 3830 ε
830 3752 1006 3831 Pluribus
1019 3751 1185 3828 articulis
1201 3751 1394 3828 hincinde
1411 3751 1559 3828 traditis
1571 3752 1616 3827 ad
1631 3749 1745 3827 finem

322 3883 552 3987 predictum,
570 3901 610 3962 et
627 3885 798 3990 inquesto
818 3911 932 3990 super
950 3884 1004 3960 eis
1022 3882 1069 3960 de
1087 3882 1267 3960 mandato
1284 3883 1386 3960 curie
1401 3899 1529 3959 nostre
1544 3880 1655 3971 facta,
1671 3883 1744 3960 visa

324 4031 362 4090 et
379 4013 576 4123 diligenter
591 4016 811 4104 examinata,
833 4017 922 4121 quia
941 4014 1137 4091 inventum
1158 4014 1277 4092 extitit
1296 4013 1552 4093 intencionem
1571 4012 1670 4090 dicte
1691 4043 1746 4090 co-

323 4145 466 4224 mitisse
481 4147 710 4225 sufficienter
726 4175 806 4225 esse
823 4147 1034 4252 probatam,
1055 4145 1095 4220 in
1112 4174 1198 4222 casu
1214 4144 1403 4250 predicto,
1419 4173 1487 4250 per
1501 4145 1603 4220 curie
1620 4161 1747 4221 nostre

319 4275 523 4382 judicium,
540 4278 684 4358 dictum
700 4269 773 4356 luit
788 4295 825 4355 et
844 4276 1138 4384 pronunciatum
1160 4276 1298 4351 dictam
1317 4303 1474 4351 manum
1498 4291 1685 4362 nostram,
1707 4275 1747 4351 in

324 4405 433 4485 dictis
447 4409 573 4516 prisiis
591 4409 817 4516 appositam,
838 4407 1001 4484 amoveri
1022 4407 1179 4493 debere,
1203 4423 1240 4482 et
1259 4433 1320 4484 eas
1339 4405 1387 4481 ad
1400 4431 1556 4481 manum
1573 4403 1670 4480 dicte
1686 4433 1749 4481 co-

324 4536 466 4617 mitisse
486 4538 626 4618 debere
648 4519 798 4646 reponi,
821 4538 919 4615 salva
945 4565 1059 4642 super
1081 4538 1171 4628 boc,
1195 4537 1304 4614 dictis
1326 4534 1528 4642 religiosis,
1550 4535 1747 4641 questione

325 4669 576 4775 proprietatis.

361 4801 480 4883 ,Iovis
499 4820 584 4880 ante
603 4804 782 4881 Sanctum
802 4801 1059 4882 Vincencium.
1186 4891 1194 4910 -.

384 4932 612 5011 Rosselletus
631 4935 841 5039 reportavit.

415 5241 468 5283 LES
489 5241 571 5284 OLIU.
595 5243 639 5283 111.
