4450 6209
494 757 566 832 lto
1078 753 1170 828 LES
1195 751 1338 828 OLIM.

263 911 395 964 enaim
407 906 452 970 W·
488 930 563 979 una
577 916 700 1008 parte,
719 914 760 978 et
771 899 993 1006 magistrum
1010 895 1236 974 Mauricium
1251 894 1299 973 de
1312 893 1472 1003 Nigedla,
1490 921 1536 972 ex
1553 892 1686 987 altera,
1703 923 1820 1004 super
1832 925 1924 1005 quo·

323 1001 388 1045 ¹*
490 1033 579 1111 dam
592 1031 764 1142 judicato
791 1029 888 1108 facto
917 1026 1154 1106 interdictas
1177 1043 1302 1136 partes
1326 1055 1396 1135 per
1419 1025 1605 1106 ballivum
1633 1027 1799 1138 episcopi
1825 1031 1924 1108 Pari·

489 1164 647 1244 siensisz
666 1163 756 1242 Viso
782 1189 963 1270 processu
991 1187 1101 1238 cause
1128 1159 1315 1238 dictarum
1341 1159 1511 1266 parcium
1538 1155 1671 1238 habito
1689 1187 1817 1238 coram
1846 1159 1925 1240 hal-

490 1297 566 1376 livo
597 1295 793 1404 predicto,
821 1321 971 1374 necnon
995 1291 1168 1402 judicato
1195 1290 1287 1370 dicti
1315 1289 1441 1368 ballivi
1475 1317 1591 1398 super
1618 1289 1721 1370 dicto
1748 1319 1926 1399 processu

492 1430 607 1518 sacto,
629 1458 651 1505 a
668 1455 748 1536 quo
762 1425 836 1504 fuit
847 1423 1095 1533 appeliatum,
1114 1451 1185 1532 per
1202 1439 1388 1502 arrestum
1405 1439 1537 1502 nostre
1557 1422 1679 1513 curie,
1692 1423 1841 1503 dictum
1857 1423 1927 1504 suit

492 1561 600 1669 quod
628 1558 753 1638 dictus
774 1585 994 1666 processus,
1019 1573 1178 1664 propter
1195 1554 1367 1634 desectam
1386 1555 1425 1632 in
1446 1583 1494 1632 eo
1513 1569 1705 1663 repertos,
1728 1583 1808 1634 non
1822 1556 1927 1666 judi-

492 1693 652 1784 cabam,
671 1690 742 1770 sed
759 1689 1004 1770 remittentur
1021 1688 1123 1766 dicte
1141 1704 1266 1796 partes
1286 1689 1335 1766 ad
1355 1685 1538 1766 ballivum
1556 1685 1793 1796 predictum,
1811 1705 1856 1766 ut
1868 1717 1928 1769 su-

493 1853 564 1933 per
579 1852 709 1903 earum
729 1821 919 1913 articulis,
945 1821 985 1897 in
1011 1821 1116 1900 dicto
1138 1847 1318 1928 processu
1343 1819 1547 1910 contentis.
1570 1819 1711 1898 vocatis
1731 1835 1771 1898 et
1790 1820 1927 1900 auditis

495 1956 682 2063 partibus,
697 1955 893 2033 veritatem
912 1953 1091 2062 inquirat,
1111 1969 1153 2032 et
1171 1951 1280 2034 faciat
1293 1953 1359 2062 jus
1377 1953 1478 2032 inter
1498 1979 1575 2031 eas.

552 2088 710 2168 Veneris
725 2103 815 2196 post
832 2087 1012 2167 sanctiam
1030 2085 1225 2166 Maniam.

552 2353 646 2431 xlx.
678 2352 803 2459 Super
816 2379 863 2429 eo
882 2350 989 2459 quod
1006 2349 1222 2459 prepositus
1239 2347 1505 2428 Laudunonsis
1523 2365 1643 2428 certes
1664 2345 1799 2428 billoni
1815 2375 1930 2458 quan

495 2485 645 2576 times,
672 2501 853 2592 mam
882 2483 1038 2562 domino
1063 2482 1156 2591 Regi
1177 2481 1415 2575 commissas,
1441 2509 1557 2590 super
1575 2481 1762 2591 quosdam
1786 2482 1930 2562 Italicos

496 2633 753 2706 arrestaverat‚
780 2631 819 2695 et
841 2616 1008 2694 eundem
1031 2613 1218 2694 bidonem
1238 2614 1327 2693 dicti
1352 2613 1499 2693 domini
1521 2614 1633 2723 Regis
1655 2595 1834 2724 gentibus
1855 2632 1929 2694 tra-

498 2748 662 2836 diderat,
683 2763 800 2856 prout
821 2748 1006 2826 contineri
1032 2746 1172 2824 dicitur
1196 2746 1235 2823 in
1259 2746 1424 2854 quedam
1450 2744 1591 2836 littere,
1614 2745 1739 2855 sigillo
1759 2745 1929 2826 Gaufridi

497 2879 680 2958 Cocatrici
705 2878 880 2988 sigillata,
908 2906 1026 2986 quem
1045 2878 1231 2958 bidonem
1259 2895 1481 2987 procurator
1501 2877 1609 2957 ducis
1628 2877 1854 2971 Brebancie‚
1876 2877 1932 2957 di·

499 3037 589 3088 cens
612 3037 693 3088 esse
722 3009 895 3118 ejusdem
916 3008 1044 3102 ducis,
1072 3009 1184 3088 reddi
1210 3027 1249 3088 et
1266 3010 1417 3090 restitui
1437 3010 1540 3089 dicto
1566 3009 1655 3090 duci
1674 3009 1851 3118 petebat:
1874 2994 1933 3091 lnss

499 3157 632 3250 questa
651 3169 766 3248 super
785 3141 859 3220 hoc
878 3142 927 3220 de
945 3142 1126 3221 mandato
1148 3140 1293 3220 domini
1313 3143 1426 3251 Regis
1444 3141 1556 3237 facta,
1576 3142 1654 3222 visa
1672 3159 1714 3221 et
1732 3141 1932 3252 diligenter

500 3273 724 3362 examinata,
740 3301 811 3381 per
824 3273 928 3352 curie
941 3290 1073 3353 nostre
1085 3273 1292 3382 judicium,
1309 3273 1434 3352 dictus
1452 3273 1684 3382 prepositus,
1701 3301 1772 3352 suo
1788 3289 1828 3352 et
1841 3275 1930 3353 dicti

500 3404 647 3482 domini
666 3403 777 3514 Regis
795 3405 969 3496 nomine,
990 3432 1012 3482 a
1029 3406 1219 3513 peticione
1239 3404 1461 3514 hujusmodi
1482 3403 1555 3486 fuit
1576 3404 1855 3484 sentencialiter
1870 3405 1931 3485 ab·

499 3537 660 3616 solutius.

558 3666 759 3747 Dominica
775 3684 862 3744 ante
881 3665 1108 3746 Cathodnm
1129 3667 1255 3747 Sancti
1270 3668 1383 3746 Petri.

559 3932 638 4007 XX.
667 3930 766 4009 Cum
788 3959 811 4005 a
831 3929 993 4038 qaudam
1021 3931 1228 4023 sentencia,
1256 3961 1325 4040 per
1338 3931 1512 4042 judicem
1535 3947 1708 4012 nocuum
1738 3961 1932 4014 cauumm

503 4060 803 4170 appellacionum
814 4061 1032 4141 senescallie
1044 4063 1260 4144 Tholosane
1275 4091 1343 4142 seu
1355 4063 1439 4174 ejus
1449 4063 1750 4143 commissarium
1762 4062 1853 4158 lata,
1866 4093 1932 4174 pro

502 4192 727 4302 Raymundo
747 4210 785 4271 et
809 4193 975 4302 Sycardo
994 4194 1204 4286 Carthaloni,
1235 4193 1431 4287 fratribus,
1461 4213 1591 4275 contra
1611 4194 1774 4276 Vitalem
1792 4197 1931 4288 Niceti,

503 4327 543 4403 in
558 4325 726 4434 quedam
749 4325 1016 4434 appellacionis
1043 4355 1152 4406 causa
1178 4327 1228 4406 ad
1246 4327 1411 4422 eundem
1434 4328 1606 4438 judicem
1626 4328 1849 4436 interposite
1867 4357 1934 4438 per

504 4459 626 4537 dictos
644 4457 787 4551 fratres,
804 4460 1009 4567 aquodam
1027 4477 1207 4568 precepto
1227 4461 1442 4540 executorio
1460 4489 1530 4569 per
1538 4457 1709 4570 judicem
1728 4461 1934 4571 Lauregne

505 4591 567 4683 sii,
592 4619 660 4668 seu
675 4590 724 4668 do
741 4591 823 4699 ejus
839 4592 1019 4671 mandato
1034 4591 1132 4670 fatto
1146 4607 1274 4670 contra
1288 4593 1390 4699 ipsos
1403 4622 1473 4701 pro
1493 4592 1598 4672 dicto
1612 4591 1742 4682 Viuli,
1758 4619 1830 4701 per
1841 4619 1935 4672 eun·

506 4721 594 4798 dem
607 4721 769 4802 Vitalem
789 4723 838 4800 ad
856 4741 1024 4802 nostram
1042 4723 1176 4802 fuisset
1194 4724 1336 4802 curiam
1356 4725 1587 4832 appeliatum
1598 4755 1607 4802 ε
1620 4723 1663 4802 In
1680 4719 1792 4802 cansa
1813 4721 1935 4831 appel·

504 4850 656 4929 lationis
673 4853 912 4961 hujusmodi,
934 4854 1074 4934 auditis
1092 4854 1308 4934 nacionibus
1322 4857 1493 4963 parcium
1506 4855 1778 4964 predictarum,
1796 4873 1836 4934 et
1850 4854 1934 4934 visis

505 4984 765 5062 instrumentis
788 5001 827 5062 et
844 4985 1084 5092 processibus
1103 4988 1346 5077 eamdem,
1367 5015 1437 5095 por
1454 4987 1561 5065 curie
1579 5001 1711 5066 nostre
1725 4983 1932 5095 judicium,

506 5113 651 5191 dictum
679 5113 750 5194 finit
774 5132 818 5194 et
844 5119 1138 5224 pmuunciatum
1165 5120 1310 5198 dictum
1335 5120 1507 5229 judiccin
1536 5115 1840 5227 appeiitcionsm
1866 5145 1931 5198 seu
