4450 6209
521 681 592 750 100
1105 671 1197 746 LES
1222 670 1361 746 OLIM.

286 833 418 888 Panum
430 834 474 900 tv,
514 818 737 926 parlamenti
758 818 968 895 remitteret
985 814 1056 892 sub
1074 843 1143 894 suo
1166 813 1329 892 clausam
1348 812 1497 922 sigillo:
1519 813 1606 894 Visa
1626 811 1742 922 igitur
1763 813 1860 898 dicta
1880 817 1934 893 in·

349 926 412 968 leot.

513 968 662 1058 questa,
684 967 723 1027 et
744 948 988 1028 consideratis
1007 947 1187 1026 omnibus
1210 973 1283 1054 que
1304 962 1470 1024 nostram
1493 944 1636 1022 curiam
1658 973 1809 1024 movere
1828 965 1934 1052 pote·

512 1100 597 1159 rant
613 1100 651 1159 et
669 1080 874 1171 debebant,
897 1108 965 1186 per
978 1096 1146 1156 nostram
1166 1078 1239 1156 fnit
1255 1077 1395 1156 curiam
1415 1077 1648 1166 ordinatum,
1668 1076 1934 1158 nonobstante

511 1212 673 1319 quadam
694 1211 948 1319 appellacione
973 1239 1042 1317 per
1066 1209 1211 1288 dictum
1233 1207 1444 1288 Guiardum
1467 1207 1701 1314 interposita,
1723 1237 1837 1317 quam
1857 1212 1933 1318 ipsa

510 1344 612 1420 curia
631 1360 757 1422 nostra
777 1341 949 1420 frivolam
965 1341 1171 1448 reputavit,
1187 1339 1310 1448 quod,
1330 1339 1360 1418 ei
1379 1338 1501 1416 dictus
1515 1337 1704 1418 Guiardus
1718 1337 1855 1419 advoet
1869 1341 1932 1419 lae

507 1493 590 1552 tum
615 1475 849 1582 predictum,
871 1473 951 1580 ipse
973 1472 1092 1551 solvet
1108 1470 1221 1550 nobis
1239 1472 1462 1580 quingentas
1479 1468 1592 1548 libras
1609 1471 1850 1550 Turonenses
1866 1501 1931 1579 pro

509 1605 669 1683 emenda
686 1633 906 1683 excessuum
926 1604 1201 1712 predictom,
1226 1601 1433 1710 dequibus
1453 1599 1608 1678 babebit
1625 1600 1748 1679 dictus
1760 1604 1930 1682 serviens

507 1735 779 1843 quinquaginta
803 1733 940 1822 libras;
962 1732 993 1809 si
1012 1761 1101 1811 vero
1119 1732 1263 1810 dictum
1286 1730 1424 1809 sactum
1448 1759 1525 1808 non
1542 1730 1769 1821 advoaverit,
1785 1733 1929 1838 predic-

506 1882 570 1941 tus
594 1865 728 1942 Petrus
751 1863 922 1940 Audrant
946 1882 984 1941 et
1006 1861 1241 1972 Aymericus,
1269 1860 1393 1939 valleti
1424 1861 1513 1939 dicti
1539 1859 1713 1954 Guiardi,
1739 1891 1782 1940 ac
1812 1862 1929 1941 dictate

507 1996 639 2073 Petrus
656 1992 844 2084 Andrant,
865 1992 1025 2072 ballivus
1047 1993 1138 2071 dicti
1162 1992 1338 2083 Guiardi,
1361 2009 1399 2069 et
1420 1992 1632 2101 prepositus
1653 1993 1720 2100 qui
1744 2009 1838 2070 tunc
1857 2011 1930 2071 erat

506 2126 607 2232 apud
617 2124 858 2214 Ambiacum,
874 2123 1069 2230 capientur
1077 2151 1146 2232 per
1157 2123 1404 2202 senescallum
1412 2123 1624 2232 predictum
1635 2140 1673 2202 et
1681 2124 1721 2200 in
1730 2123 1927 2202 Castelleto

506 2274 637 2334 nostro
664 2255 880 2349 Parisiensi,
907 2255 978 2334 sub
1003 2253 1079 2333 lida
1100 2254 1287 2348 custodia,
1313 2281 1382 2364 per
1407 2255 1549 2333 dictum
1574 2254 1821 2334 senescallum
1848 2255 1928 2332 mit·

506 2403 634 2464 lentur
651 2385 868 2492 puniendos
886 2415 956 2492 pro
973 2403 1153 2494 computo
1169 2413 1410 2474 excessuum,
1427 2403 1540 2493 prout
1558 2385 1659 2464 curie
1681 2404 1809 2466 nostre
1828 2386 1927 2464 vide·

503 2517 608 2595 bitur
624 2517 852 2595 faciendum.
1745 2492 1749 2504 ¹

561 2650 726 2734 Sabbato
744 2669 830 2758 post
846 2649 1195 2729 Annunciacionem
1210 2649 1377 2728 Domini.

561 2782 744 2863 Gorintus
761 2781 973 2889 reportavit.

561 3043 686 3120 XLIX.
718 3042 818 3121 Cum
838 3070 964 3120 coram
988 3041 1126 3121 ballivo
1148 3042 1275 3121 dilecti
1301 3071 1343 3121 ac
1366 3043 1493 3122 fidelis
1512 3045 1629 3130 nostri
1655 3045 1820 3152 episcopi
1840 3045 1924 3123 Lin-

503 3175 681 3283 gonensis
701 3173 872 3254 lobanna
893 3174 991 3253 dicta
1010 3174 1047 3254 la
1064 3174 1258 3268 Vautiere,
1282 3176 1369 3254 civis
1387 3176 1655 3286 Lingonensis,
1672 3193 1804 3254 contra
1818 3178 1924 3256 Pero-

504 3334 608 3399 nam,
629 3303 799 3382 relictam
817 3304 983 3384 defuncti
1002 3307 1151 3414 Jaquini
1166 3307 1202 3384 le
1221 3305 1387 3397 Gantier,
1404 3307 1660 3416 proposuisset
1672 3307 1777 3414 quod
1794 3335 1923 3415 prepo

503 3438 596 3515 situs
611 3437 861 3546 Lingonensis
876 3456 1005 3516 contra
1022 3456 1167 3517 tutores
1187 3437 1396 3517 liberorum
1418 3437 1585 3517 defuncti
1601 3437 1760 3545 predicti
1778 3437 1922 3546 Jaquini

501 3569 813 3674 pronunciaverat
835 3570 940 3676 quod
967 3570 1039 3675 ipsi
1062 3587 1208 3648 tutores
1229 3599 1307 3648 non
1333 3569 1503 3648 dixerant
1527 3569 1671 3677 aliquid
1692 3599 1764 3648 nec
1789 3597 1921 3678 propo-

502 3718 655 3777 suerant
680 3698 966 3807 propterquod
990 3700 1263 3807 ipsalohanna
1290 3701 1447 3780 deberet
1472 3702 1630 3808 perdere
1655 3729 1762 3779 suam
1782 3721 1919 3810 partem

501 3831 783 3938 bonorumque
804 3829 958 3908 luerunt
971 3831 1129 3922 Alaidis
1151 3831 1326 3911 defuncte
1349 3833 1476 3910 matris
1491 3861 1575 3923 sue,
1592 3850 1813 3940 peteretque
1831 3834 1920 3910 dicta

501 3960 673 4037 Jobanna
691 3961 797 4069 quod
813 3959 978 4067 prelatus
996 3962 1155 4041 ballivus
1174 3965 1386 4072 predictum
1402 3965 1614 4074 judicatum
1640 3964 1854 4043 execucioni
1875 3963 1892 4040 l
1905 4009 1920 4024 -

501 4111 603 4170 ceret
622 4092 862 4182 demendari,
885 4094 984 4172 dicta
1002 4096 1146 4173 Perona
1161 4095 1201 4172 in
1219 4097 1447 4174 contrarium
1468 4126 1506 4176 se
1525 4095 1699 4204 pluribus
1714 4097 1919 4176 racionibus

500 4241 734 4330 opponente3
756 4225 929 4317 tandem,
947 4244 1033 4332 post
1051 4215 1188 4304 multas
1202 4229 1371 4306 raciones
1386 4229 1476 4306 binc
1494 4229 1582 4306 inde
1599 4228 1827 4336 propositas,
1843 4256 1919 4335 pre-

498 4353 597 4432 fatus
618 4354 777 4434 ballivus
800 4354 997 4436 diffinitive
1025 4359 1286 4464 pronunciavit
1305 4359 1410 4467 quod
1432 4360 1530 4438 dicta
1549 4361 1695 4438 Peroua
1713 4374 1919 4438 remaneret

499 4483 540 4561 in
564 4485 698 4564 saisina
721 4487 787 4564 tali
815 4487 917 4596 quali
942 4488 1124 4568 debonis
1150 4490 1346 4597 predictis,
1372 4491 1438 4570 tali
1465 4492 1689 4570 condicione
1717 4491 1823 4599 quod
1847 4492 1916 4598 ipsa

497 4614 660 4706 Perona,
676 4645 721 4694 ex
732 4635 825 4696 tunc
839 4649 951 4728 supra
961 4620 1080 4727 pedes
1089 4648 1192 4710 suos,
1208 4622 1351 4700 diceret
1363 4622 1421 4700 vel
1436 4641 1666 4729 proponeret
1677 4623 1822 4702 bonum
1836 4622 1916 4700 titu-

497 4744 579 4823 lum
603 4763 642 4824 et
668 4776 816 4827 causam
836 4768 991 4857 propter
1008 4779 1123 4858 quam
1144 4753 1223 4858 ipsa
1245 4752 1403 4832 deberet
1422 4753 1482 4830 vel
1506 4752 1619 4834 vellet
1638 4755 1806 4861 predicta
1824 4751 1916 4831 bona

393 4957 398 4964 ,
497 4893 648 4969 tenere,
669 4876 838 4985 alioquin
857 4880 1095 4988 adjudicabat
1113 4883 1364 4963 incontinenti
1381 4885 1547 4990 predicte
1561 4886 1730 4964 lohanne
1746 4884 1914 4964 saisinam

498 5025 537 5085 et
549 5008 817 5115 proprietatem
829 5009 1020 5090 bonorum
1033 5015 1303 5120 predictorum.
1317 5015 1346 5093 Α
1359 5045 1436 5125 quo
1447 5017 1616 5125 judicato
1631 5015 1763 5123 prelati
1778 5010 1911 5101 ballivi.
