4450 6209
520 681 594 756 62lt
1100 681 1190 754 LES
1219 681 1359 756 ocltt.

290 836 421 889 Parnm
434 835 477 900 tv,
519 824 664 902 domini
684 825 809 932 Regis,
832 851 898 912 ne,
920 823 1110 930 pendente
1131 823 1223 902 dicti
1242 823 1489 932 ajornamenti
1509 825 1692 904 dilacione
1708 855 1826 935 super
1842 857 1938 934 pres·

352 928 416 972 Μ’
516 956 633 1033 tande
661 971 962 1034 assecuramento
984 955 1173 1061 predicte,
1200 954 1270 1062 ipsi
1301 955 1457 1063 ajornati
1488 957 1646 1065 injurias
1673 957 1820 1066 aliquas
1845 959 1937 1038 dicto

517 1085 710 1166 Bonilacio
731 1087 770 1162 in
789 1115 949 1193 persona
968 1085 1027 1164 vel
1043 1084 1155 1164 benis
1175 1085 1253 1163 suis
1271 1085 1474 1176 inferrent,
1490 1107 1649 1194 nepotes
1663 1089 1844 1196 predicti,
1857 1118 1935 1168 een·

516 1235 573 1295 tra
586 1219 731 1295 dictum
746 1217 1000 1307 Bonilacium,
1016 1217 1173 1294 iecerint
1192 1215 1374 1296 insultum
1386 1235 1425 1295 et
1439 1219 1563 1326 ipsum
1578 1221 1787 1298 invaserint
1802 1238 1841 1297 et
1855 1221 1936 1299 vile-

518 1349 716 1441 niaverint,
734 1365 773 1426 et
793 1350 966 1456 inquesta
985 1377 1099 1454 super
1117 1348 1191 1426 hec
1209 1347 1319 1442 facta,
1341 1349 1465 1427 dictus
1483 1350 1628 1442 Gnido,
1648 1379 1718 1458 per
1732 1353 1935 1459 inquestam

517 1481 742 1586 predictam,
764 1481 803 1556 in
824 1481 1024 1558 emendam
1049 1479 1342 1588 quingentarum
1364 1479 1546 1560 librarum
1567 1482 1854 1559 Turonensium
1875 1483 1936 1561 de·

518 1614 622 1691 mine
642 1613 734 1720 Regi
755 1612 973 1691 solvendam
987 1611 1102 1690 luerit
1116 1612 1433 1719 condempnatus,
1445 1613 1602 1691 tandem
1615 1614 1741 1692 dictus
1755 1613 1893 1705 Gnide,
1903 1645 1936 1693 se

472 1761 477 1776 ’
518 1762 695 1850 reputans
719 1772 762 1822 ex
783 1743 1131 1851 condempnacione
1148 1745 1318 1849 predicta
1336 1760 1548 1852 gravatum,
1569 1745 1732 1851 graciam
1748 1744 1937 1824 obtinuita

519 1875 677 1953 domino
698 1879 798 1984 Rege
819 1893 878 1968 ut,
901 1905 979 1954 non
998 1875 1171 1952 obstante
1189 1874 1527 1983 condempnatione
1546 1877 1729 1982 predicta,
1749 1875 1881 1954 iterato
1893 1876 1938 1952 ri·

520 2006 675 2084 deretur
701 2007 874 2113 inquesta
896 2007 1064 2114 predicta
1087 2039 1095 2083 :
1117 2008 1202 2086 Visa
1222 2007 1337 2112 igitur
1359 2007 1499 2084 iterum
1526 2006 1624 2084 dicta
1647 2006 1823 2113 inquesta
1843 2025 1879 2082 et
1896 2005 1938 2082 ad

520 2155 684 2217 nostram
703 2138 843 2214 curiam
857 2155 1062 2244 reportata,
1083 2155 1122 2215 et
1140 2165 1253 2243 super
1272 2165 1315 2214 ea
1330 2136 1602 2216 deliberatione
1621 2136 1753 2214 habita
1766 2135 1934 2244 pleniori,

520 2268 643 2346 dictus
659 2267 788 2348 Guide
808 2298 827 2344 a
847 2268 1013 2374 predicta
1030 2268 1376 2376 condempnacione
1390 2267 1463 2345 fuit
1480 2267 1648 2346 totaliter
1660 2266 1871 2345 absolutus.

575 2401 674 2478 Jovis
687 2417 773 2505 pest
788 2397 1209 2487 Sanctum-Barnabam,
1227 2426 1328 2475 anne
1346 2398 1612 2476 trecentesimo
1629 2397 1849 2476 undecimo.

634 2843 721 2895 iren
741 2839 914 2907 recenses
937 2837 1114 2891 rxrsnirn
1136 2837 1242 2891 rurae
1258 2837 1331 2892 nuo
1355 2837 1585 2892 naminari
1607 2838 1655 2890 nn
1676 2837 1839 2891 sescum

1086 2969 1274 3036 sinuare,
1301 2969 1382 3024 arc.

579 3191 605 3267 l.
638 3191 733 3268 Cum
752 3189 860 3268 Anda
880 3189 927 3268 de
944 3191 1137 3298 Tyranno,
1158 3188 1237 3266 filia
1256 3206 1294 3266 et
1312 3190 1423 3268 heres
1442 3186 1658 3269 Gombnudi
1680 3189 1727 3267 de
1747 3191 1934 3297 Tyranno,

525 3320 731 3414 domicelli,
743 3321 782 3396 in
794 3348 902 3397 cansa
916 3317 1184 3427 appellacionis
1195 3319 1243 3397 ab
1255 3319 1352 3426 ipsa,
1371 3337 1501 3397 contra
1516 3317 1766 3396 Bertrandnm
1787 3318 1935 3405 Calculi,

524 3453 667 3531 scuria
687 3452 833 3531 demini
850 3450 898 3529 de
922 3450 1162 3540 Blancalorti,
1184 3450 1360 3557 primitus
1381 3450 1429 3527 ad
1454 3451 1594 3528 curiam
1616 3451 1743 3528 dilecti
1765 3468 1806 3529 et
1828 3449 1938 3528 fidelis

524 3584 643 3664 nostri
660 3584 766 3662 ducis
781 3582 978 3690 Aquitanie
1000 3601 1037 3662 et
1053 3583 1136 3690 ejus
1151 3582 1344 3660 senescalli
1359 3583 1561 3663 Wasconie
1577 3581 1790 3688 interjecto,
1810 3611 1831 3658 a
1847 3580 1939 3659 cuna

524 3715 640 3822 ipsius
657 3716 763 3792 ducis
776 3732 813 3793 et
829 3715 911 3820 ejus
924 3714 1118 3792 senescalli
1135 3713 1311 3820 predicti,
1325 3744 1347 3791 a
1360 3713 1534 3821 pluribus
1546 3713 1825 3820 gravaminibus
1837 3711 1939 3791 etde

523 3844 623 3922 lectu
636 3873 677 3921 ac
689 3845 938 3952 denegecione
944 3845 1057 3952 juris,
1075 3847 1243 3924 secundo
1253 3874 1294 3923 se
1303 3873 1470 3930 asserens
1477 3845 1697 3952 appellasse,
1709 3845 1852 3924 litteras
1863 3871 1937 3921 nes

523 3991 599 4051 tras
614 3974 841 4052 obtinuisset
848 3972 1052 4052 senescallo
1062 3975 1355 4082 Petregoricensi
1367 3974 1428 4054 vel
1443 3976 1525 4084 ejus
1535 3975 1663 4052 locum
1675 3976 1823 4054 tenenti
1834 3973 1939 4051 direc-

525 4122 595 4194 tas,
607 4105 705 4185 inter
714 4124 836 4183 cetera
847 4105 1082 4183 continentes
1093 4105 1212 4212 qued,
1224 4103 1479 4212 appellaciene
1488 4133 1555 4182 sna
1564 4105 1732 4213 predicta
1740 4106 1936 4212 pendente,

525 4234 621 4313 nihil
640 4235 876 4343 permitteret
896 4237 1106 4343 attemptari
1122 4237 1160 4312 in
1174 4236 1427 4344 prejudicium
1447 4235 1567 4343 ipsius
1579 4235 1820 4343 appellantis,
1840 4250 1878 4310 et
1893 4250 1939 4310 at·

526 4383 706 4472 emptata,
729 4365 852 4473 sique
874 4385 1012 4459 essent,
1034 4367 1081 4443 ad
1098 4381 1236 4444 statum
1259 4365 1432 4444 debiturn
1454 4365 1592 4443 laceret
1611 4363 1940 4457 revocari,lecnn1·

526 4523 600 4604 qne
627 4514 762 4574 tenens
790 4496 880 4573 dicti
902 4496 1094 4574 senescalli
1120 4497 1433 4603 Petregoricensis
1463 4496 1670 4603 predictam
1701 4494 1940 4575 commisisset

526 4627 655 4734 bajulo
668 4647 795 4706 nostro
809 4658 904 4707 nove
916 4629 1062 4708 bastide
1078 4628 1421 4720 Sancti-Lndovici,
1435 4629 1558 4706 dictus
1570 4626 1739 4735 bajulus,
1754 4654 1867 4733 super
1881 4623 1939 4701 eis

528 4785 602 4866 qne
623 4760 720 4836 dicta
738 4760 846 4838 Anda
866 4761 905 4837 in
922 4763 1001 4870 ejus
1021 4778 1060 4838 et
1073 4759 1338 4866 appellaeionis
1352 4787 1419 4837 sue
1436 4759 1690 4867 prejudicium
1704 4756 1850 4835 dicebat
1863 4769 1939 4863 pest

530 4889 666 4967 dictam
680 4890 972 4995 appellaeionem
989 4879 1102 4970 luisse
1123 4908 1353 4998 attemptata,
1369 4909 1498 4969 vocato
1513 4890 1680 4968 Arnaldo
1693 4889 1741 4968 de
1754 4889 1935 4996 Baigaram

528 5019 657 5128 bajulo
677 5020 768 5098 dicti
784 5023 928 5100 domini
950 5025 997 5102 de
1010 5021 1239 5130 Blaqnaforti
1256 5041 1293 5100 et
1312 5022 1542 5131 quibusdam
1558 5021 1658 5115 aliis,
1678 5021 1869 5100 veritatem
1890 5018 1937 5094 in·
