4450 6209
744 731 1007 838 eunomus
1031 747 1095 821 ur
1122 727 1326 821 rancus
1700 750 1747 821 nr

324 908 398 979 est,
408 892 450 966 'et
460 889 543 997 ejus
553 888 854 997 predecessores,
868 887 1041 996 ejusdem
1049 888 1238 994 prioratus
1250 887 1411 993 priores,
1425 886 1596 974 fuerunt,
1610 914 1630 963 a
1644 902 1749 966 tanto
1787 894 1972 958 Prmssstv,

321 1039 495 1128 tempore
510 1020 616 1129 qnod
626 1017 765 1098 sufficit
779 1020 827 1097 ad
841 1019 1016 1099 saisinam
1030 1018 1315 1127 acquirendam,
1332 1019 1372 1095 in
1380 1018 1515 1097 saisina
1529 1017 1629 1097 bona
1643 1017 1750 1125 quod
1849 989 1911 1033 Μ’

323 1152 394 1259 ipsi
415 1151 492 1229 sint
508 1149 667 1258 gardiati
681 1179 751 1256 per
765 1151 965 1229 dominum
978 1150 1121 1259 Regem
1136 1150 1301 1239 scilicet,
1316 1178 1385 1257 per
1397 1148 1609 1256 prepositos.
1622 1164 1660 1229 et
1671 1176 1750 1227 ser·

321 1286 469 1361 vientes
492 1282 638 1361 domini
665 1284 775 1390 Regis
800 1284 849 1361 de
876 1283 1052 1361 Lorriaco
1079 1300 1119 1360 et
1138 1284 1185 1361 de
1206 1282 1342 1361 Giemo
1366 1282 1406 1358 in
1434 1280 1536 1359 dicto
1560 1280 1747 1387 prioratu,

323 1415 438 1492 rebus
457 1431 496 1493 et
510 1414 623 1492 bonis
641 1444 684 1493 ac
700 1414 945 1521 pertinenciis
964 1414 1152 1523 ejusdem,
1172 1414 1219 1492 ab
1235 1414 1385 1521 injuriis
1405 1430 1443 1492 et
1459 1411 1655 1492 violenciis
1667 1410 1752 1517 qui-

322 1545 582 1653 buscumque,
608 1563 648 1624 et
671 1547 898 1655 generaliter
928 1564 1057 1624 contra
1088 1574 1223 1623 onmes
1249 1547 1597 1653 quocienscumque
1624 1570 1750 1621 neces-

323 1678 411 1754 sitas
444 1677 679 1785 requirebat,
709 1695 747 1757 et
777 1677 987 1784 specialiter
1013 1670 1144 1755 contra
1172 1677 1349 1755 dominos
1378 1675 1534 1761 Soliaci,
1564 1690 1602 1751 et
1631 1673 1749 1751 eciam

324 1808 430 1916 quod
449 1809 573 1885 dictus
592 1810 779 1916 prioratus
803 1827 860 1887 est
880 1825 917 1888 et
937 1808 1010 1886 luit
1030 1836 1052 1885 a
1074 1808 1228 1917 regibus
1248 1807 1402 1887 Francis
1421 1806 1618 1885 fundatus:
1642 1808 1750 1881 Facta

322 1940 441 2047 igitur
463 1940 638 2045 inquesta
660 1941 869 2048 superbae
891 1956 930 2018 et
948 1939 1052 2017 curie
1070 1956 1258 2046 reportata
1280 1955 1318 2016 et
1340 1936 1647 2045 procuratoribus
1672 1935 1751 2013 dic-

322 2086 452 2147 torum
475 2068 620 2149 abbatis
643 2087 682 2148 et
706 2088 914 2149 conventus
937 2099 982 2147 ac
997 2070 1165 2163 llenrici,
1191 2070 1336 2149 domini
1362 2087 1401 2149 et
1421 2069 1572 2149 heredis
1594 2067 1748 2155 Soliaci,

229 2209 232 2218 ’
322 2228 412 2277 cum
442 2202 623 2280 instancia
645 2203 864 2308 petentibus
887 2218 933 2279 ut
954 2203 1128 2309 inquesta
1151 2228 1265 2309 super
1291 2203 1364 2280 boc
1387 2200 1483 2279 facta
1501 2188 1747 2308 judicaretur,

323 2333 399 2409 visa
418 2332 591 2441 inquesta
606 2335 793 2441 predicta,
814 2350 854 2410 et
870 2333 1012 2411 auditis
1028 2332 1197 2439 parcium
1212 2331 1427 2409 racionibus
1446 2332 1537 2409 hinc
1554 2328 1646 2408 inde
1665 2356 1752 2435 pro·

324 2463 472 2570 positis,
500 2466 588 2572 qnia
605 2466 802 2544 inventum
824 2482 880 2542 est
899 2464 1043 2542 dictum
1062 2464 1271 2570 prioratum
1293 2491 1372 2541 esse
1390 2462 1593 2539 fundatum
1613 2490 1634 2539 a
1652 2460 1751 2567 regi-

323 2593 397 2672 bus
416 2596 589 2686 Francie,
610 2622 759 2673 necnon
778 2595 946 2701 priorem
965 2594 1055 2672 dicti
1074 2595 1261 2701 prioratus
1284 2589 1649 2697 Sancti-Gondulphi
1670 2618 1750 2669 esse

325 2743 364 2803 et
382 2726 555 2833 ejusdem
576 2724 858 2834 predecessores
872 2724 987 2803 fuisse
1004 2728 1043 2802 in
1063 2727 1198 2803 saisina
1213 2724 1320 2833 quod
1334 2724 1410 2803 sint
1425 2722 1584 2832 gardiati
1601 2750 1671 2828 per
1685 2720 1752 2799 do-
1784 2798 1788 2803 .

324 2858 473 2937 minum
487 2861 629 2967 Regem
648 2876 686 2938 et
704 2859 754 2937 de
767 2876 932 2937 ressorto
949 2858 1097 2936 domini
1113 2858 1224 2968 Regis
1240 2875 1278 2935 et
1293 2857 1481 2935 enriamm
1496 2855 1577 2963 ejus
1593 2854 1641 2933 de
1658 2854 1751 2933 Lor-

325 2990 426 3068 riaco
439 3008 478 3067 et
492 2991 541 3068 de
556 2990 693 3069 Giemo
713 2992 865 3069 racione
879 2989 969 3068 dicti
984 2991 1192 3097 prioratus,
1208 3018 1355 3082 rerum,
1375 2989 1568 3065 bonorum
1583 3013 1625 3063 ac
1637 2986 1753 3091 perti·

325 3122 546 3200 nenciarum
564 3122 753 3229 ejusdem,
767 3124 1060 3229 pronunciatum
1075 3122 1164 3211 luit,
1181 3150 1248 3228 per
1262 3120 1367 3198 curie
1381 3118 1589 3227 judicium,
1608 3117 1751 3197 dictum

327 3251 527 3330 dominum
550 3256 690 3360 Regem
706 3282 786 3331 esse
806 3254 846 3330 in
865 3254 1001 3331 saisina
1019 3252 1187 3330 habendi
1207 3268 1412 3330 ressortum
1433 3266 1472 3327 et
1489 3248 1643 3358 gardam
1663 3248 1753 3325 dicti

326 3384 513 3492 prioratus
528 3384 913 3490 Sancti-Gondulpbi,
929 3384 1081 3491 prioris,
1097 3410 1226 3460 rerum
1242 3400 1279 3459 et
1293 3383 1483 3459 bonorum
1501 3378 1590 3458 dicti
1607 3377 1698 3465 loci,
1716 3394 1755 3455 et

328 3516 472 3593 dictum
492 3516 658 3622 priorem
679 3544 761 3594 esse
780 3516 820 3592 in
847 3515 981 3594 saisina
997 3515 1102 3622 quod
1121 3516 1170 3591 sit
1194 3515 1243 3591 de
1262 3513 1375 3620 garda
1394 3529 1433 3587 et
1453 3524 1617 3588 ressorto
1636 3508 1753 3616 ipsius

329 3646 474 3724 domini
495 3648 621 3757 Regis,
648 3646 749 3724 salvo
773 3648 882 3725 dictis
904 3647 1073 3754 partibus
1086 3646 1174 3754 jure
1198 3674 1268 3724 suo
1284 3642 1520 3753 justiciamm
1541 3668 1694 3719 suarum
1714 3640 1753 3717 in

326 3776 437 3856 terris
452 3796 492 3855 et
512 3778 693 3856 dominiis
708 3778 802 3869 suis,
819 3796 897 3856 tam
914 3778 955 3855 in
970 3778 1106 3855 saisina
1119 3804 1233 3883 quam
1245 3777 1285 3852 in
1300 3774 1540 3881 proprietate.

385 3908 521 3987 Actum
539 3910 685 4008 veneris
703 3887 945 4017 postfestum
964 3909 1064 3987 beati
1083 3907 1253 3987 Barnebe
1274 3905 1444 4015 apostoli.

385 4042 436 4120 M.
457 4042 497 4119 Ρ.
520 4041 568 4121 de
588 4041 709 4120 Menti
728 4043 940 4150 reportavit.

284 4392 292 4400 ,
386 4304 478 4383 Vlll.
508 4304 606 4383 Cum
631 4305 733 4382 inter
756 4306 1008 4382 Bertrandum
1032 4304 1140 4381 castri
1166 4302 1214 4379 de
1240 4303 1415 4379 Cressaco
1443 4315 1481 4377 et
1506 4297 1754 4376 Guiltelmum

330 4434 613 4524 Francbeneda,
630 4435 738 4512 castri
758 4435 807 4512 de
826 4432 1180 4524 Sancto-Madardo,
1198 4432 1393 4523 dominos,
1420 4458 1464 4507 ex
1482 4445 1586 4535 parte
1606 4454 1697 4519 una,
1720 4444 1757 4506 et

331 4567 559 4646 ldanrellum
586 4568 637 4645 de
661 4567 820 4674 Leaing,
850 4566 1093 4655 servientem,
1113 4580 1157 4641 ut
1185 4562 1335 4651 dicitur,
1361 4576 1534 4639 nostrum
1564 4558 1603 4637 in
1633 4582 1759 4637 senes

305 4698 440 4777 'callia
467 4700 777 4809 Petragorioensi,
807 4697 1047 4778 Gilebertum
1073 4694 1272 4783 lobannis,
1303 4693 1481 4785 militem,
1508 4690 1756 4773 senescallum

331 4834 496 4941 episcopi
524 4835 777 4926 Caturoensis,
802 4851 840 4911 et
863 4850 1146 4939 procuratorem
1173 4828 1347 4938 ejusdem
1374 4828 1557 4938 episcopi,
1582 4855 1629 4905 ex
1651 4841 1757 4933 parte

332 4965 464 5058 altera,
485 4992 611 5071 coram
630 4966 836 5045 senescallo
853 4982 984 5044 nostro
998 4961 1295 5071 Petregorieensi
1308 4978 1348 5038 et
1362 4959 1578 5039 Caturcensi
1593 4985 1661 5037 seu
1676 4956 1759 5065 ejus

332 5096 461 5175 locum
473 5114 631 5177 tenente
644 5116 684 5178 et
697 5095 963 5177 commissuris
978 5093 1218 5187 eorumdem,
1237 5110 1319 5181 orta
1331 5091 1464 5172 fuisset
1476 5090 1630 5171 materia
1650 5114 1760 5197 ques·

1604 5268 1650 5348 93
