4450 6209
519 689 597 761 370
1110 688 1199 760 LES
1230 687 1370 760 ΘΗΜ.

2111 819 2112 870 t

292 840 424 895 eniam·
438 838 482 903 tv,
523 832 678 909 nomina
693 830 849 909 inferius
864 830 1118 917 continentur,
1136 830 1317 937 premissa
1332 828 1582 915 commisisse,
1599 856 1667 935 per
1676 828 1865 935 judicium
1882 860 1944 907 cu·
2111 871 2112 928 p

354 934 417 976 '⁸⁰⁰'
523 964 578 1039 rie
594 980 720 1041 nostre
736 962 879 1039 dictum
888 959 963 1038 luit
977 962 1082 1067 quod
1098 960 1317 1038 omnimoda
1329 960 1544 1068 jurisdictio
1559 960 1658 1036 dicte
1671 959 1759 1038 ville
1774 961 1815 1037 in
1832 992 1942 1041 manu
2111 929 2112 978 l

522 1111 647 1171 nostm
664 1092 866 1181 tenebitur,
887 1108 925 1167 et
939 1092 1168 1181 remanebit,
1188 1092 1373 1199 quamdiu
1394 1109 1521 1167 nostre
1540 1092 1724 1196 placuerit
1741 1092 1939 1182 voluntati,

522 1242 559 1300 et
571 1226 673 1331 quod
688 1224 956 1302 nichilominus
967 1225 1232 1301 interimentes
1244 1240 1283 1301 et
1294 1224 1356 1299 alii
1371 1224 1602 1301 habitatores
1612 1224 1714 1300 dicte
1728 1223 1832 1316 ville,
1847 1254 1940 1303 anno

519 1356 708 1461 quolibet,
729 1356 913 1465 majorem
931 1374 968 1431 et
987 1357 1184 1443 consules,
1203 1356 1263 1432 vel
1284 1355 1458 1433 consules
1472 1373 1637 1443 tantum,
1652 1355 1685 1432 si
1705 1356 1761 1433 cis
1775 1356 1940 1443 videatur

517 1487 712 1591 expedire,
738 1488 950 1565 secondum
975 1487 1134 1564 modum
1161 1488 1375 1593 antiquum,
1397 1486 1437 1561 in
1457 1486 1659 1564 concordie
1676 1502 1855 1591 poterunt
1876 1488 1940 1563 eli-

515 1646 620 1725 gere,
639 1636 677 1694 et
695 1618 835 1696 electos
853 1617 1091 1695 concorditer
1116 1619 1162 1694 ab
1183 1618 1274 1723 ipsis
1287 1617 1494 1695 senescallo
1509 1635 1638 1695 nocuo
1652 1618 1936 1723 presentebunt,

516 1750 579 1853 qui
597 1749 799 1854 presentati
817 1748 1012 1855 majoriam
1028 1766 1066 1824 et
1079 1748 1317 1825 consulatum
1331 1747 1647 1826 administrabunt
1660 1765 1775 1853 prout
1787 1750 1939 1855 antiqni-

514 1896 576 1955 tus
596 1879 719 1956 extitit
741 1892 978 1956 consuetum.
1004 1880 1177 1955 Preterea
1199 1896 1308 1985 porte
1333 1879 1472 1956 domus
1494 1879 1583 1955 dicti
1610 1879 1844 1971 consulatus,
1869 1910 1937 1987 que

514 2008 670 2086 suerunt
690 2010 831 2097 clause,
852 2039 921 2085 nec
937 2011 985 2086 ad
1001 2010 1222 2087 mandatum
1238 2010 1355 2087 nostri
1371 2009 1487 2117 bajuli
1503 2008 1659 2087 fuerunt
1676 2028 1846 2117 apperte,
1862 2012 1938 2089 des-

514 2155 691 2217 nuentur
711 2157 749 2217 et
767 2140 1050 2229 comburentur,
1074 2159 1112 2218 et
1131 2143 1182 2217 ita
1202 2142 1283 2218 sine
1302 2140 1420 2247 portis
1440 2140 1652 2218 remanebit
1669 2141 1769 2218 dicta
1787 2143 1933 2233 domus,

514 2271 697 2373 quamdiu
718 2287 843 2347 nostre
864 2271 1048 2377 placuerit
1070 2271 1273 2361 voluntati,
1295 2289 1347 2359 et,
1372 2299 1441 2376 per
1459 2271 1562 2348 idem
1580 2271 1787 2377 judicium,
1810 2272 1934 2378 prelati

513 2400 673 2507 majores
698 2420 735 2479 et
757 2403 931 2480 consules
954 2404 1021 2511 qui
1044 2432 1063 2479 e
1085 2404 1187 2481 dicto
1207 2420 1378 2511 tempore
1404 2404 1495 2479 citra
1514 2400 1670 2481 luerunt
1690 2404 1730 2479 in
1748 2402 1835 2480 villa
1856 2433 1935 2509 pre·

513 2531 628 2622 dicta,
652 2562 726 2609 una
751 2563 837 2612 cum
861 2536 991 2613 liberis
1012 2536 1237 2613 eorumdem
1260 2564 1380 2643 usque
1400 2536 1442 2614 in
1459 2536 1616 2613 terciam
1635 2537 1932 2643 generacionem,

513 2664 558 2741 ab
578 2666 682 2741 omni
701 2664 824 2743 officio
841 2668 999 2775 majoris
1018 2687 1056 2745 et
1076 2667 1292 2746 consulatus
1307 2686 1398 2745 sunt
1410 2668 1562 2775 privati,
1576 2686 1633 2757 et,
1651 2696 1738 2745 cum
1756 2668 1846 2756 boc,
1862 2696 1934 2775 pre

513 2794 602 2871 dicti
627 2796 789 2903 majores
810 2816 848 2873 et
871 2799 1044 2877 consules
1064 2801 1277 2907 quondam,
1300 2817 1338 2876 et
1360 2818 1482 2877 cetere
1501 2828 1663 2906 persone
1682 2826 1846 2905 quorum
1871 2826 1933 2874 no-

512 2925 614 3001 mina
639 2926 909 3033 subsequutur,
932 2931 1077 3008 solvent
1096 2931 1225 3020 nobis,
1246 2960 1316 3037 pro
1336 2931 1515 3020 emenda,
1537 2960 1600 3008 ser
1618 2930 1737 3007 millia
1755 2930 1931 3007 librarum

511 3056 794 3135 Turonensium
808 3058 1013 3153 bonorum,
1030 3080 1068 3139 et
1084 3062 1186 3139 dicto
1199 3063 1402 3139 Lamberto
1415 3065 1544 3151 Porte,
1561 3090 1630 3169 pro
1645 3063 1726 3141 suis
1740 3062 1885 3169 injuriis
1898 3080 1932 3138 et

511 3186 703 3294 dampnis,
722 3189 827 3266 mille
851 3190 966 3269 libres
989 3196 1250 3284 Turonenses,
1272 3224 1341 3301 per
1358 3196 1518 3273 modum
1536 3196 1603 3301 qui
1622 3195 1792 3300 sequitur
1816 3194 1931 3298 impo-

510 3318 654 3397 nendas
669 3337 708 3397 et
722 3320 897 3399 levandas
913 3323 960 3399 ab
976 3324 1140 3411 eisdem,
1160 3324 1353 3403 videlicet:

563 3582 696 3661 Petrus
723 3586 894 3675 Martini,
927 3588 1058 3677 nobis,
1090 3587 1384 3697 qaiadringentas
1409 3606 1448 3667 et
1470 3590 1600 3696 viginti
1620 3588 1755 3677 libras,
1777 3606 1817 3666 et
1836 3588 1929 3666 dicto

508 3714 723 3817 Lamberto,
744 3733 929 3795 trecentas
949 3718 1073 3795 libras.

565 3844 698 3919 Petrus
724 3846 882 3935 Medici,
915 3849 1044 3937 nobis,
1080 3868 1233 3927 centum
1260 3869 1299 3927 et
1323 3852 1569 3959 quadraginta
1602 3850 1734 3939 libras,
1765 3868 1805 3927 et
1835 3850 1926 3927 dicto

508 3972 727 4063 Lambert0,
745 3977 1017 4084 quinquaginta
1036 3978 1161 4057 libras.

562 4103 793 4184 Guillelmus
815 4110 1026 4200 Chatnclli,
1054 4111 1188 4201 nobis,
1214 4131 1366 4191 centum
1393 4132 1431 4191 et
1454 4114 1583 4221 viginti
1610 4113 1739 4201 libras,
1770 4130 1810 4189 et
1833 4111 1924 4188 dicto

507 4234 730 4327 Lamberto,
754 4240 1027 4349 quinquaginta
1054 4242 1181 4321 libras.

562 4364 750 4446 Oliverius
771 4371 819 4447 de
839 4371 1065 4478 blanqueto,
1087 4375 1215 4463 nobis,
1238 4392 1391 4452 centum
1412 4394 1451 4453 et
1470 4375 1598 4483 viginti
1618 4374 1751 4466 libras,
1774 4390 1812 4451 et
1831 4372 1922 4449 diac

504 4496 723 4589 Lamberto,
746 4503 1017 4614 quinquaginta
1036 4504 1163 4582 libras.

559 4629 694 4737 Helyas
714 4632 899 4743 Segbuin,
922 4636 1047 4726 nobis,
1063 4638 1357 4745 quadringentas
1369 4655 1408 4715 et
1422 4638 1611 4748 octoginta
1626 4637 1758 4723 libras,
1777 4653 1818 4714 et
1830 4635 1921 4713 dicto

504 4757 716 4852 lamberto,
739 4762 919 4843 ducentes
938 4783 975 4843 et
986 4767 1182 4876 sexaginta
1200 4766 1326 4845 lilnas.

559 4887 692 4967 Petrus
704 4892 911 4989 Bullarina,
932 4897 1070 4988 senior,
1088 4898 1215 4985 nobis,
1234 4898 1414 4977 ducentas
1432 4898 1730 5008 etquadraginta
1743 4898 1874 4984 libros,
1887 4911 1921 4971 el

502 5015 604 5098 dioto
622 5023 841 5114 Lamberto,
864 5045 1016 5107 centum
1034 5047 1072 5107 et
1086 5030 1360 5138 quinquaginta
1380 5030 1505 5109 libras.
