<?xml version="1.0" encoding="UTF-8"?>
<!DOCTYPE html PUBLIC "-//W3C//DTD XHTML 1.0 Transitional//EN"
    "http://www.w3.org/TR/xhtml1/DTD/xhtml1-transitional.dtd">
<html xmlns="http://www.w3.org/1999/xhtml" xml:lang="en" lang="en">
 <head>
  <title>
</title>
<meta http-equiv="Content-Type" content="text/html;charset=utf-8" />
  <meta name='ocr-system' content='tesseract 3.04.00' />
  <meta name='ocr-capabilities' content='ocr_page ocr_carea ocr_par ocr_line ocrx_word'/>
</head>
<body>
  <div class='ocr_page' id='page_1' title='image "./lesolimouregist00parigoog_0425.png"; bbox 0 0 4450 6209; ppageno 0'>
   <div class='ocr_carea' id='block_1_1' title="bbox 281 712 1930 1240">
    <p class='ocr_par' dir='ltr' id='par_1_1' title="bbox 281 712 1930 1240">
     <span class='ocr_line' id='line_1_1' title="bbox 507 712 1351 789; baseline -0.002 0"><span class='ocrx_word' id='word_1_1' title='bbox 507 718 582 789; x_wconf 79' lang='grc'><strong>326</strong></span> <span class='ocrx_word' id='word_1_2' title='bbox 1087 713 1180 787; x_wconf 80' lang='lat' dir='ltr'><strong>LES</strong></span> <span class='ocrx_word' id='word_1_3' title='bbox 1211 712 1351 789; x_wconf 72' lang='grc' dir='ltr'><strong>ΘΗΜ.</strong></span> 
     </span>
     <span class='ocr_line' id='line_1_2' title="bbox 281 851 1927 966; baseline 0.002 -31"><span class='ocrx_word' id='word_1_4' title='bbox 281 869 413 925; x_wconf 73' lang='lat' dir='ltr'><strong>rmum</strong></span> <span class='ocrx_word' id='word_1_5' title='bbox 428 868 471 935; x_wconf 75' lang='grc' dir='ltr'><strong>Ν,</strong></span> <span class='ocrx_word' id='word_1_6' title='bbox 506 876 545 935; x_wconf 87' lang='lat' dir='ltr'><strong>et</strong></span> <span class='ocrx_word' id='word_1_7' title='bbox 555 855 786 965; x_wconf 86' lang='lat' dir='ltr'><strong>corrigendi,</strong></span> <span class='ocrx_word' id='word_1_8' title='bbox 796 851 1041 964; x_wconf 77' lang='lat' dir='ltr'><strong>justitiando,</strong></span> <span class='ocrx_word' id='word_1_9' title='bbox 1054 882 1100 933; x_wconf 88' lang='lat' dir='ltr'><strong>ea</strong></span> <span class='ocrx_word' id='word_1_10' title='bbox 1112 882 1187 964; x_wconf 88' lang='lat' dir='ltr'><strong>que</strong></span> <span class='ocrx_word' id='word_1_11' title='bbox 1202 854 1423 963; x_wconf 77' lang='lat' dir='ltr'><strong>corrigenda</strong></span> <span class='ocrx_word' id='word_1_12' title='bbox 1437 856 1723 935; x_wconf 82' lang='lat' dir='ltr'><strong>inveniebantur</strong></span> <span class='ocrx_word' id='word_1_13' title='bbox 1735 858 1832 935; x_wconf 87' lang='lat' dir='ltr'><strong>circa</strong></span> <span class='ocrx_word' id='word_1_14' title='bbox 1847 889 1927 966; x_wconf 89' lang='lat' dir='ltr'><strong>pre·</strong></span> 
     </span>
     <span class='ocr_line' id='line_1_3' title="bbox 342 960 1929 1097; baseline 0.003 -31"><span class='ocrx_word' id='word_1_15' title='bbox 342 960 403 1003; x_wconf 54' lang='lat'><strong>¹³⁰⁸</strong></span> <span class='ocrx_word' id='word_1_16' title='bbox 507 988 607 1067; x_wconf 88' lang='lat' dir='ltr'><strong>dicta</strong></span> <span class='ocrx_word' id='word_1_17' title='bbox 632 986 693 1066; x_wconf 78' lang='lat' dir='ltr'><strong>red</strong></span> <span class='ocrx_word' id='word_1_18' title='bbox 721 985 922 1095; x_wconf 79' lang='lat' dir='ltr'><strong>quodlibet</strong></span> <span class='ocrx_word' id='word_1_19' title='bbox 945 986 1228 1093; x_wconf 85' lang='lat' dir='ltr'><strong>predictorum,</strong></span> <span class='ocrx_word' id='word_1_20' title='bbox 1256 985 1427 1065; x_wconf 83' lang='lat' dir='ltr'><strong>dicentes</strong></span> <span class='ocrx_word' id='word_1_21' title='bbox 1453 988 1573 1065; x_wconf 83' lang='lat' dir='ltr'><strong>eciam</strong></span> <span class='ocrx_word' id='word_1_22' title='bbox 1595 1016 1642 1068; x_wconf 88' lang='lat' dir='ltr'><strong>se</strong></span> <span class='ocrx_word' id='word_1_23' title='bbox 1665 1017 1816 1097; x_wconf 89' lang='lat' dir='ltr'><strong>semper</strong></span> <span class='ocrx_word' id='word_1_24' title='bbox 1842 1021 1929 1071; x_wconf 82' lang='lat' dir='ltr'><strong>usos</strong></span> 
     </span>
     <span class='ocr_line' id='line_1_4' title="bbox 505 1116 1930 1240; baseline 0.002 -43"><span class='ocrx_word' id='word_1_25' title='bbox 505 1120 620 1199; x_wconf 80' lang='lat' dir='ltr'><strong>fuisse</strong></span> <span class='ocrx_word' id='word_1_26' title='bbox 644 1136 683 1197; x_wconf 91' lang='lat' dir='ltr'><strong>et</strong></span> <span class='ocrx_word' id='word_1_27' title='bbox 708 1146 788 1196; x_wconf 88' lang='lat' dir='ltr'><strong>esse</strong></span> <span class='ocrx_word' id='word_1_28' title='bbox 813 1118 853 1196; x_wconf 90' lang='lat' dir='ltr'><strong>in</strong></span> <span class='ocrx_word' id='word_1_29' title='bbox 878 1116 1012 1195; x_wconf 85' lang='lat' dir='ltr'><strong>saisina</strong></span> <span class='ocrx_word' id='word_1_30' title='bbox 1035 1118 1309 1240; x_wconf 75' lang='lat' dir='ltr'><strong>manutenendi</strong></span> <span class='ocrx_word' id='word_1_31' title='bbox 1337 1118 1435 1197; x_wconf 78' lang='lat' dir='ltr'><strong>cives</strong></span> <span class='ocrx_word' id='word_1_32' title='bbox 1454 1146 1543 1199; x_wconf 83' lang='lat' dir='ltr'><strong>suos</strong></span> <span class='ocrx_word' id='word_1_33' title='bbox 1562 1148 1607 1197; x_wconf 84' lang='lat' dir='ltr'><strong>aa</strong></span> <span class='ocrx_word' id='word_1_34' title='bbox 1624 1146 1756 1198; x_wconf 85' lang='lat' dir='ltr'><strong>omnes</strong></span> <span class='ocrx_word' id='word_1_35' title='bbox 1775 1120 1863 1199; x_wconf 80' lang='lat' dir='ltr'><strong>idos</strong></span> <span class='ocrx_word' id='word_1_36' title='bbox 1882 1123 1930 1200; x_wconf 87' lang='lat' dir='ltr'><strong>de</strong></span> 
     </span>
    </p>
   </div>
   <div class='ocr_carea' id='block_1_2' title="bbox 458 1248 2012 5024">
    <p class='ocr_par' dir='ltr' id='par_1_2' title="bbox 458 1248 2012 5024">
     <span class='ocr_line' id='line_1_5' title="bbox 505 1248 1929 1360; baseline 0.001 -33"><span class='ocrx_word' id='word_1_37' title='bbox 505 1250 720 1329; x_wconf 86' lang='lat' dir='ltr'><strong>communia</strong></span> <span class='ocrx_word' id='word_1_38' title='bbox 731 1248 916 1355; x_wconf 83' lang='lat' dir='ltr'><strong>predicta,</strong></span> <span class='ocrx_word' id='word_1_39' title='bbox 932 1248 1072 1355; x_wconf 85' lang='lat' dir='ltr'><strong>quibus</strong></span> <span class='ocrx_word' id='word_1_40' title='bbox 1091 1248 1181 1357; x_wconf 90' lang='lat' dir='ltr'><strong>ipsi,</strong></span> <span class='ocrx_word' id='word_1_41' title='bbox 1197 1248 1304 1356; x_wconf 84' lang='lat' dir='ltr'><strong>juxta</strong></span> <span class='ocrx_word' id='word_1_42' title='bbox 1321 1276 1469 1327; x_wconf 84' lang='lat' dir='ltr'><strong>morem</strong></span> <span class='ocrx_word' id='word_1_43' title='bbox 1485 1268 1724 1339; x_wconf 71' lang='lat' dir='ltr'><strong>conaretum,</strong></span> <span class='ocrx_word' id='word_1_44' title='bbox 1745 1250 1929 1360; x_wconf 73' lang='lat' dir='ltr'><strong>bscbeyas</strong></span> 
     </span>
     <span class='ocr_line' id='line_1_6' title="bbox 505 1378 1928 1488; baseline 0.004 -31"><span class='ocrx_word' id='word_1_45' title='bbox 505 1381 763 1488; x_wconf 83' lang='lat' dir='ltr'><strong>imposuerant</strong></span> <span class='ocrx_word' id='word_1_46' title='bbox 784 1408 855 1487; x_wconf 90' lang='lat' dir='ltr'><strong>pro</strong></span> <span class='ocrx_word' id='word_1_47' title='bbox 875 1378 1021 1457; x_wconf 86' lang='lat' dir='ltr'><strong>delictis</strong></span> <span class='ocrx_word' id='word_1_48' title='bbox 1047 1380 1087 1457; x_wconf 92' lang='lat' dir='ltr'><strong>in</strong></span> <span class='ocrx_word' id='word_1_49' title='bbox 1110 1379 1291 1488; x_wconf 81' lang='lat' dir='ltr'><strong>predictis</strong></span> <span class='ocrx_word' id='word_1_50' title='bbox 1308 1378 1429 1470; x_wconf 75' lang='lat' dir='ltr'><strong>factis,</strong></span> <span class='ocrx_word' id='word_1_51' title='bbox 1451 1382 1591 1487; x_wconf 79' lang='lat' dir='ltr'><strong>qnittos</strong></span> <span class='ocrx_word' id='word_1_52' title='bbox 1614 1398 1654 1459; x_wconf 87' lang='lat' dir='ltr'><strong>et</strong></span> <span class='ocrx_word' id='word_1_53' title='bbox 1680 1381 1860 1461; x_wconf 75' lang='lat' dir='ltr'><strong>mmones</strong></span> <span class='ocrx_word' id='word_1_54' title='bbox 1881 1383 1928 1463; x_wconf 89' lang='lat' dir='ltr'><strong>ab</strong></span> 
     </span>
     <span class='ocr_line' id='line_1_7' title="bbox 504 1510 1927 1620; baseline 0.003 -31"><span class='ocrx_word' id='word_1_55' title='bbox 504 1512 609 1589; x_wconf 88' lang='lat' dir='ltr'><strong>omni</strong></span> <span class='ocrx_word' id='word_1_56' title='bbox 628 1510 700 1589; x_wconf 79' lang='lat' dir='ltr'><strong>alia</strong></span> <span class='ocrx_word' id='word_1_57' title='bbox 726 1510 888 1590; x_wconf 89' lang='lat' dir='ltr'><strong>emenda</strong></span> <span class='ocrx_word' id='word_1_58' title='bbox 911 1538 981 1616; x_wconf 91' lang='lat' dir='ltr'><strong>per</strong></span> <span class='ocrx_word' id='word_1_59' title='bbox 998 1511 1154 1589; x_wconf 82' lang='lat' dir='ltr'><strong>dietum.</strong></span> <span class='ocrx_word' id='word_1_60' title='bbox 1171 1512 1391 1619; x_wconf 88' lang='lat' dir='ltr'><strong>episcopum</strong></span> <span class='ocrx_word' id='word_1_61' title='bbox 1421 1511 1652 1620; x_wconf 89' lang='lat' dir='ltr'><strong>imponenda</strong></span> <span class='ocrx_word' id='word_1_62' title='bbox 1678 1540 1746 1591; x_wconf 87' lang='lat' dir='ltr'><strong>sen</strong></span> <span class='ocrx_word' id='word_1_63' title='bbox 1772 1513 1927 1595; x_wconf 76' lang='lat' dir='ltr'><strong>levanda</strong></span> 
     </span>
     <span class='ocr_line' id='line_1_8' title="bbox 503 1640 1925 1751; baseline 0.003 -30"><span class='ocrx_word' id='word_1_64' title='bbox 503 1670 573 1748; x_wconf 89' lang='lat' dir='ltr'><strong>pro</strong></span> <span class='ocrx_word' id='word_1_65' title='bbox 596 1641 761 1731; x_wconf 86' lang='lat' dir='ltr'><strong>delictis,</strong></span> <span class='ocrx_word' id='word_1_66' title='bbox 782 1670 855 1748; x_wconf 92' lang='lat' dir='ltr'><strong>pro</strong></span> <span class='ocrx_word' id='word_1_67' title='bbox 873 1640 1014 1749; x_wconf 88' lang='lat' dir='ltr'><strong>quibos</strong></span> <span class='ocrx_word' id='word_1_68' title='bbox 1039 1641 1111 1747; x_wconf 87' lang='lat' dir='ltr'><strong>ipsi</strong></span> <span class='ocrx_word' id='word_1_69' title='bbox 1139 1642 1398 1749; x_wconf 78' lang='lat' dir='ltr'><strong>imposuerant</strong></span> <span class='ocrx_word' id='word_1_70' title='bbox 1424 1644 1610 1751; x_wconf 78' lang='lat' dir='ltr'><strong>hscbeyas</strong></span> <span class='ocrx_word' id='word_1_71' title='bbox 1638 1644 1844 1751; x_wconf 83' lang='lat' dir='ltr'><strong>predictas,</strong></span> <span class='ocrx_word' id='word_1_72' title='bbox 1873 1646 1925 1725; x_wconf 88' lang='lat' dir='ltr'><strong>di·</strong></span> 
     </span>
     <span class='ocr_line' id='line_1_9' title="bbox 503 1772 1925 1889; baseline 0.002 -38"><span class='ocrx_word' id='word_1_73' title='bbox 503 1792 630 1853; x_wconf 79' lang='lat' dir='ltr'><strong>centes</strong></span> <span class='ocrx_word' id='word_1_74' title='bbox 650 1774 767 1853; x_wconf 85' lang='lat' dir='ltr'><strong>eciam</strong></span> <span class='ocrx_word' id='word_1_75' title='bbox 785 1802 825 1852; x_wconf 88' lang='lat' dir='ltr'><strong>se</strong></span> <span class='ocrx_word' id='word_1_76' title='bbox 845 1802 926 1853; x_wconf 86' lang='lat' dir='ltr'><strong>esse</strong></span> <span class='ocrx_word' id='word_1_77' title='bbox 945 1773 985 1849; x_wconf 91' lang='lat' dir='ltr'><strong>in</strong></span> <span class='ocrx_word' id='word_1_78' title='bbox 1001 1773 1135 1852; x_wconf 87' lang='lat' dir='ltr'><strong>saisina</strong></span> <span class='ocrx_word' id='word_1_79' title='bbox 1148 1772 1321 1881; x_wconf 87' lang='lat' dir='ltr'><strong>capiendi</strong></span> <span class='ocrx_word' id='word_1_80' title='bbox 1340 1790 1379 1851; x_wconf 84' lang='lat' dir='ltr'><strong>et</strong></span> <span class='ocrx_word' id='word_1_81' title='bbox 1389 1772 1545 1889; x_wconf 26' lang='lat' dir='ltr'><strong>&#39;levandi</strong></span> <span class='ocrx_word' id='word_1_82' title='bbox 1560 1776 1757 1883; x_wconf 86' lang='lat' dir='ltr'><strong>pecuniam</strong></span> <span class='ocrx_word' id='word_1_83' title='bbox 1778 1802 1855 1883; x_wconf 89' lang='lat' dir='ltr'><strong>que</strong></span> <span class='ocrx_word' id='word_1_84' title='bbox 1873 1777 1925 1854; x_wconf 88' lang='lat' dir='ltr'><strong>le-</strong></span> 
     </span>
     <span class='ocr_line' id='line_1_10' title="bbox 503 1902 1924 2012; baseline 0.002 -31"><span class='ocrx_word' id='word_1_85' title='bbox 503 1906 579 1982; x_wconf 88' lang='lat' dir='ltr'><strong>vari</strong></span> <span class='ocrx_word' id='word_1_86' title='bbox 595 1904 805 1993; x_wconf 86' lang='lat' dir='ltr'><strong>consuevit,</strong></span> <span class='ocrx_word' id='word_1_87' title='bbox 820 1906 921 2012; x_wconf 91' lang='lat' dir='ltr'><strong>apud</strong></span> <span class='ocrx_word' id='word_1_88' title='bbox 936 1903 1153 1993; x_wconf 72' lang='lat' dir='ltr'><strong>Brivamm,</strong></span> <span class='ocrx_word' id='word_1_89' title='bbox 1169 1932 1241 2011; x_wconf 90' lang='lat' dir='ltr'><strong>pro</strong></span> <span class='ocrx_word' id='word_1_90' title='bbox 1255 1903 1404 1981; x_wconf 74' lang='lat' dir='ltr'><strong>odardo</strong></span> <span class='ocrx_word' id='word_1_91' title='bbox 1417 1902 1613 1994; x_wconf 84' lang='lat' dir='ltr'><strong>faciendis,</strong></span> <span class='ocrx_word' id='word_1_92' title='bbox 1628 1930 1671 1983; x_wconf 80' lang='lat' dir='ltr'><strong>ac</strong></span> <span class='ocrx_word' id='word_1_93' title='bbox 1685 1907 1924 1985; x_wconf 77' lang='lat' dir='ltr'><strong>convertendi</strong></span> 
     </span>
     <span class='ocr_line' id='line_1_11' title="bbox 504 2033 1921 2144; baseline 0.001 -31"><span class='ocrx_word' id='word_1_94' title='bbox 504 2036 679 2126; x_wconf 87' lang='lat' dir='ltr'><strong>eandem,</strong></span> <span class='ocrx_word' id='word_1_95' title='bbox 700 2064 771 2143; x_wconf 90' lang='lat' dir='ltr'><strong>pro</strong></span> <span class='ocrx_word' id='word_1_96' title='bbox 790 2062 858 2113; x_wconf 73' lang='lat' dir='ltr'><strong>aare</strong></span> <span class='ocrx_word' id='word_1_97' title='bbox 877 2033 987 2112; x_wconf 84' lang='lat' dir='ltr'><strong>libito</strong></span> <span class='ocrx_word' id='word_1_98' title='bbox 1002 2034 1222 2125; x_wconf 73' lang='lat' dir='ltr'><strong>voluntatis,</strong></span> <span class='ocrx_word' id='word_1_99' title='bbox 1242 2034 1282 2111; x_wconf 78' lang='lat' dir='ltr'><strong>ia</strong></span> <span class='ocrx_word' id='word_1_100' title='bbox 1304 2035 1450 2113; x_wconf 87' lang='lat' dir='ltr'><strong>calceiis</strong></span> <span class='ocrx_word' id='word_1_101' title='bbox 1467 2035 1569 2114; x_wconf 81' lang='lat' dir='ltr'><strong>dicte</strong></span> <span class='ocrx_word' id='word_1_102' title='bbox 1587 2036 1674 2115; x_wconf 79' lang='lat' dir='ltr'><strong>ridde</strong></span> <span class='ocrx_word' id='word_1_103' title='bbox 1692 2037 1921 2144; x_wconf 72' lang='lat' dir='ltr'>reparandis,</span> 
     </span>
     <span class='ocr_line' id='line_1_12' title="bbox 504 2163 1924 2273; baseline 0.002 -31"><span class='ocrx_word' id='word_1_104' title='bbox 504 2164 645 2273; x_wconf 82' lang='lat' dir='ltr'>absque</span> <span class='ocrx_word' id='word_1_105' title='bbox 655 2194 702 2243; x_wconf 91' lang='lat' dir='ltr'><strong>oo</strong></span> <span class='ocrx_word' id='word_1_106' title='bbox 717 2164 823 2273; x_wconf 88' lang='lat' dir='ltr'><strong>qood</strong></span> <span class='ocrx_word' id='word_1_107' title='bbox 837 2163 1030 2272; x_wconf 86' lang='lat' dir='ltr'><strong>predictos</strong></span> <span class='ocrx_word' id='word_1_108' title='bbox 1041 2166 1239 2271; x_wconf 79' lang='lat' dir='ltr'><strong>episcopus</strong></span> <span class='ocrx_word' id='word_1_109' title='bbox 1255 2192 1294 2241; x_wconf 84' lang='lat' dir='ltr'><strong>se</strong></span> <span class='ocrx_word' id='word_1_110' title='bbox 1309 2164 1466 2243; x_wconf 82' lang='lat' dir='ltr'><strong>deberet</strong></span> <span class='ocrx_word' id='word_1_111' title='bbox 1479 2166 1519 2243; x_wconf 92' lang='lat' dir='ltr'><strong>in</strong></span> <span class='ocrx_word' id='word_1_112' title='bbox 1534 2164 1661 2273; x_wconf 83' lang='lat' dir='ltr'><strong>aliquo</strong></span> <span class='ocrx_word' id='word_1_113' title='bbox 1677 2166 1924 2245; x_wconf 77' lang='lat' dir='ltr'><strong>intromittere</strong></span> 
     </span>
     <span class='ocr_line' id='line_1_13' title="bbox 505 2294 1923 2403; baseline 0.001 -30"><span class='ocrx_word' id='word_1_114' title='bbox 505 2296 553 2373; x_wconf 93' lang='lat' dir='ltr'><strong>de</strong></span> <span class='ocrx_word' id='word_1_115' title='bbox 571 2297 741 2402; x_wconf 87' lang='lat' dir='ltr'><strong>predicta</strong></span> <span class='ocrx_word' id='word_1_116' title='bbox 759 2296 906 2402; x_wconf 73' lang='lat' dir='ltr'><strong>calceya</strong></span> <span class='ocrx_word' id='word_1_117' title='bbox 928 2294 1087 2373; x_wconf 78' lang='lat' dir='ltr'><strong>levanda</strong></span> <span class='ocrx_word' id='word_1_118' title='bbox 1109 2324 1178 2373; x_wconf 82' lang='lat' dir='ltr'><strong>aen</strong></span> <span class='ocrx_word' id='word_1_119' title='bbox 1197 2294 1239 2373; x_wconf 87' lang='lat' dir='ltr'><strong>in</strong></span> <span class='ocrx_word' id='word_1_120' title='bbox 1263 2322 1355 2373; x_wconf 86' lang='lat' dir='ltr'><strong>usos</strong></span> <span class='ocrx_word' id='word_1_121' title='bbox 1379 2294 1572 2403; x_wconf 78' lang='lat' dir='ltr'><strong>quoslibet</strong></span> <span class='ocrx_word' id='word_1_122' title='bbox 1596 2297 1863 2383; x_wconf 69' lang='lat' dir='ltr'><strong>cmvertendaa</strong></span> <span class='ocrx_word' id='word_1_123' title='bbox 1888 2316 1923 2374; x_wconf 88' lang='lat' dir='ltr'><strong>et</strong></span> 
     </span>
     <span class='ocr_line' id='line_1_14' title="bbox 503 2425 1924 2535; baseline 0.001 -31"><span class='ocrx_word' id='word_1_124' title='bbox 503 2426 609 2535; x_wconf 90' lang='lat' dir='ltr'><strong>qood</strong></span> <span class='ocrx_word' id='word_1_125' title='bbox 629 2427 819 2535; x_wconf 77' lang='lat' dir='ltr'><strong>predicms</strong></span> <span class='ocrx_word' id='word_1_126' title='bbox 845 2427 1044 2534; x_wconf 85' lang='lat' dir='ltr'><strong>episcopus</strong></span> <span class='ocrx_word' id='word_1_127' title='bbox 1069 2426 1169 2533; x_wconf 84' lang='lat' dir='ltr'><strong>ipsos</strong></span> <span class='ocrx_word' id='word_1_128' title='bbox 1189 2425 1228 2503; x_wconf 88' lang='lat' dir='ltr'><strong>in</strong></span> <span class='ocrx_word' id='word_1_129' title='bbox 1248 2425 1429 2533; x_wconf 81' lang='lat' dir='ltr'><strong>predictis</strong></span> <span class='ocrx_word' id='word_1_130' title='bbox 1447 2426 1676 2506; x_wconf 84' lang='lat' dir='ltr'><strong>multimode</strong></span> <span class='ocrx_word' id='word_1_131' title='bbox 1697 2428 1924 2535; x_wconf 86' lang='lat' dir='ltr'><strong>impediebat</strong></span> 
     </span>
     <span class='ocr_line' id='line_1_15' title="bbox 503 2558 1923 2667; baseline 0 -30"><span class='ocrx_word' id='word_1_132' title='bbox 503 2578 541 2637; x_wconf 91' lang='lat' dir='ltr'><strong>et</strong></span> <span class='ocrx_word' id='word_1_133' title='bbox 559 2559 821 2666; x_wconf 61' lang='lat' dir='ltr'><strong>perturbabo,</strong></span> <span class='ocrx_word' id='word_1_134' title='bbox 843 2570 1015 2666; x_wconf 75' lang='lat' dir='ltr'><strong>patentes</strong></span> <span class='ocrx_word' id='word_1_135' title='bbox 1033 2586 1102 2666; x_wconf 87' lang='lat' dir='ltr'><strong>per</strong></span> <span class='ocrx_word' id='word_1_136' title='bbox 1121 2586 1192 2637; x_wconf 89' lang='lat' dir='ltr'><strong>nos</strong></span> <span class='ocrx_word' id='word_1_137' title='bbox 1205 2558 1479 2666; x_wconf 82' lang='lat' dir='ltr'><strong>impedimenta</strong></span> <span class='ocrx_word' id='word_1_138' title='bbox 1499 2558 1666 2667; x_wconf 73' lang='lat' dir='ltr'><strong>predicta</strong></span> <span class='ocrx_word' id='word_1_139' title='bbox 1687 2561 1866 2649; x_wconf 67' lang='lat' dir='ltr'><strong>amorem,</strong></span> <span class='ocrx_word' id='word_1_140' title='bbox 1888 2578 1923 2637; x_wconf 87' lang='lat' dir='ltr'><strong>at</strong></span> 
     </span>
     <span class='ocr_line' id='line_1_16' title="bbox 503 2689 1921 2799; baseline 0.007 -32"><span class='ocrx_word' id='word_1_141' title='bbox 503 2691 648 2769; x_wconf 89' lang='lat' dir='ltr'><strong>dictum</strong></span> <span class='ocrx_word' id='word_1_142' title='bbox 674 2692 894 2799; x_wconf 89' lang='lat' dir='ltr'><strong>episcopum</strong></span> <span class='ocrx_word' id='word_1_143' title='bbox 922 2690 972 2767; x_wconf 91' lang='lat' dir='ltr'><strong>ad</strong></span> <span class='ocrx_word' id='word_1_144' title='bbox 997 2690 1222 2769; x_wconf 82' lang='lat' dir='ltr'><strong>cessandum</strong></span> <span class='ocrx_word' id='word_1_145' title='bbox 1241 2720 1263 2767; x_wconf 83' lang='lat' dir='ltr'><strong>a</strong></span> <span class='ocrx_word' id='word_1_146' title='bbox 1281 2689 1391 2769; x_wconf 80' lang='lat' dir='ltr'><strong>dictis</strong></span> <span class='ocrx_word' id='word_1_147' title='bbox 1417 2690 1700 2798; x_wconf 84' lang='lat' dir='ltr'><strong>impedimentis</strong></span> <span class='ocrx_word' id='word_1_148' title='bbox 1724 2691 1921 2799; x_wconf 75' lang='lat' dir='ltr'><strong>compedit</strong></span> 
     </span>
     <span class='ocr_line' id='line_1_17' title="bbox 502 2820 1921 2929; baseline 0 -30"><span class='ocrx_word' id='word_1_149' title='bbox 502 2823 674 2926; x_wconf 84' lang='lat' dir='ltr'><strong>predicto</strong></span> <span class='ocrx_word' id='word_1_150' title='bbox 688 2824 867 2928; x_wconf 88' lang='lat' dir='ltr'><strong>episcopo</strong></span> <span class='ocrx_word' id='word_1_151' title='bbox 883 2822 931 2899; x_wconf 86' lang='lat' dir='ltr'><strong>de</strong></span> <span class='ocrx_word' id='word_1_152' title='bbox 950 2820 1130 2928; x_wconf 76' lang='lat' dir='ltr'><strong>predictis</strong></span> <span class='ocrx_word' id='word_1_153' title='bbox 1144 2820 1287 2899; x_wconf 86' lang='lat' dir='ltr'><strong>curiam</strong></span> <span class='ocrx_word' id='word_1_154' title='bbox 1306 2850 1413 2901; x_wconf 86' lang='lat' dir='ltr'><strong>snam</strong></span> <span class='ocrx_word' id='word_1_155' title='bbox 1429 2838 1645 2929; x_wconf 74' lang='lat' dir='ltr'><strong>repetente,</strong></span> <span class='ocrx_word' id='word_1_156' title='bbox 1666 2839 1722 2911; x_wconf 89' lang='lat' dir='ltr'><strong>et,</strong></span> <span class='ocrx_word' id='word_1_157' title='bbox 1742 2822 1792 2901; x_wconf 85' lang='lat' dir='ltr'><strong>ad</strong></span> <span class='ocrx_word' id='word_1_158' title='bbox 1808 2822 1921 2899; x_wconf 86' lang='lat' dir='ltr'><strong>finem</strong></span> 
     </span>
     <span class='ocr_line' id='line_1_18' title="bbox 502 2950 1921 3059; baseline 0.002 -31"><span class='ocrx_word' id='word_1_159' title='bbox 502 2952 645 3029; x_wconf 86' lang='lat' dir='ltr'><strong>curiam</strong></span> <span class='ocrx_word' id='word_1_160' title='bbox 663 2981 775 3059; x_wconf 79' lang='lat' dir='ltr'><strong>super</strong></span> <span class='ocrx_word' id='word_1_161' title='bbox 789 2953 863 3030; x_wconf 89' lang='lat' dir='ltr'><strong>hoc</strong></span> <span class='ocrx_word' id='word_1_162' title='bbox 884 2950 1112 3039; x_wconf 74' lang='lat' dir='ltr'><strong>rehabendi,</strong></span> <span class='ocrx_word' id='word_1_163' title='bbox 1135 2970 1370 3058; x_wconf 76' lang='lat' dir='ltr'><strong>proponente</strong></span> <span class='ocrx_word' id='word_1_164' title='bbox 1384 2980 1425 3029; x_wconf 88' lang='lat' dir='ltr'><strong>se</strong></span> <span class='ocrx_word' id='word_1_165' title='bbox 1444 2980 1526 3032; x_wconf 88' lang='lat' dir='ltr'><strong>essa</strong></span> <span class='ocrx_word' id='word_1_166' title='bbox 1542 2953 1582 3033; x_wconf 89' lang='lat' dir='ltr'><strong>in</strong></span> <span class='ocrx_word' id='word_1_167' title='bbox 1599 2953 1734 3033; x_wconf 85' lang='lat' dir='ltr'><strong>saisina</strong></span> <span class='ocrx_word' id='word_1_168' title='bbox 1751 2954 1921 3031; x_wconf 90' lang='lat' dir='ltr'><strong>omnium</strong></span> 
     </span>
     <span class='ocr_line' id='line_1_19' title="bbox 501 3080 1921 3191; baseline 0.002 -34"><span class='ocrx_word' id='word_1_169' title='bbox 501 3080 761 3187; x_wconf 82' lang='lat' dir='ltr'><strong>predictorum</strong></span> <span class='ocrx_word' id='word_1_170' title='bbox 782 3098 822 3159; x_wconf 85' lang='lat' dir='ltr'><strong>et</strong></span> <span class='ocrx_word' id='word_1_171' title='bbox 837 3108 988 3189; x_wconf 86' lang='lat' dir='ltr'><strong>semper</strong></span> <span class='ocrx_word' id='word_1_172' title='bbox 1005 3110 1117 3159; x_wconf 85' lang='lat' dir='ltr'><strong>usum</strong></span> <span class='ocrx_word' id='word_1_173' title='bbox 1142 3080 1258 3159; x_wconf 81' lang='lat' dir='ltr'><strong>fuisse</strong></span> <span class='ocrx_word' id='word_1_174' title='bbox 1284 3082 1332 3160; x_wconf 85' lang='lat' dir='ltr'><strong>de</strong></span> <span class='ocrx_word' id='word_1_175' title='bbox 1351 3083 1550 3189; x_wconf 67' lang='lat' dir='ltr'><strong>predictist</strong></span> <span class='ocrx_word' id='word_1_176' title='bbox 1566 3100 1719 3191; x_wconf 84' lang='lat' dir='ltr'><strong>patente</strong></span> <span class='ocrx_word' id='word_1_177' title='bbox 1739 3084 1858 3161; x_wconf 81' lang='lat' dir='ltr'><strong>eriam</strong></span> <span class='ocrx_word' id='word_1_178' title='bbox 1875 3080 1921 3160; x_wconf 84' lang='lat' dir='ltr'><strong>de</strong></span> 
     </span>
     <span class='ocr_line' id='line_1_20' title="bbox 500 3192 1922 3323; baseline 0.001 -34"><span class='ocrx_word' id='word_1_179' title='bbox 500 3212 680 3319; x_wconf 80' lang='lat' dir='ltr'><strong>predictis</strong></span> <span class='ocrx_word' id='word_1_180' title='bbox 698 3213 876 3292; x_wconf 86' lang='lat' dir='ltr'><strong>omnibus</strong></span> <span class='ocrx_word' id='word_1_181' title='bbox 894 3214 1037 3291; x_wconf 88' lang='lat' dir='ltr'><strong>coriam</strong></span> <span class='ocrx_word' id='word_1_182' title='bbox 1057 3240 1164 3292; x_wconf 74' lang='lat' dir='ltr'><strong>marn</strong></span> <span class='ocrx_word' id='word_1_183' title='bbox 1183 3212 1257 3293; x_wconf 84' lang='lat' dir='ltr'><strong>sibi</strong></span> <span class='ocrx_word' id='word_1_184' title='bbox 1277 3212 1401 3306; x_wconf 85' lang='lat' dir='ltr'><strong>reddi,</strong></span> <span class='ocrx_word' id='word_1_185' title='bbox 1423 3234 1462 3293; x_wconf 87' lang='lat' dir='ltr'><strong>et</strong></span> <span class='ocrx_word' id='word_1_186' title='bbox 1479 3216 1668 3323; x_wconf 80' lang='lat' dir='ltr'><strong>predictos</strong></span> <span class='ocrx_word' id='word_1_187' title='bbox 1687 3214 1870 3322; x_wconf 87' lang='lat' dir='ltr'><strong>majorem</strong></span> <span class='ocrx_word' id='word_1_188' title='bbox 1886 3192 1922 3291; x_wconf 83' lang='lat' dir='ltr'><strong>et</strong></span> 
     </span>
     <span class='ocr_line' id='line_1_21' title="bbox 500 3322 1920 3453; baseline -0.001 -30"><span class='ocrx_word' id='word_1_189' title='bbox 500 3372 623 3450; x_wconf 89' lang='lat' dir='ltr'><strong>pares,</strong></span> <span class='ocrx_word' id='word_1_190' title='bbox 644 3363 837 3453; x_wconf 81' lang='lat' dir='ltr'><strong>tamqnam</strong></span> <span class='ocrx_word' id='word_1_191' title='bbox 857 3372 947 3423; x_wconf 84' lang='lat' dir='ltr'><strong>suos</strong></span> <span class='ocrx_word' id='word_1_192' title='bbox 960 3344 1222 3453; x_wconf 87' lang='lat' dir='ltr'><strong>justiciabiles,</strong></span> <span class='ocrx_word' id='word_1_193' title='bbox 1239 3344 1278 3421; x_wconf 90' lang='lat' dir='ltr'><strong>in</strong></span> <span class='ocrx_word' id='word_1_194' title='bbox 1298 3342 1479 3453; x_wconf 89' lang='lat' dir='ltr'><strong>predictis</strong></span> <span class='ocrx_word' id='word_1_195' title='bbox 1495 3346 1545 3424; x_wconf 83' lang='lat' dir='ltr'><strong>ad</strong></span> <span class='ocrx_word' id='word_1_196' title='bbox 1558 3372 1714 3425; x_wconf 75' lang='lat' dir='ltr'><strong>examen</strong></span> <span class='ocrx_word' id='word_1_197' title='bbox 1734 3322 1848 3425; x_wconf 80' lang='lat' dir='ltr'><strong>suum</strong></span> <span class='ocrx_word' id='word_1_198' title='bbox 1864 3372 1920 3422; x_wconf 88' lang='lat' dir='ltr'><strong>re·</strong></span> 
     </span>
     <span class='ocr_line' id='line_1_22' title="bbox 501 3476 1921 3586; baseline 0 -33"><span class='ocrx_word' id='word_1_199' title='bbox 501 3477 616 3568; x_wconf 72' lang='lat' dir='ltr'><strong>mitti,</strong></span> <span class='ocrx_word' id='word_1_200' title='bbox 628 3477 807 3584; x_wconf 79' lang='lat' dir='ltr'><strong>predictis</strong></span> <span class='ocrx_word' id='word_1_201' title='bbox 821 3476 964 3584; x_wconf 82' lang='lat' dir='ltr'><strong>majore</strong></span> <span class='ocrx_word' id='word_1_202' title='bbox 980 3493 1018 3554; x_wconf 89' lang='lat' dir='ltr'><strong>et</strong></span> <span class='ocrx_word' id='word_1_203' title='bbox 1031 3476 1187 3582; x_wconf 85' lang='lat' dir='ltr'><strong>paribus</strong></span> <span class='ocrx_word' id='word_1_204' title='bbox 1197 3476 1451 3556; x_wconf 74' lang='lat' dir='ltr'><strong>asserentibus</strong></span> <span class='ocrx_word' id='word_1_205' title='bbox 1464 3477 1724 3586; x_wconf 75' lang='lat' dir='ltr'><strong>cognitionem</strong></span> <span class='ocrx_word' id='word_1_206' title='bbox 1735 3477 1921 3584; x_wconf 86' lang='lat' dir='ltr'><strong>predicto-</strong></span> 
     </span>
     <span class='ocr_line' id='line_1_23' title="bbox 500 3606 1919 3717; baseline -0.001 -31"><span class='ocrx_word' id='word_1_207' title='bbox 500 3610 637 3687; x_wconf 87' lang='lat' dir='ltr'><strong>romin</strong></span> <span class='ocrx_word' id='word_1_208' title='bbox 649 3612 752 3688; x_wconf 89' lang='lat' dir='ltr'><strong>curia</strong></span> <span class='ocrx_word' id='word_1_209' title='bbox 765 3626 891 3686; x_wconf 87' lang='lat' dir='ltr'><strong>nostra</strong></span> <span class='ocrx_word' id='word_1_210' title='bbox 902 3636 1098 3686; x_wconf 81' lang='lat' dir='ltr'><strong>remanere</strong></span> <span class='ocrx_word' id='word_1_211' title='bbox 1111 3606 1268 3697; x_wconf 84' lang='lat' dir='ltr'><strong>debere;</strong></span> <span class='ocrx_word' id='word_1_212' title='bbox 1280 3608 1459 3713; x_wconf 85' lang='lat' dir='ltr'><strong>predictis</strong></span> <span class='ocrx_word' id='word_1_213' title='bbox 1471 3608 1639 3716; x_wconf 75' lang='lat' dir='ltr'><strong>partibus</strong></span> <span class='ocrx_word' id='word_1_214' title='bbox 1650 3608 1919 3717; x_wconf 71' lang='lat' dir='ltr'><strong>diligentertu-</strong></span> 
     </span>
     <span class='ocr_line' id='line_1_24' title="bbox 499 3736 1917 3855; baseline -0.002 -39"><span class='ocrx_word' id='word_1_215' title='bbox 499 3768 567 3845; x_wconf 88' lang='lat' dir='ltr'><strong>per</strong></span> <span class='ocrx_word' id='word_1_216' title='bbox 579 3740 653 3816; x_wconf 89' lang='lat' dir='ltr'><strong>hiis</strong></span> <span class='ocrx_word' id='word_1_217' title='bbox 670 3740 824 3825; x_wconf 85' lang='lat' dir='ltr'><strong>auditis,</strong></span> <span class='ocrx_word' id='word_1_218' title='bbox 835 3740 1127 3846; x_wconf 86' lang='lat' dir='ltr'><strong>pronunciatum</strong></span> <span class='ocrx_word' id='word_1_219' title='bbox 1143 3738 1216 3855; x_wconf 70' lang='lat' dir='ltr'><strong>suit</strong></span> <span class='ocrx_word' id='word_1_220' title='bbox 1225 3798 1234 3827; x_wconf 87' lang='lat'><strong>,</strong></span> <span class='ocrx_word' id='word_1_221' title='bbox 1251 3766 1320 3845; x_wconf 91' lang='lat' dir='ltr'><strong>per</strong></span> <span class='ocrx_word' id='word_1_222' title='bbox 1336 3756 1518 3825; x_wconf 76' lang='lat' dir='ltr'><strong>arrestum</strong></span> <span class='ocrx_word' id='word_1_223' title='bbox 1528 3741 1632 3818; x_wconf 89' lang='lat' dir='ltr'><strong>curie</strong></span> <span class='ocrx_word' id='word_1_224' title='bbox 1645 3756 1789 3827; x_wconf 84' lang='lat' dir='ltr'><strong>nostre,</strong></span> <span class='ocrx_word' id='word_1_225' title='bbox 1804 3736 1917 3844; x_wconf 79' lang='lat' dir='ltr'><strong>qarod,</strong></span> 
     </span>
     <span class='ocr_line' id='line_1_25' title="bbox 501 3868 1918 3975; baseline 0 -30"><span class='ocrx_word' id='word_1_226' title='bbox 501 3869 548 3945; x_wconf 86' lang='lat' dir='ltr'><strong>ad</strong></span> <span class='ocrx_word' id='word_1_227' title='bbox 562 3869 678 3946; x_wconf 88' lang='lat' dir='ltr'><strong>finem</strong></span> <span class='ocrx_word' id='word_1_228' title='bbox 690 3869 789 3946; x_wconf 89' lang='lat' dir='ltr'><strong>dicte</strong></span> <span class='ocrx_word' id='word_1_229' title='bbox 807 3870 926 3956; x_wconf 90' lang='lat' dir='ltr'><strong>curie,</strong></span> <span class='ocrx_word' id='word_1_230' title='bbox 944 3869 1200 3975; x_wconf 86' lang='lat' dir='ltr'><strong>inquireretur</strong></span> <span class='ocrx_word' id='word_1_231' title='bbox 1216 3868 1265 3947; x_wconf 91' lang='lat' dir='ltr'><strong>de</strong></span> <span class='ocrx_word' id='word_1_232' title='bbox 1279 3868 1414 3947; x_wconf 89' lang='lat' dir='ltr'><strong>saisina</strong></span> <span class='ocrx_word' id='word_1_233' title='bbox 1430 3887 1470 3948; x_wconf 93' lang='lat' dir='ltr'><strong>et</strong></span> <span class='ocrx_word' id='word_1_234' title='bbox 1483 3870 1615 3949; x_wconf 86' lang='lat' dir='ltr'><strong>usibus</strong></span> <span class='ocrx_word' id='word_1_235' title='bbox 1629 3870 1827 3975; x_wconf 86' lang='lat' dir='ltr'><strong>utriusque</strong></span> <span class='ocrx_word' id='word_1_236' title='bbox 1841 3897 1918 3974; x_wconf 90' lang='lat' dir='ltr'><strong>par·</strong></span> 
     </span>
     <span class='ocr_line' id='line_1_26' title="bbox 498 3999 1918 4107; baseline 0.001 -33"><span class='ocrx_word' id='word_1_237' title='bbox 498 3999 759 4106; x_wconf 86' lang='lat' dir='ltr'><strong>tispropositis</strong></span> <span class='ocrx_word' id='word_1_238' title='bbox 769 3999 808 4075; x_wconf 90' lang='lat' dir='ltr'><strong>in</strong></span> <span class='ocrx_word' id='word_1_239' title='bbox 818 3999 998 4107; x_wconf 88' lang='lat' dir='ltr'><strong>predictis</strong></span> <span class='ocrx_word' id='word_1_240' title='bbox 1011 4019 1050 4077; x_wconf 87' lang='lat' dir='ltr'><strong>et</strong></span> <span class='ocrx_word' id='word_1_241' title='bbox 1063 4000 1239 4107; x_wconf 86' lang='lat' dir='ltr'><strong>quolibet</strong></span> <span class='ocrx_word' id='word_1_242' title='bbox 1248 4001 1527 4107; x_wconf 88' lang='lat' dir='ltr'><strong>predictorum:</strong></span> <span class='ocrx_word' id='word_1_243' title='bbox 1545 4000 1735 4093; x_wconf 86' lang='lat' dir='ltr'><strong>Tandem,</strong></span> <span class='ocrx_word' id='word_1_244' title='bbox 1749 4000 1918 4107; x_wconf 88' lang='lat' dir='ltr'><strong>inquesta</strong></span> 
     </span>
     <span class='ocr_line' id='line_1_27' title="bbox 499 4129 1917 4239; baseline 0.001 -35"><span class='ocrx_word' id='word_1_245' title='bbox 499 4129 592 4207; x_wconf 86' lang='lat' dir='ltr'><strong>sacta</strong></span> <span class='ocrx_word' id='word_1_246' title='bbox 609 4131 846 4208; x_wconf 90' lang='lat' dir='ltr'><strong>demandato</strong></span> <span class='ocrx_word' id='word_1_247' title='bbox 867 4130 969 4207; x_wconf 89' lang='lat' dir='ltr'><strong>curie</strong></span> <span class='ocrx_word' id='word_1_248' title='bbox 986 4148 1114 4209; x_wconf 88' lang='lat' dir='ltr'><strong>nostre</strong></span> <span class='ocrx_word' id='word_1_249' title='bbox 1124 4160 1239 4237; x_wconf 89' lang='lat' dir='ltr'><strong>super</strong></span> <span class='ocrx_word' id='word_1_250' title='bbox 1257 4132 1434 4209; x_wconf 89' lang='lat' dir='ltr'><strong>omnibus</strong></span> <span class='ocrx_word' id='word_1_251' title='bbox 1452 4130 1661 4239; x_wconf 82' lang='lat' dir='ltr'><strong>premissis,</strong></span> <span class='ocrx_word' id='word_1_252' title='bbox 1682 4132 1758 4209; x_wconf 82' lang='lat' dir='ltr'><strong>visa</strong></span> <span class='ocrx_word' id='word_1_253' title='bbox 1777 4146 1816 4208; x_wconf 89' lang='lat' dir='ltr'><strong>et</strong></span> <span class='ocrx_word' id='word_1_254' title='bbox 1835 4129 1917 4206; x_wconf 90' lang='lat' dir='ltr'><strong>dili-</strong></span> 
     </span>
     <span class='ocr_line' id='line_1_28' title="bbox 498 4261 1918 4369; baseline -0.001 -32"><span class='ocrx_word' id='word_1_255' title='bbox 498 4280 630 4369; x_wconf 83' lang='lat' dir='ltr'><strong>genter</strong></span> <span class='ocrx_word' id='word_1_256' title='bbox 653 4263 875 4350; x_wconf 79' lang='lat' dir='ltr'><strong>cxaminata,</strong></span> <span class='ocrx_word' id='word_1_257' title='bbox 897 4261 1110 4369; x_wconf 87' lang='lat' dir='ltr'><strong>auditisque</strong></span> <span class='ocrx_word' id='word_1_258' title='bbox 1129 4262 1343 4340; x_wconf 79' lang='lat' dir='ltr'><strong>nacionibus</strong></span> <span class='ocrx_word' id='word_1_259' title='bbox 1363 4262 1452 4341; x_wconf 92' lang='lat' dir='ltr'><strong>hinc</strong></span> <span class='ocrx_word' id='word_1_260' title='bbox 1470 4280 1509 4362; x_wconf 85' lang='lat' dir='ltr'><strong>et</strong></span> <span class='ocrx_word' id='word_1_261' title='bbox 1531 4264 1621 4341; x_wconf 90' lang='lat' dir='ltr'><strong>inde</strong></span> <span class='ocrx_word' id='word_1_262' title='bbox 1641 4261 1859 4369; x_wconf 89' lang='lat' dir='ltr'><strong>propositis,</strong></span> <span class='ocrx_word' id='word_1_263' title='bbox 1882 4276 1918 4335; x_wconf 90' lang='lat' dir='ltr'><strong>et</strong></span> 
     </span>
     <span class='ocr_line' id='line_1_29' title="bbox 499 4390 2012 4501; baseline -0.002 -32"><span class='ocrx_word' id='word_1_264' title='bbox 499 4393 584 4470; x_wconf 86' lang='lat' dir='ltr'><strong>visis</strong></span> <span class='ocrx_word' id='word_1_265' title='bbox 602 4392 806 4501; x_wconf 82' lang='lat' dir='ltr'><strong>privilegiis</strong></span> <span class='ocrx_word' id='word_1_266' title='bbox 826 4408 864 4470; x_wconf 90' lang='lat' dir='ltr'><strong>et</strong></span> <span class='ocrx_word' id='word_1_267' title='bbox 889 4392 1002 4470; x_wconf 88' lang='lat' dir='ltr'><strong>cartis</strong></span> <span class='ocrx_word' id='word_1_268' title='bbox 1023 4420 1077 4469; x_wconf 80' lang='lat' dir='ltr'><strong>ex‘</strong></span> <span class='ocrx_word' id='word_1_269' title='bbox 1095 4410 1201 4499; x_wconf 88' lang='lat' dir='ltr'><strong>parte</strong></span> <span class='ocrx_word' id='word_1_270' title='bbox 1229 4393 1330 4471; x_wconf 88' lang='lat' dir='ltr'><strong>dicte</strong></span> <span class='ocrx_word' id='word_1_271' title='bbox 1356 4394 1573 4472; x_wconf 82' lang='lat' dir='ltr'><strong>communie</strong></span> <span class='ocrx_word' id='word_1_272' title='bbox 1603 4418 1716 4501; x_wconf 84' lang='lat' dir='ltr'><strong>super</strong></span> <span class='ocrx_word' id='word_1_273' title='bbox 1743 4390 1817 4469; x_wconf 88' lang='lat' dir='ltr'><strong>hoc</strong></span> <span class='ocrx_word' id='word_1_274' title='bbox 1835 4418 1917 4496; x_wconf 88' lang='lat' dir='ltr'><strong>pro-</strong></span> <span class='ocrx_word' id='word_1_275' title='bbox 2005 4396 2012 4413; x_wconf 93' lang='lat'><em>&#39;</em></span> 
     </span>
     <span class='ocr_line' id='line_1_30' title="bbox 498 4522 1918 4634; baseline -0.001 -33"><span class='ocrx_word' id='word_1_276' title='bbox 498 4526 638 4609; x_wconf 88' lang='lat' dir='ltr'><strong>ductis,</strong></span> <span class='ocrx_word' id='word_1_277' title='bbox 651 4522 942 4628; x_wconf 88' lang='lat' dir='ltr'><strong>pronunciatum</strong></span> <span class='ocrx_word' id='word_1_278' title='bbox 952 4522 1042 4612; x_wconf 76' lang='lat' dir='ltr'><strong>tait,</strong></span> <span class='ocrx_word' id='word_1_279' title='bbox 1057 4550 1127 4630; x_wconf 90' lang='lat' dir='ltr'><strong>per</strong></span> <span class='ocrx_word' id='word_1_280' title='bbox 1142 4524 1244 4601; x_wconf 88' lang='lat' dir='ltr'><strong>curia</strong></span> <span class='ocrx_word' id='word_1_281' title='bbox 1258 4542 1386 4603; x_wconf 87' lang='lat' dir='ltr'><strong>nostre</strong></span> <span class='ocrx_word' id='word_1_282' title='bbox 1395 4525 1603 4634; x_wconf 88' lang='lat' dir='ltr'><strong>judicium,</strong></span> <span class='ocrx_word' id='word_1_283' title='bbox 1619 4524 1764 4602; x_wconf 63' lang='lat' dir='ltr'><strong>mnam</strong></span> <span class='ocrx_word' id='word_1_284' title='bbox 1777 4523 1825 4601; x_wconf 90' lang='lat' dir='ltr'><strong>de</strong></span> <span class='ocrx_word' id='word_1_285' title='bbox 1841 4548 1918 4599; x_wconf 89' lang='lat' dir='ltr'><strong>om-</strong></span> 
     </span>
     <span class='ocr_line' id='line_1_31' title="bbox 498 4652 1497 4761; baseline 0.001 -31"><span class='ocrx_word' id='word_1_286' title='bbox 498 4656 611 4733; x_wconf 89' lang='lat' dir='ltr'><strong>nibus</strong></span> <span class='ocrx_word' id='word_1_287' title='bbox 631 4652 810 4760; x_wconf 87' lang='lat' dir='ltr'><strong>predictis</strong></span> <span class='ocrx_word' id='word_1_288' title='bbox 828 4654 931 4731; x_wconf 88' lang='lat' dir='ltr'><strong>dicto</strong></span> <span class='ocrx_word' id='word_1_289' title='bbox 951 4654 1129 4761; x_wconf 85' lang='lat' dir='ltr'><strong>episcopo</strong></span> <span class='ocrx_word' id='word_1_290' title='bbox 1150 4682 1230 4733; x_wconf 84' lang='lat' dir='ltr'><strong>esse</strong></span> <span class='ocrx_word' id='word_1_291' title='bbox 1250 4654 1497 4733; x_wconf 88' lang='lat' dir='ltr'><strong>reddendam.</strong></span> 
     </span>
     <span class='ocr_line' id='line_1_32' title="bbox 458 4786 1246 4864; baseline 0.008 -6"><span class='ocrx_word' id='word_1_292' title='bbox 458 4804 464 4813; x_wconf 53' lang='lat'><em>¹</em></span> <span class='ocrx_word' id='word_1_293' title='bbox 552 4786 653 4862; x_wconf 85' lang='lat' dir='ltr'><strong>Jovis</strong></span> <span class='ocrx_word' id='word_1_294' title='bbox 672 4802 757 4862; x_wconf 87' lang='lat' dir='ltr'><strong>ante</strong></span> <span class='ocrx_word' id='word_1_295' title='bbox 776 4787 911 4863; x_wconf 86' lang='lat' dir='ltr'><strong>Ramos</strong></span> <span class='ocrx_word' id='word_1_296' title='bbox 930 4786 1156 4864; x_wconf 86' lang='lat' dir='ltr'><strong>Palmarom.</strong></span> <span class='ocrx_word' id='word_1_297' title='bbox 1239 4796 1246 4811; x_wconf 86' lang='lat'>‘</span> 
     </span>
     <span class='ocr_line' id='line_1_33' title="bbox 555 4916 1009 5024; baseline 0.009 -35"><span class='ocrx_word' id='word_1_298' title='bbox 555 4916 778 5021; x_wconf 82' lang='lat' dir='ltr'><strong>Pasquerius</strong></span> <span class='ocrx_word' id='word_1_299' title='bbox 797 4918 1009 5024; x_wconf 84' lang='lat' dir='ltr'><strong>reportavit.</strong></span> 
     </span>
    </p>
   </div>
   <div class='ocr_carea' id='block_1_3' title="bbox 0 0 2230 6209">
    <p class='ocr_par' dir='ltr' id='par_1_3' title="bbox 0 0 2230 6209">
     <span class='ocr_line' id='line_1_34' title="bbox 0 0 2230 6209; baseline 0 4"><span class='ocrx_word' id='word_1_300' title='bbox 0 0 2230 6209; x_wconf 95' lang='lat' dir='ltr'><strong> </strong></span> 
     </span>
    </p>
   </div>
  </div>
 </body>
</html>
