4450 6209
724 755 991 865 saoneres
1017 771 1082 844 nr
1108 754 1316 846 pauens.
1661 773 1730 846 sol

371 917 458 998 LVI.
490 913 572 995 Lite
586 932 702 1006 mota,
720 943 845 992 coram
857 915 1048 1022 preposito
1069 912 1233 1022 episcopi
1246 910 1477 1002 Parisiensis‚
1493 911 1592 990 inter
1601 913 1735 1020 johan·
1775 921 1905 974 Peuma
1918 916 1962 980 W·

316 1078 405 1126 nem
428 1049 476 1126 de
497 1047 703 1138 Pontisara,
725 1075 767 1123 ex
789 1064 893 1151 parte
913 1071 1003 1134 una,
1027 1063 1065 1122 et
1085 1047 1279 1124 Matheum
1300 1047 1346 1122 de
1367 1043 1577 1133 Attrehato,
1604 1043 1739 1121 aurifa-
1837 1012 1902 1056 Μ’

316 1181 447 1270 hrum,
463 1179 642 1256 scolarem
660 1177 924 1268 Parisiensem,
940 1205 983 1253 ex
999 1176 1130 1266 altera,
1144 1205 1257 1284 super
1273 1205 1320 1254 eo
1333 1177 1441 1284 quod
1454 1176 1602 1254 dicebat
1617 1175 1739 1252 dictus
1756 1238 1762 1251 .

318 1312 509 1389 lohannes
521 1310 641 1418 quod,
658 1311 837 1415 cumipse
851 1326 948 1386 esset
961 1325 999 1386 et
1012 1308 1077 1386 diu
1089 1307 1220 1386 suisset
1231 1309 1270 1385 in
1284 1308 1417 1386 saisina
1429 1307 1623 1416 cujusdam
1635 1305 1741 1414 pecie

256 1438 262 1448 ’
318 1459 418 1520 terre
442 1440 591 1518 arabilis
610 1439 679 1517 site
700 1441 740 1515 in
756 1438 1023 1548 jurisdiccione
1045 1439 1134 1515 dicti
1155 1438 1351 1545 prepositi,
1374 1438 1497 1515 dictus
1514 1437 1741 1544 prepositus,

320 1573 399 1650 sine
420 1601 529 1649 cause
550 1570 767 1679 cognicione
789 1587 827 1646 et
846 1569 946 1646 dicto
965 1570 1136 1647 Johanne
1153 1597 1230 1646 non
1248 1586 1395 1658 vocato,
1424 1568 1562 1645 dictam
1587 1584 1742 1658 terram,

321 1734 408 1781 cum
427 1702 613 1781 fructibus
628 1702 772 1779 ibidem
793 1700 1053 1789 existentibus,
1076 1700 1124 1776 ad
1144 1700 1366 1778 instanciam
1389 1699 1477 1777 dicti
1497 1698 1657 1788 Mathei,
1674 1696 1746 1774 sai·

321 1836 469 1925 siverat,
488 1835 587 1912 etad
603 1860 758 1909 manum
775 1831 864 1908 dicti
883 1831 1046 1937 episcopi
1064 1848 1256 1937 posuerat,
1274 1830 1398 1937 ipsum
1415 1829 1604 1907 turbando
1618 1828 1658 1906 in
1676 1827 1746 1906 sai·

320 1965 399 2041 sina
418 1964 584 2070 predicta
605 1961 774 2039 indebite
797 1974 834 2036 et
854 1959 901 2037 de
921 1988 1037 2048 nov0,
1057 1987 1174 2068 quare
1198 1961 1350 2068 petebat
1369 1960 1507 2036 dictam
1531 1988 1687 2036 manum
1707 1975 1747 2036 et

322 2095 639 2202 impedimentum
659 2093 870 2200 predictum
892 2091 1077 2184 amoveri,
1095 2091 1196 2168 dicto
1216 2093 1368 2169 Matheo
1383 2090 1423 2168 in
1438 2091 1668 2169 contrarium
1688 2118 1747 2167 as-

323 2243 468 2304 serente
489 2227 629 2302 dictam
649 2241 787 2300 terram
808 2222 1016 2327 adipsum,
1035 2224 1139 2328 justo
1158 2221 1287 2311 titulo,
1309 2222 1514 2328 pertinere,
1539 2239 1577 2299 et
1594 2238 1746 2328 petente

325 2360 462 2436 dictam
479 2374 618 2434 terram
639 2355 709 2430 sibi
729 2352 946 2442 deliberari,
965 2370 1019 2442 et,
1041 2352 1185 2460 dejure
1202 2381 1290 2442 suo,
1307 2353 1467 2459 inquiri,
1480 2355 1585 2463 juxta
1600 2352 1749 2459 privile-

325 2491 429 2598 gium
448 2487 649 2564 scolarium
664 2484 946 2574 Parisiensium,
964 2485 1166 2560 summarie
1184 2500 1221 2560 et
1241 2484 1289 2559 de
1303 2483 1433 2589 plano,
1453 2484 1548 2560 facta
1562 2485 1678 2592 igitur
1693 2484 1750 2559 in·
1771 2481 1779 2497 ⁴

325 2635 458 2726 questa
475 2645 588 2725 super
608 2615 814 2722 premissis,
834 2641 902 2719 per
917 2613 1007 2690 dicti
1030 2613 1208 2720 prepositi
1224 2612 1429 2722 judicium,
1444 2614 1517 2692 fuit
1527 2616 1751 2721 pronuncia-

326 2769 425 2841 tum,
450 2778 536 2827 cum
553 2749 747 2824 inventum
767 2744 882 2821 fuerit
902 2744 1046 2822 dictum
1064 2746 1293 2833 Johannem,
1312 2762 1483 2852 tempore
1503 2745 1752 2853 opposicionis

328 2882 426 2958 dicte
445 2908 594 2969 manus,
612 2905 691 2954 esse
708 2877 746 2952 in
760 2877 994 2984 possessione
1010 2875 1108 2953 dicte
1123 2893 1239 2968 terre,
1256 2904 1411 2953 manum
1429 2877 1593 2984 episcopi
1607 2877 1752 2954 ibidem

328 3013 532 3120 appositam
557 3010 697 3088 debere
719 3008 808 3084 inde
835 3008 1014 3098 amoveri,
1044 3026 1082 3085 et
1105 3006 1243 3085 dictam
1268 3005 1440 3085 saisinam
1460 3026 1563 3086 terre
1584 3009 1752 3114 predicte

294 3205 296 3208 Α
330 3144 432 3220 dicto
454 3140 617 3219 Johanni
646 3137 785 3217 debere
814 3136 1032 3227 deliberari,
1059 3137 1170 3226 salva,
1200 3166 1314 3242 super
1337 3137 1424 3228 hoc,
1452 3138 1553 3217 dicto
1579 3141 1751 3231 Matheo,

330 3274 528 3380 questione
547 3268 807 3377 proprietatis,
827 3297 847 3342 a
864 3297 942 3375 quo
956 3267 1126 3374 judicato
1148 3269 1271 3345 dictus
1291 3269 1463 3347 Matheus
1488 3272 1754 3348 emendamen-

329 3419 413 3480 tum
429 3402 554 3480 ballivi
571 3399 735 3507 episcopi
751 3397 910 3504 predicti
922 3397 1051 3504 peciit,
1070 3397 1138 3503 qui
1150 3397 1308 3475 ballivus
1323 3399 1550 3476 sentenciam
1566 3400 1654 3478 dicti
1669 3431 1756 3508 pre-

330 3533 460 3640 positi,
473 3529 735 3641 perjudicium
747 3557 876 3617 suum,
890 3526 1140 3618 confirmavit,
1153 3557 1174 3603 a
1186 3556 1262 3634 quo
1268 3527 1455 3635 judicato,
1469 3545 1649 3636 tanquam
1663 3531 1755 3638 falso

333 3683 370 3742 et
382 3691 510 3770 pravo,
527 3663 647 3740 dictus
660 3661 835 3739 Matheus
849 3659 897 3735 ad
909 3675 1072 3736 nostram
1087 3659 1230 3736 curiam
1244 3659 1462 3765 appellavit:
1478 3659 1626 3754 Auditis
1643 3663 1757 3768 igitur

333 3795 443 3873 dictis
456 3794 643 3900 partibus,
658 3792 698 3869 in
717 3792 817 3869 dicta
833 3817 941 3868 causa
954 3789 1236 3899 appellacionis,
1256 3789 1418 3897 visisque
1439 3792 1678 3898 processibus
1697 3822 1758 3872 co-

334 3956 413 4002 ram
436 3925 544 4003 dictis
560 3924 751 4031 preposito
766 3939 806 3998 et
818 3922 956 4000 ballivo
971 3921 1076 4000 sactis
1090 3939 1127 4000 et
1138 3922 1296 4011 habitis,
1311 3950 1381 4028 per
1396 3925 1499 4014 curie
1515 3940 1642 4002 nostre
1656 3926 1760 4033 judi·

337 4059 454 4146 cium,
477 4055 622 4132 dictum
648 4052 721 4130 suit
745 4052 888 4130 dictum
913 4051 1092 4130 ballivum
1120 4052 1218 4130 bene
1237 4051 1424 4159 judicasse
1450 4072 1488 4132 et
1512 4055 1654 4132 dictum
1682 4057 1759 4135 Ma·

336 4187 468 4265 theum
488 4183 587 4262 male
607 4182 829 4290 appellasse,
854 4199 892 4258 et
911 4183 1017 4288 quod
1036 4183 1116 4289 ipse
1136 4183 1209 4259 hoc
1229 4182 1457 4260 emendabit.

394 4315 569 4397 Mercurii
589 4331 673 4390 ante
692 4313 842 4390 Pascha.

394 4450 494 4554 Roya
514 4443 727 4552 reportavit.

396 4710 501 4788 LVll.
534 4710 631 4788 Cum
649 4708 807 4786 ballivus
823 4708 1083 4788 Ambianensis
1102 4709 1292 4817 quandam
1309 4710 1536 4817 inquestam,
1554 4737 1623 4816 per
1641 4726 1769 4808 certos¹

340 4841 615 4918 commissarios
625 4841 671 4918 ab
686 4868 731 4918 eo
747 4840 958 4947 deputatos,
974 4869 1087 4948 super
1098 4841 1328 4949 quibusdam
1344 4842 1507 4950 injuriis,
1522 4841 1715 4918 violenciis
1726 4857 1764 4917 et

343 4971 551 5049 excessibus
566 5000 662 5080 quos
677 4972 792 5051 abbas
810 4990 848 5051 et
860 4989 1065 5050 conventus
1080 4973 1381 5053 Sancti-Richarii
1394 4973 1654 5052 Ambianensis
1672 4971 1764 5081 dyo·

342 5102 435 5180 cesis
457 5129 526 5208 per
548 5102 755 5180 Robertum
776 5103 823 5180 de
845 5104 1073 5211 Pinquegni,
1100 5102 1275 5195 militem,
1298 5123 1337 5184 et
1355 5105 1537 5214 quosdam
1564 5103 1657 5181 alios
1676 5129 1764 5178 suos

429 5282 481 5322 res
503 5279 587 5324 omn.
604 5281 650 5321 ιιι.
1618 5281 1654 5341 7¹
