4450 6209
502 692 577 762 290
1079 690 1171 761 LES
1202 688 1342 762 OLIM.

276 833 406 887 P¹¹¹t¹⁹⁹¹
422 834 464 899 tv,
500 832 601 922 tatis,
615 832 701 909 visis
719 850 758 909 et
776 831 979 938 diligenter
991 831 1222 923 examinatis,
1236 858 1303 937 per
1317 831 1436 939 ipsius
1449 831 1552 911 curie
1573 847 1698 909 nostre
1714 828 1918 936 judicium,

339 927 401 969 Μ’
503 964 645 1040 dictum
672 962 743 1040 luit
762 963 976 1069 predictum
1001 961 1247 1041 domicellum
1276 963 1375 1042 mele
1402 962 1690 1071 pronunciasse,
1716 977 1754 1040 et
1780 958 1921 1037 dietum

501 1095 712 1172 iohannem
744 1093 842 1170 bene
870 1111 907 1171 et
930 1094 1114 1202 legittime
1139 1093 1377 1183 reclamasse,
1407 1110 1445 1173 et
1470 1093 1607 1171 dietam
1632 1090 1835 1171 factionem
1859 1117 1921 1167 seu

502 1242 716 1313 teneuram,
742 1241 856 1328 prout
874 1223 914 1299 in
930 1223 1063 1302 libello
1084 1223 1182 1301 dicte
1208 1202 1490 1303 reclamacionis
1507 1220 1778 1311 condensatur,
1800 1220 1920 1299 eidem

502 1353 663 1431 iohanni
683 1353 956 1434 restituendam
982 1384 1062 1433 esse
1082 1384 1169 1432 curn
1189 1354 1374 1434 fructibus
1397 1355 1547 1435 adietis
1567 1354 1642 1434 reis
1660 1352 1748 1433 inde
1772 1380 1921 1459 percep

501 1486 759 1591 tisatempore
772 1485 1054 1563 reclamacionis
1063 1486 1248 1591 predicte,
1263 1504 1316 1576 et,
1331 1514 1399 1594 per
1411 1486 1514 1563 idern
1523 1485 1714 1593 judicium
1726 1483 1922 1589 condemp

503 1616 580 1691 nati
589 1613 745 1693 fuerumt
754 1617 845 1693 dicti
854 1616 910 1693 rei
921 1617 969 1693 ad
979 1616 1222 1695 reddendum
1232 1617 1357 1695 eidem
1364 1617 1522 1697 iohanni
1535 1616 1806 1724 quinquaginta
1814 1616 1922 1695 libras

504 1746 788 1824 Turonensium
805 1745 1013 1840 herenam,
1033 1775 1104 1853 pro
1126 1747 1297 1855 dnnpnis
1316 1749 1394 1827 suis
1410 1746 1600 1855 predictis.

561 1877 661 1953 Jovis
675 1893 761 1981 post
778 1876 1042 1955 Candelosem.

561 2010 663 2114 Roya
681 1993 896 2113 reportavit'.

562 2270 671 2350 XXV.
702 2270 826 2377 Super
838 2298 884 2349 eo
895 2272 1000 2379 quod
1009 2271 1208 2365 Ysabellis,
1222 2272 1378 2350 domina
1391 2273 1438 2353 de
1453 2272 1574 2361 Eseri,
1586 2272 1690 2351 curie
1702 2290 1830 2353 nostre
1846 2301 1925 2353 eou-

506 2419 636 2508 questa
653 2400 775 2481 luerat
795 2402 900 2509 quod
919 2402 960 2478 in
978 2403 1096 2509 ipsius
1119 2404 1373 2512 prejudicium
1397 2404 1529 2511 major,
1549 2402 1691 2483 sntbini
1711 2420 1751 2481 at
1764 2432 1925 2483 eommu-

507 2533 603 2610 nitaa
622 2532 721 2610 dicte
740 2532 828 2612 ville
845 2551 911 2613 aut
928 2535 1050 2642 major
1068 2564 1203 2613 eorum
1217 2564 1320 2641 pars,
1337 2535 1518 2642 quasdem
1537 2564 1682 2645 grossas
1702 2553 1742 2613 et
1759 2535 1926 2641 antiquus

507 2663 677 2753 arbores,
693 2664 791 2741 eima
808 2683 971 2743 menum
991 2694 1104 2743 suum
1126 2665 1174 2743 de
1193 2666 1296 2743 Eseri
1313 2665 1531 2756 existentes,
1548 2665 1756 2755 maliciose,
1778 2664 1873 2743 elem
1891 2682 1927 2745 et

508 2794 555 2871 de
574 2812 686 2873 noete
706 2794 892 2873 sciderant
911 2812 952 2873 et
968 2824 1096 2874 secum
1116 2813 1372 2901 portaverantr
1387 2797 1473 2877 Visa
1492 2798 1667 2903 inquesta
1685 2797 1734 2877 de
1753 2798 1925 2879 mandato

507 2924 609 3000 curie
628 2941 755 3001 nosue
773 2924 885 3017 facta,
909 2926 1048 3004 dictam
1071 2928 1282 3033 inquestum
1301 2944 1456 3033 propter
1476 2927 1617 3007 multos
1641 2926 1809 3009 delectus
1829 2928 1868 3005 iu
1886 2954 1926 3005 ea

507 3071 692 3158 repertos,
707 3055 811 3133 ouria
825 3074 951 3135 nestra
966 3084 1043 3135 non
1054 3058 1253 3164 judicavit,
1269 3058 1388 3137 immo
1401 3059 1571 3165 precepit
1583 3059 1705 3165 quod,
1722 3086 1834 3164 super
1846 3084 1926 3137 con-

507 3185 624 3263 tentis
641 3185 682 3261 in
700 3185 966 3267 commissione
975 3216 1168 3295 perquam
1177 3187 1272 3267 lacta
1286 3189 1360 3266 fnit
1376 3190 1475 3269 dicta
1492 3190 1681 3297 inqneeta‚
1694 3189 1727 3269 si
1743 3190 1816 3271 hoe
1831 3188 1926 3267 dicta

507 3316 659 3393 domina
676 3317 853 3423 prosequi
869 3318 1045 3407 voluerit,
1065 3318 1203 3397 voeatis
1220 3320 1404 3426 partibus,
1422 3320 1553 3399 iterato
1568 3321 1702 3403 veritas
1715 3320 1926 3426 inquiretur

507 3446 685 3525 adfinem
700 3448 860 3526 civilem.
1040 3425 1046 3435 .

565 3578 667 3657 lovis
677 3579 857 3685 predicta.

564 3708 690 3785 Monoi
709 3710 921 3813 reportavit.

563 3969 688 4048 XXVI.
720 3970 818 4048 Cum
836 3988 993 4077 propter
1011 3973 1255 4079 quamplures
1276 3976 1556 4057 inobedieneias
1574 4006 1666 4084 qius
1683 3977 1834 4057 diceba
1850 3977 1927 4057 bul·

509 4099 604 4177 livus
622 4100 800 4180 Artemie
819 4100 892 4180 sibi
912 4120 950 4180 et
969 4104 1051 4211 ejus
1069 4106 1319 4185 servientibus
1332 4106 1446 4186 factas
1463 4109 1577 4187 fuisse
1596 4134 1665 4215 per
1678 4108 1927 4217 Guillelmum

508 4229 687 4336 Delphini
703 4230 753 4308 de
768 4229 962 4323 Arvernia,
977 4234 1179 4313 dominum
1195 4238 1304 4315 castri
1325 4239 1372 4317 de
1388 4241 1701 4348 Monte-Rugum,
1718 4268 1787 4321 seu
1801 4258 1929 4348 gentes

507 4362 642 4467 ipsius,
654 4362 759 4446 idem
775 4362 936 4445 ballivus
954 4383 1118 4445 castrum
1133 4368 1346 4474 predictum
1365 4371 1413 4447 ad
1431 4400 1586 4453 manum
1605 4388 1772 4451 nostram
1786 4373 1930 4479 posuis·

507 4509 581 4581 set,
599 4492 720 4571 dictus
739 4493 968 4574 Guillelmus
987 4498 1174 4602 predictas
1196 4499 1491 4591 inobediendia,
1509 4520 1696 4608 quatenus
1719 4502 1930 4583 inveniren-

506 4640 569 4698 tur
593 4649 673 4701 eese
698 4623 809 4713 facte,
835 4624 946 4704 nobis
971 4628 1185 4706 emendavit
1207 4660 1214 4705 :
1235 4630 1427 4724 Tandem,
1447 4660 1561 4738 super
1581 4633 1691 4711 dietis
1714 4634 1930 4714 inobedien

507 4752 590 4843 ciis,
606 4753 653 4831 de
672 4754 851 4833 mandato
870 4774 1015 4847 nostro,
1029 4759 1170 4837 voeatis
1189 4761 1377 4867 partibus,
1393 4762 1571 4870 inquisitu
1590 4764 1739 4871 plenius
1758 4764 1925 4855 veritate,

507 4899 545 4959 et
567 4882 740 4990 inquesta
759 4913 871 4990 super
885 4887 959 4965 hoc
977 4885 1073 4966 faeta
1090 4890 1167 4969 visa
1187 4908 1227 4969 et
1240 4891 1443 4999 diligenter
1463 4894 1686 4983 examinata,
1704 4894 1806 4974 idern
1825 4894 1929 4975 Guil-

506 5010 659 5102 lelmus,
674 5031 828 5120 propter
845 5016 1124 5099 inobediencies
1135 5020 1338 5127 predictas,
1355 5024 1395 5099 in
1414 5024 1613 5103 emendam
1632 5026 1923 5132 quingentarum
