4450 6209
765 725 1028 830 saoneres
1053 741 1116 814 sr
1144 721 1347 814 rnoons.
1690 743 1761 814 aar

384 845 613 968 ¹Voluerunt
626 882 731 989 quod
744 885 775 959 J.
790 883 837 960 de
852 885 952 990 Roya
969 881 1149 972 mittatur,
1170 882 1234 988 qui
1253 882 1454 988 reportavit
1472 897 1509 958 et
1525 879 1638 959 habet
1657 837 1764 960 istam
1805 892 1854 948 ¹²⁸1

345 1021 569 1125 inquestam.
1526 1037 1531 1044 ·
1616 1015 1622 1030 '

405 1146 567 1227 Sabbato
588 1145 765 1255 predicta.
789 1251 793 1258 Ι

404 1409 528 1491 XVIII.
560 1407 658 1486 Cum
678 1406 907 1487 Guillelmus
931 1407 979 1484 de
1002 1405 1261 1515 Grandelayn‚
1284 1407 1446 1484 serviens
1470 1425 1598 1486 noster
1618 1407 1666 1485 de
1686 1408 1771 1488 Cal-

349 1541 469 1628 viaco,
490 1565 559 1645 per
577 1537 821 1645 inquisitores
841 1563 954 1644 super
966 1537 1153 1616 officiale
1174 1555 1324 1617 nostros
1348 1538 1387 1616 in
1407 1537 1553 1616 ballivis
1572 1541 1771 1618 Viroman-

351 1670 455 1748 densi
470 1688 563 1748 tunc
577 1669 778 1775 deputatos
794 1669 959 1755 anobis,
975 1668 1015 1744 in
1032 1667 1207 1776 pluribus
1223 1669 1467 1774 pecuniarum
1485 1669 1644 1747 summis
1662 1670 1772 1749 nobis

350 1817 387 1878 et
406 1799 577 1907 pluribus
596 1800 782 1912 personis,
804 1826 878 1906 que
900 1799 948 1875 de
965 1798 1048 1904 ipso
1066 1816 1270 1905 conqueste
1290 1799 1454 1890 fuerant,
1476 1799 1772 1907 condempnatus

349 1931 496 2019 luisset,
514 1931 647 2036 etipse
666 1947 811 2035 postea,
828 1956 943 2035 super
957 1930 1031 2006 hoc
1045 1956 1298 2035 conquerens,
1315 1930 1355 2006 in
1373 1929 1477 2007 curia
1493 1946 1619 2010 nostra
1636 1957 1773 2039 propo-

351 2061 485 2139 suisset
503 2060 608 2166 quod
632 2058 720 2137 dicti
745 2058 987 2165 inquisitores
1010 2061 1091 2168 ejus
1112 2060 1233 2138 bonas
1257 2059 1510 2149 defensiones,
1533 2089 1625 2168 quas
1647 2089 1773 2140 coram

352 2189 405 2267 eis
424 2203 668 2296 proposuerat
687 2205 725 2266 et
744 2216 783 2264 se
807 2216 868 2267 eas
887 2189 1074 2267 obtulerat
1092 2188 1276 2299 legittime
1296 2189 1562 2297 probaturum,
1584 2190 1717 2269 audire
1736 2211 1774 2271 et

352 2319 550 2398 admittere
564 2335 842 2410 recusaverant,
862 2318 1059 2423 requirens
1082 2319 1153 2396 sibi
1174 2347 1288 2426 super
1306 2319 1379 2398 hoc
1397 2321 1605 2428 provideri,
1627 2351 1772 2429 nosque
1842 2423 1846 2428 ‚

352 2449 487 2528 ballivo
494 2447 782 2528 Viromandensi
792 2447 1089 2537 mandassemus,
1100 2450 1217 2527 dictas
1228 2449 1465 2528 defensiones
1477 2451 1602 2528 eidem
1612 2452 1682 2530 sub
1693 2479 1775 2530 nos·

351 2599 412 2659 tro
430 2578 571 2658 clausas
590 2578 858 2685 contra-sigillo
875 2578 1083 2667 mittentes,
1103 2595 1148 2655 ut
1166 2579 1244 2685 ipse
1265 2578 1466 2686 diligenter
1485 2579 1701 2687 inquireret
1712 2611 1774 2660 ve·

351 2713 519 2802 ritatem,
531 2712 562 2787 si
577 2709 700 2787 dictus
713 2706 942 2786 Guillelmus
953 2735 1077 2785 coram
1089 2707 1269 2812 predictis
1281 2707 1568 2815 inquisitoribus
1582 2710 1699 2788 dictas
1711 2711 1775 2790 de·

352 2842 543 2920 sensiones
564 2854 811 2947 proposuerat
836 2855 875 2914 et
893 2865 955 2915 eas
977 2835 1166 2916 obtulerat
1189 2865 1227 2916 se
1246 2838 1430 2945 legittime
1448 2839 1715 2946 probaturum,
1739 2861 1777 2920 et

354 2975 384 3051 si
405 2973 476 3080 ipsi
497 3000 558 3051 eas
576 2971 775 3048 admittere
794 2986 1067 3059 recusaverant,
1087 2985 1125 3046 et
1144 2986 1270 3046 utrum
1293 2989 1417 3049 essent
1434 2997 1518 3048 vere
1540 2970 1776 3052 detensiones

353 3105 539 3212 predicte,
561 3102 685 3179 dictus
703 3129 791 3180 vero
809 3099 987 3187 ballivus,
1014 3099 1072 3176 cui
1092 3127 1207 3204 super
1230 3099 1304 3176 hoc
1322 3100 1523 3207 specialem
1543 3104 1776 3181 commissio-

355 3263 443 3312 nem
462 3234 684 3322 leceramus,
701 3232 784 3339 ejus
803 3231 852 3308 ad
872 3231 947 3308 hoc
961 3230 1185 3306 industriam
1204 3229 1395 3337 eligendo,
1412 3231 1623 3339 inquestam
1644 3233 1776 3341 hujus·

287 3382 291 3386 '
356 3364 462 3444 modi
476 3354 663 3443 commisit
676 3360 980 3440 aliislaciendam
997 3391 1005 3433 ε
1025 3360 1112 3439 Visa
1127 3360 1252 3468 igitur,
1270 3387 1338 3465 per
1354 3361 1494 3438 curiam
1511 3379 1696 3452 nostram,
1719 3365 1777 3440 in-

356 3514 486 3604 questa
495 3494 785 3603 predicta,ipsa,
798 3491 1114 3599 percnrienostre
1121 3489 1410 3598 judicium,luit
1421 3491 1588 3570 totaliter
1596 3494 1775 3584 anullata,

357 3645 396 3706 et
413 3629 444 3704 si
466 3627 588 3704 dictus
606 3623 834 3706 Guillelmus
858 3624 975 3701 dictas
995 3621 1236 3702 detensiones
1259 3649 1343 3700 suas
1363 3622 1541 3728 prosequi
1560 3623 1720 3703 voluerit
1741 3643 1779 3703 et

355 3760 515 3864 psubare
535 3755 633 3834 infra
656 3756 797 3834 instans
821 3754 1116 3861 parlamentum,
1146 3751 1338 3830 dabuntur
1364 3752 1436 3829 sibi
1461 3752 1668 3846 auditores,
1690 3756 1775 3861 qui,

356 3890 493 3966 vocatis
510 3885 723 3978 evocandis,
744 3884 989 3993 probaciones
1007 3912 1093 3963 suas
1111 3883 1312 3989 recipient,
1334 3883 1488 3989 prestita
1507 3883 1611 3990 prius
1629 3883 1777 3992 ydonee

358 4020 531 4097 cautione
549 4049 572 4094 a
591 4017 693 4095 dicto
715 4016 920 4096 Guillelmo
940 4018 988 4094 de
1008 4016 1117 4093 dictis
1136 4013 1546 4120 condempnacionibus
1570 4015 1777 4094 reddendis

360 4151 388 4228 si
401 4149 627 4228 succumbat
645 4149 685 4224 in
706 4176 829 4237 causa,
852 4147 1019 4255 alioquin
1043 4145 1110 4224 liet
1130 4145 1305 4224 eaecucio
1325 4164 1454 4224 contra
1473 4146 1597 4252 ipsum
1619 4145 1669 4222 de
1688 4174 1779 4224 con-

362 4279 698 4386 dempnacionibus
717 4277 944 4354 antedictis..

417 4409 580 4488 Sabbato
599 4425 686 4486 ante
705 4407 941 4486 Nativitatem
962 4393 1129 4484 Domini.¹

419 4539 577 4620 Cuillier
594 4538 815 4646 reportavit.

383 4834 391 4846 ·
417 4785 512 4862 XIX
541 4785 634 4865 Oeta
649 4782 945 4863 discordiainter
955 4782 1167 4862 Iohannem
1184 4783 1230 4860 de
1242 4781 1398 4889 Chauny
1408 4799 1447 4860 et
1460 4783 1541 4891 ejus
1554 4809 1727 4874 uxorem,
1740 4812 1784 4862 ex

365 4941 440 4990 una
454 4931 579 5020 parte,
595 4931 634 4992 et
651 4915 834 5023 majorem
851 4931 889 4991 et
903 4915 1049 5022 juratos
1065 4913 1152 4992 ville
1168 4912 1446 5002 Lauduncnsis,
1462 4941 1505 4992 ex
1523 4912 1654 5001 altera,
1669 4941 1785 5018 super

365 5045 586 5124 vendicione
605 5045 794 5124 bonorum
815 5046 1007 5153 Majorisse
1025 5043 1074 5122 de
1088 5043 1258 5124 Vallibus
1278 5063 1315 5124 et
1332 5044 1484 5152 locegiis
1501 5043 1700 5152 cujusdam.
1717 5042 1786 5121 do-

1856 909 1934 948 mare
1946 893 1988 956 lv,

1867 986 1929 1028 reor.
