4450 6209
762 753 1037 863 nucusrss
1062 769 1128 844 nr
1154 751 1364 847 Pnocts.
1699 775 1776 848 asi

347 917 575 994 conveniens
594 932 633 992 et
651 943 818 994 securus.
839 916 953 1006 Item,
976 941 1062 992 oum
1091 913 1181 992 dicti
1200 913 1367 1024 religiosi
1390 913 1560 991 dicerent
1576 940 1622 994 se
1641 939 1722 992 esse
1743 917 1783 1002 iu
1821 922 2007 996 Pluuutv.

349 1047 482 1125 saisina
503 1047 657 1156 justicie
680 1048 875 1126 districtus
898 1046 1023 1124 insule
1042 1046 1211 1153 predicte
1243 1047 1292 1125 de
1317 1038 1701 1154 estra'forisburgos,
1729 1047 1783 1125 fu-
1884 1021 1947 1066 ‘³⁰⁴'

346 1197 431 1257 tuas
458 1179 641 1260 mulieres
666 1180 811 1258 ibidem
843 1178 1048 1287 capiendo,
1078 1178 1245 1288 fugando
1276 1196 1315 1258 et
1342 1171 1672 1287 imprisionando,
1690 1177 1782 1260 dicti

347 1313 478 1422 major,
502 1313 621 1421 jurati
646 1329 686 1392 et
713 1312 1056 1419 communia-ipsos
1081 1307 1344 1418 impediebant
1371 1311 1412 1388 in
1436 1311 1577 1389 saisina·
1594 1305 1671 1389 sua
1695 1338 1781 1420 pne·

349 1444 462 1535 dicta,
483 1461 529 1522 ut
546 1443 740 1537 dicebant,
761 1445 945 1553 capiendo
965 1473 1033 1522 seu
1052 1443 1135 1552 cupi
1154 1442 1328 1522 faciendo
1352 1444 1392 1520 in
1414 1444 1585 1522 districtu
1607 1446 1780 1552 predicto

347 1578 465 1655 dictas
483 1576 604 1671 fatuas
630 1575 831 1668 mulieres,
856 1592 1107 1685 peterentque
1133 1575 1223 1653 dicti
1246 1575 1415 1684 religiosi
1443 1576 1591 1661 dictum
1620 1577 1797 1684 impedi-¹

347 1726 520 1790 mentum
547 1711 732 1802 amoveri,
764 1725 804 1789 et
828 1741 894 1790 eos
919 1711 959 1788 in
982 1711 1117 1788 saisina
1140 1710 1309 1817 predicta
1333 1710 1487 1817 pacifice
1500 1712 1650 1803 teneri,
1671 1712 1782 1791 dictis

348 1843 510 1951 majore,
524 1845 661 1954 juratis
682 1861 722 1922 et
741 1843 958 1922 communia
979 1842 1213 1921 contrariam
1236 1841 1491 1921 asserentibus
1512 1859 1550 1920 et
1563 1843 1783 1950 petentibus

348 1973 394 2050 ab
409 1974 631 2082 hujusmodi
647 2003 688 2052 se
703 1973 864 2052 absolvi:
880 1975 956 2052 Per
964 1973 1069 2051 idem
1080 1974 1289 2082 judicium,
1308 1973 1454 2052 dictum
1472 1971 1544 2051 fuit
1559 1971 1681 2053 dictos
1692 1973 1781 2052 reli-

346 2104 470 2211 giosos
493 2105 747 2184 remanendos
776 2106 817 2182 in
845 2105 979 2185 saisina
1006 2105 1197 2213 capiendi,
1228 2104 1384 2214 fugandi
1414 2123 1454 2184 et
1479 2106 1709 2214 expellendi,
1741 2106 1781 2184 in

348 2235 521 2314 districtu
539 2264 608 2315 suo
632 2237 823 2344 predicto,
855 2237 974 2316 dictas
1000 2236 1120 2314 fatuas
1142 2235 1334 2316 mulieres.
1364 2234 1465 2314 Dieti
1491 2255 1621 2315 tamen
1647 2238 1780 2346 major,

341 2367 457 2474 jurati
478 2386 517 2445 et
536 2368 752 2447 comunis
766 2371 1022 2450 remanebunt
1035 2371 1077 2448 in
1095 2370 1230 2449 saisina
1248 2371 1437 2479 capiendi,
1459 2372 1614 2481 fugandi
1629 2373 1781 2452 easdem

349 2499 396 2575 de
414 2515 494 2577 tota
513 2501 731 2579 communia
748 2501 935 2609 predicta,
957 2499 1050 2580 siin
1069 2501 1142 2580 hec
1160 2503 1404 2609 provenerint
1422 2501 1617 2611 religiosos
1635 2504 1782 2611 predio-

345 2647 416 2708 tos
440 2633 557 2723 ltem,
580 2661 668 2710 curn
687 2633 780 2711 dicti
797 2633 964 2745 religiosi
990 2633 1164 2712 dicerent
1189 2659 1229 2711 se
1252 2661 1332 2713 esse
1351 2634 1392 2710 in
1412 2635 1548 2712 saisina
1560 2635 1782 2745 justiciandi

347 2761 549 2842 familiares
577 2791 668 2844 mos
698 2764 880 2844 cubantes
909 2783 949 2843 et
976 2765 1142 2845 levantes
1171 2763 1267 2843 infra
1290 2758 1476 2844 terminos
1501 2767 1601 2844 dicte
1626 2765 1781 2848 abbacie

346 2921 437 2983 sne,
463 2911 502 2973 et
525 2894 631 3004 qnod
655 2895 747 2974 dicti
773 2897 895 3006 major
919 2914 959 2974 et
978 2897 1096 3006 jurati
1114 2898 1272 2976 eosdem
1299 2895 1560 3005 impediebant
1585 2897 1625 2975 in
1647 2898 1782 2980 saisina

346 3025 535 3132 predicta,
556 3027 792 3136 adjornando
814 3045 854 3106 et
868 3025 1088 3108 banniendo
1107 3025 1313 3108 familiares
1333 3057 1422 3109 suus
1442 3029 1651 3138 predictos,
1677 3049 1782 3138 pete·

346 3173 507 3267 rentque
536 3159 629 3236 dicti
655 3159 824 3270 religiosi
856 3160 1003 3239 dictum
1032 3160 1352 3267 impedimentum
1384 3163 1574 3251 moveri,
1605 3164 1780 3271 dictaque

346 3291 678 3399 adjornamentum
703 3309 742 3370 et
765 3292 935 3370 bannum
954 3321 1025 3399 pro
1044 3291 1162 3370 nullis
1185 3292 1445 3400 pronunciari,
1468 3309 1565 3370 etse
1585 3293 1625 3369 in
1647 3295 1780 3372 saisina

346 3423 517 3529 predicta
531 3423 687 3531 pacifice
700 3423 842 3518 teneri3
862 3425 1023 3532 majore,
1039 3424 1176 3533 juratis
1196 3441 1235 3502 et
1254 3425 1471 3502 communia
1491 3423 1670 3531 predictis
1689 3451 1780 3503 con-

346 3556 506 3633 trarium
524 3555 794 3650 asserentibus,
823 3573 862 3634 et
882 3556 1105 3664 petentibus
1124 3555 1426 3665 ajornamentum
1448 3553 1781 3665 et-bannumpre·

348 3687 449 3765 dicta
461 3688 584 3766 teneri
600 3682 614 3766 i
630 3688 821 3767 Paridem
833 3687 1041 3797 judicium,
1057 3686 1223 3766 absoluti
1239 3687 1395 3765 fuerimt
1410 3687 1501 3766 dicti
1518 3689 1648 3796 major,
1663 3689 1780 3798 jurrti

348 3837 388 3896 et
414 3822 632 3898 communia
661 3820 710 3899 ab
732 3820 955 3931 hujusmodi
985 3819 1175 3929 peticione
1205 3819 1471 3930 religiosorum
1499 3820 1777 3928 predictorum,

347 3951 446 4029 salva
462 3950 573 4030 dictis
590 3951 776 4060 religiosis
794 3951 972 4032 libertate
989 3981 1058 4033 seu
1076 3952 1320 4030 immunitate
1339 3950 1632 4061 confugencium
1649 3954 1698 4031 ad
1718 3981 1780 4032 ec·

348 4081 498 4162 clesiam
523 4101 563 4163 et
586 4084 725 4163 atrium
747 4085 984 4164 eorumdem.
1006 4082 1119 4178 ltem,
1137 4111 1223 4163 cum
1247 4083 1337 4163 dicti
1357 4083 1533 4194 religiosi
1549 4083 1719 4163 dicerent
1739 4113 1778 4166 se

349 4243 430 4293 esse
449 4217 490 4294 in
508 4217 645 4294 saisina
663 4215 873 4325 recipiendi
891 4233 931 4294 et
948 4215 1097 4312 levandi
1122 4245 1192 4325 per
1210 4231 1337 4294 toturn
1360 4216 1571 4294 districtim
1598 4217 1699 4295 dicte
1719 4219 1779 4295 in-

347 4345 447 4441 sule,
469 4348 518 4426 ab
535 4347 611 4427 hiis
625 4349 691 4456 qui
705 4347 877 4429 vendunt
894 4348 1039 4427 ibidem
1056 4375 1201 4426 merces
1216 4373 1281 4425 seu
1301 4347 1510 4426 denariatas
1524 4348 1564 4435 in
1581 4349 1696 4427 stallis
1712 4375 1778 4428 seu

348 4479 538 4571 fenestris,
556 4481 725 4590 quinque
741 4481 916 4560 denarios
930 4478 1104 4589 quolibet
1119 4507 1241 4570 anno,
1259 4478 1450 4568 videlicet,
1468 4481 1508 4556 in
1524 4479 1620 4558 festo
1636 4482 1780 4559 Sancti-

348 4612 509 4722 Remigii
528 4629 606 4692 tres
628 4614 826 4708 denarios,
847 4613 888 4690 in
907 4612 1105 4692 Nativitate
1124 4611 1279 4693 Domini
1300 4639 1421 4688 unum
1443 4612 1659 4703 denarium,
1681 4626 1721 4690 et
1739 4613 1778 4690 in

347 4743 527 4823 Pascbate
543 4773 674 4848 unum,
686 4743 905 4836 denarium,
928 4762 968 4822 et
985 4743 1161 4852 gagiendi
1182 4739 1404 4821 deficientes
1421 4743 1461 4820 in
1481 4743 1674 4822 solucione
1687 4771 1780 4852 ‘pre-

348 4875 554 4967 dictorum,
573 4895 616 4954 et
627 4878 733 4986 qnod
748 4877 839 4956 dicti
853 4875 986 4985 major,
998 4876 1116 4985 jurati
1132 4890 1172 4954 et
1188 4876 1404 4954 communia
1421 4875 1683 4983 impediebant
1696 4903 1779 4955 eos-

349 5006 439 5084 dem
452 5009 493 5085 in
509 5007 645 5088 saisina
662 5010 846 5117 predicta,
868 5026 905 5088 et
923 5009 1103 5116 quasdam
1118 5006 1266 5116 prisias,
1285 5035 1377 5116 ques
1393 5008 1482 5086 dicti
1497 5008 1663 5117 religiosi
1680 5005 1779 5086 fece-

348 5156 433 5217 rant
442 5139 587 5219 ibidem
596 5155 757 5249 propter
769 5167 919 5220 musam
932 5140 1159 5246 predictam,
1175 5140 1214 5216 in
1230 5165 1345 5217 manu
1357 5141 1468 5250 Regis
1482 5141 1571 5247 poni
1585 5139 1774 5232 fecerunt,
