4450 6209
748 729 1018 833 nuounrns
1044 743 1110 815 nr
1137 723 1338 817 raucas.
1683 738 1753 815 sor

333 914 445 992 supra
458 884 650 992 premissis
663 884 787 964 tribus
800 881 980 973 articulis,
998 883 1140 962 nullom
1154 883 1334 974 extitisse,
1349 883 1448 962 salvo
1462 898 1590 963 tamen
1605 883 1758 990 utrique
1794 889 1926 944 1³⁸³·stss
1938 890 1984 954 tv,

332 1017 427 1122 parti
443 1017 529 1125 jure
548 1043 638 1106 suo,
657 1017 792 1094 tamin
814 1015 1050 1122 possessione
1069 1044 1187 1122 quam
1200 1015 1239 1093 in
1257 1014 1504 1122 proprietate,
1522 1014 1561 1090 in
1579 1012 1758 1093 omnibus
1830 1122 1835 1128 p
1855 981 1920 1025 lm

332 1146 567 1254 supradictis,
586 1145 684 1234 sicut
697 1144 874 1238 habebat,
897 1164 1119 1255 anteaquam
1138 1146 1260 1226 dictus
1275 1147 1470 1226 Beraudus
1489 1145 1757 1224 intromitteret

331 1307 370 1355 se
386 1280 434 1358 de
450 1277 592 1357 eisdem
609 1294 646 1357 et
662 1307 704 1355 ac
723 1277 754 1356 si
775 1277 913 1358 dictam
929 1279 1157 1357 sentenciam
1174 1306 1241 1359 seu
1261 1277 1543 1356 ordinacionem
1559 1305 1755 1383 nunquam

331 1408 549 1516 protulisset
564 1409 612 1487 de
626 1408 827 1515 premissis.

387 1540 563 1619 Mercurii
575 1556 661 1648 post
675 1540 854 1620 Sanctum
873 1538 1098 1647 Georgium,
1121 1563 1219 1618 anno
1233 1540 1498 1618 trecentesimo
1512 1538 1727 1617 undecimo.

387 1673 432 1747 H.
453 1672 501 1749 de
522 1671 790 1750 Sancto-Paulo
808 1670 1021 1778 reportavit.

383 1936 488 2012 LXII.
522 1935 603 2012 Lite
627 1949 745 2026 mota,
767 1962 893 2012 coram
909 1933 1040 2041 judice
1064 1933 1294 2023 Biterrense,
1318 1934 1418 2013 inter
1435 1935 1613 2015 Titanum
1632 1937 1753 2013 Bona—

327 2067 462 2170 quiste,
479 2094 524 2143 ex
539 2095 612 2142 una
631 2083 751 2172 parte,
769 2081 807 2142 et
819 2066 1029 2142 Johannem
1048 2063 1176 2155 Fabri,
1193 2065 1442 2143 Guillelmum
1457 2064 1617 2174 Cavarga
1633 2083 1672 2142 et
1692 2095 1753 2142 eo-

325 2225 412 2278 rum
431 2224 581 2286 uxores,
603 2195 784 2274 Poncium
805 2195 925 2284 Gasci,
937 2197 1152 2274 Johannem
1171 2194 1357 2274 Alassardi
1378 2214 1416 2274 et
1434 2194 1685 2274 Guillelmum
1705 2196 1752 2274 de

325 2325 552 2416 Pedanacio,
568 2325 759 2416 exaltor,
777 2353 890 2431 super
906 2351 951 2402 eo
967 2324 1088 2430 quod,
1106 2353 1194 2401 cum
1211 2324 1335 2402 dictm
1346 2324 1502 2402 Tbanus
1517 2341 1673 2430 peteret,
1691 2355 1753 2403 co-

324 2455 540 2563 ramjudice
551 2457 780 2546 Biterrense,
795 2453 1007 2560 apredictis
1020 2455 1190 2532 lolianus
1204 2446 1314 2532 Fabri
1327 2471 1366 2533 et
1378 2454 1460 2562 ejus
1472 2455 1651 2544 cumrei's,
1667 2484 1752 2533 cen-

323 2601 407 2662 tum
428 2603 468 2662 et
483 2585 715 2693 septuaginta
730 2585 898 2693 quinque
914 2584 1044 2676 libras,
1062 2613 1229 2662 excausa
1243 2584 1475 2662 vendicionis
1490 2583 1657 2662 duorum
1673 2587 1755 2664 fur-
1805 2650 1809 2668 .

323 2743 460 2794 norum
490 2718 536 2795 de
560 2716 769 2796 Pedenacio
794 2715 963 2796 etunius
990 2714 1089 2793 surni
1116 2714 1164 2792 de
1187 2711 1382 2794 Tumibus
1404 2715 1550 2792 domini
1565 2716 1679 2825 regis,
1702 2719 1750 2794 ad

323 2864 468 2924 certum
485 2848 691 2928 terminum
711 2847 791 2954 jam
814 2863 1063 2938 transactum,
1088 2845 1268 2952 predictis
1289 2840 1451 2924 Jobanni
1473 2845 1583 2924 Fabri
1607 2865 1647 2924 et
1668 2849 1753 2955 ejus·

323 2977 484 3057 cumreis
505 2976 618 3068 lacte,¹
639 2993 681 3054 ut
703 2977 871 3066 dicebat,
889 2994 1004 3084 prout
1020 2976 1061 3054 in
1079 2977 1349 3068 instrumento,
1370 2976 1601 3084 superdicta
1616 2980 1749 3056 vendi—

322 3107 428 3184 cione
450 3106 636 3197 confecto,
658 3126 696 3184 et
710 3106 858 3196 libello,
877 3135 1002 3185 coram
1019 3108 1121 3186 dicto
1131 3108 1262 3214 judice
1275 3110 1505 3197 Biterrense,
1523 3106 1651 3186 oblato
1668 3109 1748 3215 ple-

321 3237 405 3313 nius
418 3236 644 3325 continetur,
662 3235 844 3344 dictisque
857 3238 1029 3316 iohanne
1044 3237 1156 3316 Fabri
1169 3255 1208 3314 et
1220 3239 1359 3315 Poncio
1373 3238 1482 3318 Gasci
1496 3254 1535 3314 et
1546 3237 1629 3316 aliis
1644 3267 1747 3316 cum·

320 3367 395 3444 reis
415 3366 543 3472 plures
558 3365 727 3444 raciones
741 3368 1042 3473 proponentibus
1056 3395 1171 3474 quare
1186 3368 1236 3444 ad
1250 3368 1324 3444 hoc
1335 3367 1494 3447 minime
1504 3384 1743 3461 tenerentur3

319 3498 458 3576 auditis
468 3499 648 3604 partibus,
664 3496 828 3604 prefatus
837 3496 956 3605 judex
966 3497 1201 3608 biterrensis,
1212 3496 1403 3602 predictos
1412 3497 1624 3576 iohannem
1634 3500 1744 3576 Fabri

319 3646 357 3704 et
375 3629 494 3734 ipsius
509 3645 699 3706 consortes
714 3656 781 3706 seu
796 3655 928 3706 eorum
941 3644 1203 3732 procuratores
1235 3627 1283 3704 ad
1298 3625 1521 3706 solvendum
1536 3628 1744 3735 predictam

318 3760 476 3865 pecunie
498 3787 702 3852 summam,
722 3787 871 3838 necnon
889 3759 1077 3836 sexdecim
1093 3757 1208 3836 libras
1222 3758 1504 3836 Turonensium
1522 3753 1741 3865 parvorum,

318 3917 386 3997 pro
408 3891 576 3997 expensis
591 3891 690 3968 dicte
711 3918 836 3980 cause,
857 3889 1132 3968 sentencialiter
1150 3888 1452 3995 condempnavit,
1469 3906 1600 3996 prout,
1611 3890 1651 3968 in
1666 3892 1743 3970 ins-

317 4036 510 4097 trumento
529 4047 641 4125 super
659 4019 758 4096 dicta
780 4019 967 4096 sentencia
991 4018 1180 4110 consecto,
1199 4018 1349 4127 plenius
1372 4018 1609 4109 continetur,
1628 4047 1649 4097 a
1669 4051 1743 4129 qua
1848 4003 1854 4006 .

317 4151 521 4241 sentencia,
536 4165 756 4257 procurator
770 4149 858 4225 dicti
871 4150 1051 4228 lobannis
1062 4150 1173 4229 Fabri
1187 4168 1743 4241 etconsortumsuorum,ta1n·

318 4312 430 4390 quam
446 4282 491 4360 ab
507 4282 651 4387 iniqua,
670 4281 717 4358 ad
731 4281 976 4358 senescallum
992 4281 1324 4360 Carcassonensem
1337 4280 1550 4387 appellavit,
1565 4281 1748 4385 predicti-⁴

317 4442 390 4521 que
411 4412 602 4491 senescalli
623 4412 750 4491 locum
769 4429 902 4490 tenens
917 4412 964 4489 de
983 4441 1091 4490 causa
1111 4407 1376 4517 appellacionis
1395 4397 1565 4517 predicte
1584 4437 1747 4516 ergnos«

317 4573 418 4636 cens,
444 4544 626 4652 judicavit
648 4543 790 4622 dictum
812 4542 981 4651 judicem
1008 4544 1262 4622 Biterrensem
1287 4541 1386 4619 bene
1410 4541 1677 4646 pronunciasse
1703 4559 1741 4618 et

315 4675 505 4781 predictos
528 4704 686 4754 conreos
702 4676 800 4754 male
821 4675 1043 4785 appellasse,
1069 4675 1157 4766 sed,
1179 4673 1267 4781 quia
1289 4672 1491 4780 probatum
1518 4689 1597 4751 erat
1619 4673 1739 4752 dictos

316 4835 473 4885 conreos
487 4807 639 4886 solvisse
659 4808 890 4914 procuratori
908 4807 996 4886 dicti
1011 4807 1133 4884 Thani
1147 4807 1276 4914 viginti
1293 4822 1332 4884 et
1348 4805 1515 4912 quinque
1529 4803 1644 4903 libras
1658 4805 1743 4882 Tu·-

315 4967 511 5027 ronenses,
529 4938 665 5018 debilis
678 4956 849 5026 monete,
872 4939 968 5045 ipsas
982 4937 1111 5044 viginti
1126 4937 1295 5045 quinque
1314 4936 1429 5015 libras
1448 4963 1635 5013 asumma
1653 4962 1738 5041 pre-

317 5071 413 5146 dicta
438 5069 609 5159 detraxit,
633 5098 779 5147 necnon
806 5085 951 5176 partem
978 5065 1231 5176 appellantem
1251 5068 1291 5146 in
1310 5067 1580 5177 quinquaginta
1606 5065 1737 5144 solidis
