4450 6209
509 729 583 802 596
926 800 929 810 ,
1093 723 1182 795 Les
1212 721 1350 797 OLIM.

288 879 418 931 Parum
428 875 472 938 tv,
510 866 602 956 neti,
621 867 721 944 inter
732 882 1012 973 procuratorem
1031 881 1202 942 nostrum
1218 862 1435 941 senescallie
1450 860 1775 971 Petregoricensis,
1793 888 1838 938 ex
1852 889 1924 940 una

349 968 410 1012 1³1⁰.

510 1013 629 1102 parte,
649 1013 687 1074 et
703 995 922 1074 Retherium
945 1013 984 1072 et
1008 994 1259 1072 Bertrandum
1281 994 1329 1070 de
1353 993 1537 1082 Calceata,
1560 992 1707 1081 fratres,
1731 992 1924 1084 exaltem,

511 1128 658 1232 questio
672 1141 880 1203 verteretur
895 1123 1101 1231 fuissetque
1116 1123 1266 1231 justicia
1282 1124 1465 1229 predicta,
1485 1138 1639 1229 propter
1657 1121 1840 1198 debatum
1855 1150 1927 1226 par·

513 1257 629 1346 oium,
654 1256 701 1332 ad
726 1282 879 1331 manum
902 1271 1085 1344 nostram,
1115 1272 1308 1361 tamquam
1334 1253 1538 1360 superioris
1557 1251 1692 1357 posita,
1722 1250 1927 1328 dicentibus

514 1386 622 1464 dictis
637 1383 813 1462 fratribus
825 1413 883 1473 se,
899 1404 1070 1492 tempore
1086 1383 1336 1491 apposicionis
1348 1411 1481 1460 manus
1495 1398 1622 1460 nostre
1637 1396 1675 1458 et
1685 1399 1791 1468 ante,
1806 1405 1884 1457 esse
1896 1397 1929 1455 et

513 1514 626 1593 baisse
646 1517 685 1591 in
699 1515 934 1622 possessione
948 1513 1100 1622 pacifice
1112 1514 1263 1621 justicie
1279 1513 1465 1620 predicte,
1480 1509 1697 1618 petentibus
1709 1526 1797 1585 ante
1811 1511 1929 1587 omnia

514 1645 561 1722 de
577 1645 645 1722 hac
660 1645 841 1722 incidenti
855 1645 1053 1751 questione
1069 1643 1259 1752 cognosci,
1276 1661 1314 1720 et
1328 1641 1467 1720 dictam
1481 1668 1636 1718 manum
1650 1657 1821 1718 nostram
1835 1657 1931 1715 ante

515 1803 642 1883 quam,
656 1775 880 1882 superdicto
892 1773 1087 1881 principali
1102 1774 1276 1881 negoci0,
1290 1789 1512 1851 tenerentur
1525 1770 1743 1877 procedere,
1761 1771 1929 1852 amoveri,

517 1905 735 2011 dictumque
750 1904 892 1996 fuisset,
905 1933 973 2012 per
987 1921 1169 1981 arrestum
1182 1903 1283 1980 curie
1299 1920 1442 1990 nostre,
1456 1903 1504 1979 de
1519 1901 1617 1977 dicta
1629 1899 1814 1976 incidenti
1828 1926 1932 2004 ques-

517 2035 619 2109 tione
638 2033 762 2139 primo
778 2033 949 2139 cognosci
967 2032 1123 2120 debere,
1135 2060 1313 2138 suspensa
1327 2030 1456 2109 medio
1465 2047 1639 2135 tempore
1648 2029 1871 2135 cognicione
1884 2055 1934 2104 su·

519 2193 586 2269 per
598 2161 697 2240 dicto
710 2163 865 2270 negocio
875 2161 1070 2268 principali
1080 2162 1203 2239 :Datis
1214 2162 1328 2268 igitur
1339 2190 1359 2237 a
1370 2160 1481 2238 nobis
1491 2157 1935 2236 certisoommissariissu·

477 2379 479 2382 ,
518 2322 586 2397 per
597 2292 695 2369 dicta
710 2293 891 2369 incidenti
904 2292 1118 2398 questione,
1138 2291 1307 2397 factaque
1321 2319 1390 2396 per
1408 2317 1473 2368 eos
1488 2289 1660 2395 inquesta
1678 2316 1796 2394 super
1810 2286 1934 2364 eadem

518 2423 714 2528 questione
728 2414 773 2498 'et
792 2420 840 2499 ad
852 2437 1018 2499 nostram
1039 2419 1181 2496 curiam
1200 2419 1248 2494 de
1262 2437 1391 2497 nostro
1406 2435 1590 2524 asportata
1602 2418 1781 2494 mandato
1798 2445 1841 2494 ac
1859 2416 1936 2494 diIi·

519 2569 649 2658 genter
662 2551 753 2640 visa,
776 2552 864 2657 quia
879 2579 946 2656 per
965 2577 1047 2626 eam
1063 2549 1211 2656 liquido
1226 2565 1463 2654 compertum
1483 2565 1539 2625 est
1553 2547 1672 2626 dictos
1683 2545 1835 2638 fratres,
1851 2564 1938 2624 tem-

520 2707 611 2784 pore
629 2680 877 2786 apposicionis
895 2707 1028 2758 manus
1047 2697 1192 2770 nostre,
1209 2705 1289 2755 esse
1308 2694 1347 2753 et
1360 2675 1572 2755 antefuisse
1586 2677 1627 2754 in
1640 2675 1794 2782 pacifica
1811 2678 1939 2754 saisina

517 2808 665 2914 justicie
679 2810 867 2916 predicte,
882 2837 950 2916 per
966 2809 1068 2886 curie
1085 2825 1212 2887 nostre
1221 2808 1426 2916 judicium,
1442 2805 1515 2885 fuit
1530 2808 1674 2885 dictum
1688 2807 1797 2915 quod
1813 2837 1938 2886 mantas

462 3009 477 3030 Ι,
523 2954 648 3013 nostra
663 2938 710 3015 de
726 2937 823 3015 dicta
832 2938 982 3045 justicia
1001 2937 1247 3026 amovebitur,
1266 2937 1337 3014 sub
1357 2938 1535 3015 caucione
1550 2938 1712 3044 ydonea,
1730 2938 1936 3016 secundum

523 3084 694 3143 tenorem
709 3069 839 3146 arresti
852 3097 921 3173 per
934 3067 1076 3144 curiam
1091 3084 1257 3144 nostram
1267 3065 1368 3156 sacti,
1388 3086 1427 3147 et
1440 3067 1620 3174 predictis
1629 3067 1819 3161 fratribus,
1832 3070 1870 3145 in
1884 3069 1942 3147 sai·

373 3247 377 3262 ‚
395 3271 396 3274 ,
486 3197 490 3206 ’
525 3195 605 3271 sina
622 3195 719 3303 dicte
726 3196 889 3304 justicie,
905 3197 1055 3274 interim
1067 3196 1367 3287 remanentibus,
1379 3227 1493 3304 super
1507 3199 1609 3276 dicto
1623 3199 1821 3305 principali
1835 3227 1941 3307 nego-

525 3324 582 3402 cio
597 3327 834 3430 procedetur,
852 3345 890 3405 et
903 3325 1142 3404 renovabitur
1158 3329 1372 3406 commissio
1391 3357 1505 3434 super
1524 3357 1587 3420 eo,
1604 3330 1716 3407 certis
1735 3331 1941 3407 commissa·

525 3456 590 3542 riis
608 3485 722 3562 super
737 3459 809 3535 hoc
824 3458 1048 3564 deputandis
1065 3486 1085 3534 a
1104 3457 1230 3548 nobis,
1252 3457 1393 3565 quibus
1415 3458 1567 3537 dabitur
1585 3461 1624 3536 in
1637 3461 1825 3540 mandatis
1843 3461 1941 3567 quod

525 3587 753 3693 compellant
768 3588 889 3668 dictos
902 3587 1033 3666 fratres
1050 3588 1191 3666 litteras
1208 3604 1247 3667 et
1266 3589 1514 3668 instrumenta
1527 3608 1739 3668 contractus
1758 3589 1878 3670 babiti
1893 3593 1941 3667 in·

517 3725 583 3792 ter
609 3719 785 3794 comitem
805 3718 1146 3825 Petragoricensem
1164 3737 1201 3796 et
1219 3721 1320 3826 ipsos
1336 3750 1449 3827 super
1468 3720 1713 3799 translacione
1728 3722 1826 3828 juris
1843 3721 1941 3828 quod

519 3845 690 3934 ¹habebat
711 3847 813 3923 idem
840 3876 966 3925 comes
991 3848 1197 3956 injusticia
1220 3849 1476 3955 predictorum
1502 3851 1693 3941 Iocorum,
1714 3852 1940 3958 procuratori

529 3991 656 4061 nostro
672 3974 852 4078 predicto,
860 3978 966 4085 juxta
979 3976 1060 4055 fisci
1071 3978 1320 4087 privilegium,
1336 3981 1532 4072 exhibere,
1544 3982 1651 4089 quod
1663 3983 1693 4059 si
1709 3980 1831 4060 secere
1843 4011 1941 4060 recu·

487 4163 489 4168 .
529 4102 688 4180 saverint
708 4104 805 4183 dicta
815 4107 966 4215 justicia
984 4109 1032 4186 ad
1048 4137 1205 4188 manum
1219 4127 1385 4188 nostram
1397 4111 1540 4200 statim,
1554 4111 1658 4190 nuIIa
1672 4112 1743 4190 alia
1760 4141 1868 4190 cause
1883 4140 1941 4188 co·

528 4231 702 4340 gnicione
711 4237 903 4342 premissa,
916 4258 1130 4345 reponetur,
1143 4269 1213 4318 nec
1224 4240 1384 4319 ulterius
1392 4241 1620 4347 procedetur
1628 4244 1669 4320 in
1679 4244 1836 4352 negocio
1845 4243 1941 4350 prin·

529 4361 656 4468 cipali,
675 4365 796 4444 donec
810 4368 908 4445 dicta
923 4369 1169 4448 instrumenta
1182 4372 1307 4449 eidem
1322 4372 1555 4477 procuratori
1565 4390 1694 4452 nostro
1710 4372 1942 4451 exhibuerint

414 4602 419 4616 ¹
531 4510 568 4570 et
582 4495 629 4571 de
646 4496 864 4604 hujusmodi
879 4528 945 4577 sua
960 4502 1192 4580 coutumacia
1205 4502 1311 4610 prius
1330 4501 1576 4606 satisfecerint
1589 4521 1854 4609 competenter.

475 4671 477 4676 ,
586 4624 760 4705 Mercurii
779 4648 866 4736 post
883 4631 1170 4710 Penthecosten.

591 4761 641 4838 M.
659 4759 703 4839 G.
723 4761 768 4838 de
788 4762 884 4840 Usco
904 4763 1116 4866 reportavit.

589 5017 807 5096 LXXXVIII.
828 5021 941 5110 Cum,
955 5051 998 5100 ex
1013 5041 1114 5128 parte
1130 5023 1390 5132 religiosorum
1400 5026 1566 5104 virorum
1580 5025 1725 5105 abbatis
1739 5044 1776 5103 et
1788 5051 1941 5104 conven-
