4450 6209
784 721 1054 827 uuoutrus
1079 738 1145 811 er
1172 720 1373 812 raeces.
1619 724 1624 731 “
1718 745 1792 815 223

368 880 544 959 sustinuit
565 880 606 955 in
623 882 892 985 pmsecucione
914 880 1013 958 dicte
1027 882 1222 987 iaqumu,
1240 909 1308 987 per
1322 897 1449 957 nocue
1469 880 1573 957 curie
1585 880 1791 987 judicium,
1831 904 1961 987 rmum
1973 902 2016 965 iv,

368 1009 645 1087 sentencialiter
657 1011 974 1117 condempnatus,
987 1012 1086 1089 salvo
1094 1018 1106 1061 ²
1114 1013 1202 1118 jure
1213 1028 1343 1089 nostro
1355 1028 1395 1089 et
1404 1010 1564 1089 emenda
1577 1028 1699 1091 nostra
1711 1040 1794 1091 con·
1893 1000 1956 1042 '³⁰⁷'

367 1162 423 1221 tra
442 1141 587 1219 dictum
606 1142 800 1220 Nicolaum
819 1170 933 1249 super
952 1144 1164 1222 excessibus
1185 1144 1409 1251 supradictis
1428 1143 1476 1220 ad
1495 1140 1612 1221 linem
1633 1145 1791 1223 civilem.
1819 1148 1824 1156 ’

423 1276 530 1351 Lame
550 1292 637 1353 ante
658 1277 873 1358 cathedram
893 1278 1011 1354 sancti
1029 1278 1141 1354 Petri.

423 1406 629 1513 Nogaretus
646 1409 854 1513 reportavit
867 1424 906 1486 et
918 1408 1088 1515 prendit.

424 1538 641 1642 laqueatam
661 1538 772 1614 istam
792 1568 869 1615 non
888 1539 1015 1617 habui.

424 1801 514 1879 LVI.
538 1801 710 1906 lnquesta
725 1803 823 1878 inter
834 1801 1045 1891 Nicolaum,
1058 1803 1170 1910 Regia
1178 1804 1424 1909 burgensem,
1436 1822 1475 1879 et
1484 1806 1637 1881 Petrum
1645 1804 1694 1881 de
1703 1806 1796 1882 Cor·

368 1949 504 2039 tenayo
518 1931 686 2037 judicata
707 1932 777 2009 tuit
796 1935 897 2040 apud
918 1929 1091 2021 Lochias,
1115 1952 1154 2011 et
1173 1951 1229 2011 est
1247 1933 1462 2040 judicatum
1480 1935 1520 2010 in
1536 1935 1663 2012 rotulo
1682 1935 1797 2041 hujus

369 2062 601 2166 parlamenti.
621 2064 733 2157 Quod
745 2064 976 2171 judicatum,
993 2092 1108 2154 anno,
1123 2094 1193 2171 per
1210 2064 1410 2141 dominum
1426 2066 1566 2174 Regem
1583 2064 1655 2141 suit
1666 2064 1798 2142 mode·

368 2206 508 2278 ratum,
531 2208 569 2269 et
585 2193 806 2298 hujusmodi
824 2196 1037 2275 moderatio
1053 2224 1132 2273 nou
1147 2193 1221 2273 fnit
1234 2194 1442 2299 publicata,
1463 2222 1533 2273 nec
1553 2197 1640 2274 inde
1656 2196 1796 2273 samum

369 2320 442 2397 fuit
460 2338 657 2401 arrestum.

424 2453 497 2529 lata
517 2454 689 2556 inqueata
708 2472 766 2533 eat
785 2458 823 2533 in
845 2484 952 2534 sacco
969 2458 1230 2561 inqueatarum
1245 2457 1359 2561 hujus
1374 2457 1608 2560 parlamenti.

923 3018 1241 3136 ruouusre

418 3298 464 3347 nr
495 3298 563 3349 acu
592 3298 790 3349 eaocnssus
818 3298 979 3349 Junrcrri
1009 3298 1043 3349 m
1074 3298 1248 3360 sueonum
1278 3298 1511 3351 precantum
1542 3300 1751 3351 commacu

791 3418 797 3427 '
878 3428 1046 3481 omrun-
1062 3427 1289 3494 ammonuit,

897 3661 977 3705 lutto
999 3660 1106 3707 ΝΙΙΙΙ
1131 3663 1258 3708 tteoevu.

423 3902 450 3979 Ι.
482 3900 579 3976 Cum
602 3915 686 3975 ortt
707 3914 805 3977 eaa'et
824 3899 1013 3977 discordia
1031 3900 1132 3979 inter
1150 3899 1325 3978 abbatem
1349 3916 1386 3976 et
1407 3916 1630 3977 conventum
1648 3902 1798 3978 Sancte·

366 4030 556 4111 Genovele
580 4030 822 4121 Pariaiensia,
846 4060 889 4109 ex
912 4058 987 4107 una
1004 4046 1132 4138 parte,
1158 4030 1444 4135 ctlcolleetorea
1459 4047 1608 4107 nostroe
1626 4057 1800 4108 manum·

367 4180 622 4248 monueram,
637 4188 706 4267 pre
723 4162 848 4249 nohis,
864 4190 910 4239 ex
922 4162 1056 4253 aliam,
1075 4190 1190 4268 nuper
1202 4162 1340 4239 atieinn
1357 4160 1589 4268 cognicionia
1601 4176 1640 4237 et
1648 4161 1797 4265 explec-

367 4294 519 4371 tationis
541 4292 769 4369 aubenarum
785 4309 823 4367 et
837 4292 1118 4382 bastardorum‚
1138 4321 1182 4369 ao
1198 4292 1391 4370 bonorum
1411 4291 1604 4395 ipsorum,
1621 4291 1661 4367 in
1680 4290 1796 4368 veteri

366 4440 463 4500 terra
483 4423 681 4500 Parisiensi
702 4420 1058 4512 Sancte-Genovese,
1077 4440 1114 4498 et
1134 4423 1181 4498 de
1203 4425 1274 4501 hoc
1293 4422 1457 4499 habendi
1480 4422 1620 4498 curiam
1639 4436 1678 4497 et
1697 4448 1797 4497 emo·

367 4554 555 4643 lumenta,
575 4570 821 4659 peterentque
838 4551 927 4629 dicti
944 4552 1109 4660 religiosi
1130 4552 1465 4658 impedimentum,
1482 4566 1697 4657 pergentes
1712 4578 1797 4627 nos·

366 4701 442 4760 trae
458 4684 609 4761 indicta
625 4684 757 4761 saisina
773 4711 839 4760 sua
854 4711 968 4788 super
984 4684 1056 4759 hoe
1073 4684 1305 4790 appositum,
1322 4681 1486 4760 amoveri
1499 4661 1515 4757 εῪ
1525 4681 1612 4761 Visa
1624 4682 1797 4789 inquesta

367 4840 482 4917 super
499 4813 573 4891 hoe
590 4814 638 4893 de
654 4814 833 4895 mandato
843 4830 972 4893 nostro
988 4812 1102 4902 facta,
1115 4830 1247 4893 vocato
1268 4814 1386 4893 eciam
1400 4830 1438 4893 et
1449 4839 1565 4920 cuper
1579 4814 1653 4891 hoc
1665 4811 1795 4893 audito

367 4942 546 5051 magistro
560 4943 705 5023 Thema
721 4944 769 5023 de
787 4945 969 5050 Sarnaym
983 4943 1187 5023 collectore
1206 4961 1335 5022 nostro
1357 4958 1791 5031 manuummortuarum.

412 5126 420 5156 ¹
443 5128 523 5189 Lisci
536 5128 623 5189 saluis.
