4450 6209
739 762 1014 869 nuoutrns
1040 777 1105 852 er
1131 758 1338 854 reeens
1685 775 1749 849 131

320 947 435 1026 super
446 919 521 995 boc
531 919 581 996 de
593 919 774 998 mandato
788 934 917 998 nomo
930 919 1042 1012 lacta,
1053 946 1124 1029 per
1138 920 1242 998 curie
1253 937 1380 998 nostre
1391 915 1595 1026 judicium,
1610 908 1755 994 dictum
1794 926 1925 980 Pennus
1939 921 1981 987 tv,

320 1051 395 1129 luit
408 1050 515 1157 quod
531 1049 656 1128 eidem
675 1050 883 1130 Gnillelmo
898 1051 1103 1160 nonaginta
1113 1052 1211 1131 libre
1226 1050 1467 1139 Parisienses,
1489 1075 1559 1157 pro
1576 1047 1756 1126 omnibus
1857 1015 1919 1057 Μ’

320 1182 514 1290 predictis,
540 1182 825 1262 reddenturde
849 1201 993 1263 nostm.
1018 1185 1060 1261 ln
1082 1184 1208 1293 cujus,
1232 1201 1301 1262 ete.

378 1315 537 1393 Veneris
555 1332 642 1422 post
660 1317 966 1409 Penthecestem,
987 1345 1090 1394 anno
1108 1316 1376 1396 trecentesimo
1397 1330 1545 1422 quarto.

379 1581 489 1659 XXV.
520 1581 618 1660 Cum
641 1579 808 1660 decmus
828 1600 867 1660 et
887 1580 1094 1688 capitulum
1110 1580 1366 1669 Senonenses,
1390 1579 1438 1656 de
1459 1593 1586 1658 nostra
1606 1577 1755 1685 speciali

322 1712 451 1822 gardia
466 1712 680 1803 existentes,
702 1713 816 1792 nobis
835 1711 1127 1791 denunciusscnt
1146 1711 1252 1820 quod
1271 1711 1434 1788 lacobus
1454 1711 1502 1788 de
1516 1711 1755 1802 Turnodorn,

323 1842 512 1952 prefectus
526 1841 750 1952 vigiliarum,
772 1871 839 1922 seu
855 1844 1021 1922 decanus
1042 1843 1303 1934 excubiarum,
1322 1859 1360 1919 et
1378 1841 1569 1919 lohannes
1584 1841 1620 1919 le
1643 1840 1757 1920 Cava·

322 1976 411 2066 tier,
430 1976 622 2053 Jobannes
635 1977 718 2084 ejus
734 1974 854 2068 filius,
872 1976 1056 2056 Girardue
1070 1977 1119 2054 de
1134 1975 1335 2055 Vauchans
1355 1992 1394 2052 et
1412 1973 1559 2053 Giletus
1574 1971 1752 2061 Codriau,

323 2108 479 2187 excubie
503 2108 657 2217 majoris
677 2126 716 2188 et
734 2110 952 2188 communie
973 2100 1457 2200 senonensis,'tchannem
1478 2107 1516 2185 le
1536 2106 1753 2214 Coquetier,

323 2239 502 2318 clericum
524 2241 802 2320 subdiaconum
823 2260 862 2320 et
882 2244 930 2320 de
951 2243 1068 2322 cboro
1084 2220 1316 2321 Sunonensis
1338 2240 1493 2320 ecclesie
1515 2239 1752 2325 existentem,
1780 2301 1783 2308 .

323 2375 363 2450 in
382 2374 489 2454 nullo
515 2375 656 2454 delicto
676 2393 872 2484 repertum
895 2376 1084 2454 violenter
1103 2363 1306 2482 ceperunt,
1333 2391 1370 2452 et
1390 2375 1508 2479 ipsius
1529 2371 1683 2449 ecclesie
1699 2371 1756 2478 ja-

323 2506 410 2584 nuis
427 2525 466 2586 et
480 2508 594 2586 anulo
610 2509 852 2587 inherentem
868 2508 1210 2615 indentulserunt,
1228 2506 1347 2614 ipsius
1365 2504 1520 2582 ecclesie
1535 2502 1756 2580 immunita-

322 2656 402 2716 tem
411 2639 620 2749 frangendo
634 2639 908 2748 multipliciter,
924 2657 961 2717 et
974 2639 1152 2717 violando
1166 2639 1420 2744 impudenter,
1435 2636 1637 2742 ipsumque
1655 2631 1755 2710 dicte

323 2770 479 2849 ecclesie
500 2773 741 2852 immunitate
762 2772 1031 2851 reclamantem
1057 2771 1363 2862 verberaverunt,
1384 2768 1691 2854 vulneraverunt,
1718 2781 1757 2842 et

323 2900 373 2979 ud
385 2902 485 2980 dicte
500 2903 719 2983 communie
733 2935 921 2983 carcerem
934 2923 1086 3013 captum
1102 2905 1293 2982 duxerunt
1307 2919 1345 2981 et
1356 2924 1479 3010 usque
1495 2901 1534 2976 in
1549 2897 1752 2975 crastinum

325 3035 589 3130 detinuerunt;
610 3037 846 3147 requirentes
861 3038 1054 3146 predictos
1072 3035 1331 3114 malefectores
1352 3035 1399 3112 ad
1424 3033 1563 3111 dictum
1582 3057 1755 3108 commu-
1817 3077 1822 3084 ·

323 3163 443 3256 nium,
465 3155 665 3276 cujus'ipsi
687 3169 853 3248 existunt
872 3170 1035 3248 ministri
1060 3185 1099 3246 et
1118 3168 1336 3255 servientes,
1361 3159 1539 3271 compelli
1558 3162 1607 3240 ad
1626 3189 1757 3238 emen·

325 3296 411 3374 dam
436 3298 571 3378 exinde
590 3298 662 3378 sibi
679 3299 890 3380 faciendam
910 3301 1158 3409 condignam
1181 3325 1295 3405 super
1318 3294 1555 3374 denuncietis
1575 3292 1755 3399 predictis

324 3428 465 3536 inquiri
482 3427 659 3524 lecimus,
678 3430 1355 3541 vocatispartibus,ve1itatem:Visa
1374 3428 1488 3535 igitur
1505 3426 1678 3532 inquestu
1695 3451 1756 3499 su-

325 3590 393 3669 per
408 3562 481 3640 hoc
500 3563 612 3656 facta,
630 3582 669 3643 et
685 3567 825 3645 auditis
844 3565 1049 3673 propositis
1066 3565 1156 3641 binc
1172 3581 1210 3640 et
1224 3562 1330 3654 inde,
1349 3586 1420 3668 per
1432 3558 1537 3636 curie
1550 3571 1679 3634 nostre
1692 3555 1756 3662 ju-

325 3693 484 3790 dicium,
504 3697 595 3775 dicti
614 3697 804 3805 prefectus
823 3715 862 3776 et
882 3699 1039 3776 excubie
1059 3697 1192 3805 privati
1212 3695 1367 3772 luerunt
1386 3685 1545 3770 omnino
1565 3705 1604 3767 et
1621 3715 1755 3795 perpe-

324 3840 394 3903 tuo
413 3825 459 3903 ab
481 3855 614 3907 eornm
635 3831 807 3937 predicto
826 3831 1002 3919 servicio,
1023 3846 1063 3906 et
1082 3827 1186 3906 omni
1208 3827 1283 3904 alio
1307 3824 1462 3903 servicio
1478 3817 1698 3931 justiciandi
1719 3835 1757 3894 et

325 3959 554 4066 serjentandi
574 3961 615 4038 in
633 3972 722 4040 toto
739 3991 858 4072 regne
877 3979 1026 4052 nostro,
1050 3961 1155 4039 etad
1175 3957 1392 4035 laciendum
1413 3979 1526 4032 unam
1546 3949 1756 4059 processio·

326 4125 414 4174 nem
433 4095 585 4204 publice
603 4095 700 4173 etin
722 4095 916 4173 communi
940 4095 988 4172 ad
1008 4092 1206 4170 ecclesiam
1226 4088 1497 4196 supradictam,
1518 4084 1755 4190 discooperto

327 4229 461 4337 capite,
480 4227 519 4304 in
533 4227 678 4315 tunica,
695 4227 777 4304 sine
794 4254 906 4317 zona,
925 4227 974 4304 ad
990 4224 1283 4344 requisicionem
1300 4219 1432 4298 decani
1451 4235 1494 4296 et
1505 4213 1660 4324 capituli
1676 4241 1757 4319 pre-

328 4360 533 4448 dictorum,
552 4377 591 4437 et
610 4361 658 4438 ad
678 4358 901 4438 solvendum
923 4359 1033 4436 dictis
1054 4359 1195 4435 decano
1215 4373 1253 4433 et
1272 4350 1436 4459 capitulo
1457 4365 1611 4427 centum
1624 4344 1756 4451 viginti

327 4491 440 4570 libras
460 4491 704 4581 Parisienses,
717 4508 788 4599 pro
806 4519 845 4569 se
864 4506 1054 4568 eteorum
1070 4488 1243 4596 predicto
1260 4484 1396 4561 clerieo
1419 4475 1506 4558 lese
1520 4495 1558 4556 et
1575 4474 1754 4586 injuriam

326 4651 459 4732 passe,
470 4641 509 4702 et
523 4623 634 4704 nobis
650 4643 803 4703 eentum
817 4624 931 4703 libras
945 4625 1189 4701 Turonenses
1205 4645 1275 4728 pro
1296 4613 1473 4701 emenda,
1497 4629 1534 4689 ot
1551 4611 1599 4687 ad
1615 4626 1752 4686 tenen-

287 4804 290 4810 ,
328 4758 420 4835 dum
443 4757 649 4864 prisionem
675 4758 859 4834 sinuatam
885 4779 1084 4864 quousque
1107 4751 1178 4860 ipsi
1204 4748 1383 4828 solverint
1405 4743 1605 4854 pecuniam
1626 4769 1755 4849 supre-

329 4890 484 4980 dictem,
505 4890 613 4997 cujus
636 4889 799 4998 pecunie
822 4888 966 4967 solucio
985 4914 1054 4994 per
1074 4907 1208 4962 eorum
1225 4883 1394 4962 alterum·
1411 4878 1521 4965 lecte,
1544 4875 1638 4953 alios
1657 4873 1753 4951 libe-

327 5023 437 5102 rabit.
451 5021 613 5100 Predicti
630 5048 721 5100 vero
736 5023 857 5129 major
877 5038 915 5098 ct
930 5017 1163 5106 commtmia,
1186 5016 1275 5124 quia
1290 5030 1418 5092 contra
1439 5009 1544 5118 ipsos
1553 5007 1755 5114 probatum

329 5181 405 5232 non
419 5156 540 5232 extitit
554 5156 659 5262 quod
674 5155 867 5232 luerint‘in
884 5154 994 5260 culpa
1010 5153 1058 5231 de
1071 5175 1225 5230 excessu
1238 5147 1421 5228 violencie
1437 5143 1624 5252 predicte,
1644 5163 1758 5243 super

1605 5316 1651 5380 ¹7·
