4450 6209
498 742 571 813 382
1081 741 1172 813 tes
1202 738 1340 813 OLIM.

271 890 402 947 rmum
414 890 458 955 tv,
497 884 656 963 discrete
676 886 827 995 gagium
847 910 958 961 suum
978 910 1047 989 pro
1066 883 1246 990 predictis
1263 881 1420 963 tradidit
1438 881 1728 961 contradictum
1742 884 1919 978 militem,

333 983 395 1028 lm
497 1046 568 1094 nec
588 1017 660 1095 erit
678 1017 731 1094 ibi
751 1016 901 1127 gagium
918 1013 1057 1105 duelli,
1080 1032 1118 1093 et
1123 1016 1242 1123 ,quod
1256 1016 1335 1124 ipse
1349 1014 1475 1092 eidem
1493 1014 1606 1092 militi
1621 1014 1784 1124 dampna
1801 1034 1839 1095 et
1852 1020 1921 1096 mi-

496 1151 586 1238 sias,
604 1176 678 1256 que
693 1148 790 1255 ipse,
805 1164 961 1255 propter
975 1146 1063 1236 hoc,
1084 1165 1186 1226 extra
1198 1148 1340 1225 curiam
1357 1145 1580 1253 parlamenti
1593 1144 1699 1241 lecit,
1715 1146 1851 1227 reddet
1865 1180 1921 1228 us

496 1310 570 1389 quc
591 1281 638 1357 ad
656 1308 845 1361 summam
865 1279 1157 1388 quingentarum
1177 1280 1359 1358 librarum
1378 1279 1676 1368 Turonensium,
1694 1310 1807 1388 quam
1823 1310 1922 1359 sum·

435 1459 442 1472 ·
495 1440 596 1493 mam
620 1440 688 1520 per
713 1411 855 1490 curiam
874 1426 1033 1488 taxatam
1054 1411 1177 1490 dictus
1199 1410 1310 1489 miles
1329 1411 1369 1488 in
1389 1410 1664 1519 curiajuravit3
1687 1428 1832 1492 etcum
1852 1413 1921 1492 hoc

496 1545 619 1624 dictus
638 1544 818 1624 Estoldus
835 1542 1042 1651 prisionem
1062 1542 1224 1632 tenebit,
1249 1542 1432 1632 Parisius,
1453 1542 1493 1618 in
1511 1540 1732 1634 Castelleto,
1754 1543 1813 1622 rel
1834 1545 1920 1624 alibi

494 1678 559 1755 ubi
573 1694 610 1755 et
628 1675 812 1784 quamdiu
831 1674 1017 1783 placuerit
1036 1672 1193 1751 domino
1213 1674 1323 1786 Regi,
1341 1692 1379 1753 et
1399 1673 1517 1751 eciam
1536 1690 1655 1752 totum
1675 1692 1814 1753 terram
1827 1678 1922 1785 ejus-

496 1810 584 1887 dem
600 1807 746 1887 Estoldi
767 1805 946 1884 dominus
965 1807 1041 1883 Rex
1061 1806 1101 1882 in
1121 1830 1239 1883 manu
1257 1832 1324 1884 sua
1342 1805 1505 1893 tenebit,
1520 1822 1558 1883 et
1573 1803 1717 1887 fructus
1735 1808 1826 1886 inde
1844 1836 1920 1915 per-

497 1942 608 2047 cipiet
629 1956 667 2017 et
686 1937 840 2027 levabit,
863 1936 1047 2044 quamdiu
1067 1964 1135 2013 sue
1155 1937 1337 2044 placuerit
1354 1936 1552 2015 voluntati.

550 2072 706 2151 Sabbati
727 2086 814 2177 post
834 2068 1252 2177 Sanctum-Georgium.

552 2206 602 2281 Μ.
624 2202 806 2279 Maminus
824 2202 871 2278 de
891 2200 1041 2307 Crepon
1062 2199 1179 2279 babet
1196 2200 1421 2309 inquestam.

551 2465 679 2544 XXlll.
712 2466 811 2543 Cum
823 2464 1069 2574 Raymundus
1084 2466 1132 2545 de
1148 2464 1337 2555 Cardona,
1351 2463 1597 2553 domicellus,
1608 2492 1778 2544 asserens
1788 2494 1828 2545 se
1844 2494 1919 2544 ease

496 2598 543 2675 de
566 2596 888 2707 consanguinitate
911 2594 1039 2675 dilecti
1060 2614 1098 2675 et
1122 2596 1247 2675 fidelis
1269 2598 1389 2674 nostri
1409 2596 1559 2675 comitis
1580 2597 1693 2685 Fuxi,
1713 2614 1841 2675 contra
1865 2598 1920 2675 di·

495 2730 636 2807 lectum
655 2746 694 2807 et
708 2728 863 2807 fidelem
880 2746 1052 2806 nostrum
1071 2730 1249 2807 comitem
1265 2728 1475 2807 Armeniaci
1491 2756 1709 2836 proponens
1726 2729 1852 2836 ipsum
1867 2757 1921 2807 oo-

495 2864 625 2939 mitem
638 2860 867 2953 Armeniaci,
882 2877 968 2969 post
983 2890 1112 2968 pacem
1130 2890 1198 2969 per
1211 2890 1283 2940 nos
1300 2861 1450 2950 factam,
1465 2859 1650 2949 Tholose,
1665 2862 1919 2940 interdictum

496 2994 675 3102 comitem
696 2994 787 3071 Fuxi
806 3010 845 3071 et
859 2972 1030 3102 alligatos
1047 3021 1152 3083 suos,
1170 3022 1215 3073 ex
1233 3022 1310 3071 una
1326 3010 1449 3101 parte,
1465 3011 1504 3070 et
1519 2993 1643 3100 ipsum
1664 2993 1842 3071 comitem
1855 2994 1920 3072 Ar·

495 3125 655 3203 maniaci
671 3143 709 3203 et
721 3153 810 3204 suos
821 3122 1007 3234 alligatos,
1022 3154 1066 3204 ex
1078 3126 1212 3219 altera,
1228 3124 1366 3204 multas
1379 3126 1542 3234 rapinas,
1561 3125 1780 3216 homicidia,
1795 3126 1918 3203 incen-

495 3258 574 3350 dia,
594 3276 631 3336 et
650 3257 741 3335 alias
755 3257 972 3350 violenciis,
990 3288 1083 3367 quas
1099 3256 1333 3367 exprimebat
1351 3275 1389 3336 et
1408 3286 1448 3336 se
1467 3260 1585 3369 magis
1604 3254 1916 3367 specificaturum,

494 3390 525 3464 si
546 3416 642 3495 opus
663 3406 779 3477 esset,
794 3388 1083 3496 protestabatur,
1106 3390 1283 3467 adversus
1300 3389 1445 3467 dictum
1461 3391 1639 3468 comitem
1654 3390 1685 3466 F
1686 3389 1768 3479 uxi,
1785 3406 1917 3465 terram

495 3541 533 3599 et
552 3521 727 3599 subditos
745 3550 848 3611 suos,
870 3520 1184 3629 proditionaliter
1201 3520 1350 3614 fecisse,
1367 3523 1518 3631 gagium
1539 3520 1658 3599 duelli
1678 3518 1918 3609 reddidissem

495 3654 673 3761 idemque
685 3678 811 3731 comes
823 3652 1050 3742 Armeniaci,
1066 3671 1151 3760 post
1163 3652 1301 3730 multas
1315 3653 1557 3759 excepciones
1564 3670 1607 3730 et
1616 3652 1744 3730 barras
1755 3679 1824 3758 per
1834 3677 1919 3727 eum

494 3785 704 3892 propositas
719 3784 767 3861 ad
785 3784 901 3861 finem
918 3784 1129 3891 repellendi
1147 3785 1291 3862 dictum
1309 3784 1590 3891 Raymundum,
1609 3782 1716 3891 quod
1733 3810 1810 3861 uon
1828 3798 1921 3860 esset

496 3916 656 3993 indicto
681 3917 787 4024 gagio
808 3915 1082 4006 admittendus,
1106 3933 1160 4005 et,
1186 3917 1216 3993 si
1239 3915 1342 3993 curia
1365 3933 1493 3994 nostra
1511 3914 1917 4026 cognosceretgagium

496 4048 584 4125 dicti
605 4047 833 4156 Raymundi,
857 4048 1004 4125 admitti
1025 4048 1183 4138 debere,
1205 4047 1356 4162 gagium
1376 4046 1608 4127 defensionis
1629 4046 1920 4127 contradictum

494 4177 1193 4286 Raymundumsimiliterporrexisset3
1205 4206 1369 4284 cumque
1380 4176 1484 4255 idem
1495 4176 1854 4263 comesArmeniaci,
1864 4171 1921 4251 ad·

494 4336 621 4389 versus
636 4310 780 4387 dictum
796 4310 974 4388 comitem
990 4310 1100 4398 Furi,
1116 4311 1157 4386 in
1173 4309 1274 4386 dicta
1287 4308 1390 4385 curia
1401 4326 1529 4388 nostra
1543 4310 1800 4417 proposuisset
1818 4306 1920 4415 quod

495 4440 598 4519 idem
613 4468 741 4520 comes
758 4443 787 4517 F
790 4440 867 4529 uxi,
883 4458 968 4548 post
984 4470 1114 4549 pacem
1130 4440 1356 4547 predictam,
1373 4459 1565 4546 paraverat
1578 4440 1733 4518 insidias
1743 4439 1920 4517 adversus

494 4574 818 4681 archiepiscopum
828 4572 1345 4680 Auxitanensem,patruum‚
1355 4571 1626 4662 etGostonem,
1639 4570 1791 4649 fratrem
1806 4571 1920 4677 ipsius

494 4704 641 4782 comitis
652 4703 880 4792 Armeniaci,
893 4703 1076 4812 quodque
1085 4721 1225 4782 terram
1235 4704 1425 4809 Ripparie,
1440 4731 1516 4811 que
1526 4703 1780 4811 pereamdem
1791 4728 1916 4809 paoem

494 4830 566 4909 fuit
583 4833 701 4912 n'obili
720 4832 872 4911 mulieri
889 4834 1020 4912 donne
1035 4835 1265 4926 Guillerme,
1285 4852 1485 4911 matertere
1500 4863 1585 4923 sne,
1602 4861 1670 4941 per
1682 4860 1753 4911 nos
1772 4832 1918 4941 adjudi-

494 4980 589 5054 cata,
606 4981 644 5041 et
660 4966 699 5040 in
712 4993 789 5072 qua
805 4965 929 5042 dictus
943 4993 1069 5045 comes
1084 4965 1296 5046 Armeniaci
1311 4965 1403 5043 dicit
1416 4993 1458 5042 se
1474 4965 1613 5044 babere
1631 4964 1914 5073 proprietatem,

489 5096 576 5201 jure
594 5096 813 5174 donacionis
823 5095 1006 5175 sibi-lacte
1021 5128 1090 5204 per
1103 5099 1243 5177 dictam
1254 5098 1524 5189 Guillermam,
1539 5126 1615 5204 que
1624 5096 1836 5176 Guillerma
1850 5092 1915 5173 sibi
