4450 6209
509 717 580 787 612
1096 715 1186 788 LES
1216 708 1357 787 OLIM.

223 828 227 836 Ι
284 860 411 916 mrum
425 861 468 926 Ν,
506 853 623 931 cencii
649 854 839 943 Tancreti,
866 853 1058 960 quondam
1087 850 1214 931 ballivi
1242 854 1557 942 Constanciensis‚
1589 878 1658 960 per
1685 853 1925 960 inquisitores

343 953 407 996 ’Μ’
506 1001 634 1061 contra
653 983 829 1062 officiales
844 1000 991 1063 nostros
1014 983 1112 1062 dicte
1129 983 1279 1062 ballivie
1299 1013 1320 1062 a
1339 984 1450 1064 nobis
1468 985 1692 1094 generaliter
1709 983 1919 1089 deputatos,

507 1143 576 1220 pro
597 1112 693 1192 lacto
715 1115 805 1192 dicti
826 1113 1035 1220 patrissui,
1057 1114 1378 1220 condempnatum
1398 1115 1512 1192 fuisse
1533 1115 1582 1191 ad
1600 1112 1840 1191 reddendum
1857 1115 1925 1188 Pe-

507 1262 567 1322 tro
594 1245 760 1337 Darcies‚
787 1244 1035 1322 habitatorem
1063 1243 1272 1322 insularum
1292 1245 1339 1321 de
1362 1245 1591 1352 Guernesey‚
1613 1246 1794 1323 ducentas
1812 1244 1921 1320 libras

507 1377 761 1466 Tmoneuses,
784 1403 894 1482 aqua
915 1375 1258 1480 condempnacione
1279 1375 1402 1452 dictus
1423 1376 1613 1453 lohannes
1630 1403 1708 1452 non
1728 1373 1921 1481 appellavit

508 1533 575 1584 nec
600 1505 819 1613 supplicavit
845 1505 937 1583 infra
963 1523 1113 1613 tempus
1141 1506 1332 1596 debitum,
1361 1524 1404 1584 ut
1430 1507 1620 1597 dicebant,
1654 1525 1693 1583 et
1722 1523 1852 1613 postea
1881 1505 1919 1582 in

509 1636 658 1714 delectu
688 1636 891 1715 solucionis
925 1637 1022 1714 dicte
1048 1638 1208 1744 pecunie
1238 1665 1307 1745 per
1333 1637 1496 1715 multum
1521 1638 1703 1744 temporis
1726 1637 1915 1726 remansit;

507 1784 661 1874 propter
679 1795 794 1874 quem
820 1766 1027 1856 delectum,
1054 1766 1177 1845 dictus
1202 1765 1335 1844 Petrus
1358 1768 1508 1856 Daseia,
1529 1767 1710 1844 accedens
1726 1766 1777 1844 ad
1794 1783 1921 1874 gentes

507 1898 604 2006 regis
618 1896 768 2004 Anglie‚
790 1915 962 1974 tenentes
978 1897 1105 1975 locum
1121 1898 1209 1974 dicti
1229 1897 1327 2006 regis
1345 1899 1385 1975 in
1405 1897 1540 1976 insulis
1558 1897 1775 1984 antedictis,
1792 1925 1922 2002 procu·

507 2029 600 2105 ravit
623 2027 663 2104 in
682 2044 827 2104 tantum
851 2028 955 2134 quod
975 2028 1072 2106 dicte
1101 2047 1232 2136 gentes
1255 2028 1302 2106 de
1325 2029 1436 2107 bonis
1461 2030 1649 2107 dictorum
1674 2044 1920 2106 mercatorum

507 2157 594 2235 ville
615 2157 771 2238 Cadomi
791 2157 944 2266 triginta
965 2157 1036 2236 tria
1056 2159 1157 2236 dolia
1175 2160 1249 2237 vini
1270 2177 1515 2249 arrestarunt‚
1538 2160 1732 2237 occasione
1757 2176 1795 2236 et
1817 2187 1920 2235 causa

508 2288 1069 2396 condempnaciouispredicte31
1090 2317 1207 2396 quare
1230 2291 1410 2396 petebant
1433 2290 1576 2368 dictum
1604 2290 1816 2367 iohannem
1838 2317 1922 2366 con-

507 2419 703 2526 dempnari
718 2437 756 2495 et
771 2419 945 2524 compelli
961 2419 1009 2495 ad
1029 2419 1309 2524 procurandum
1326 2437 1364 2496 et
1383 2418 1595 2497 laciendum
1612 2419 1831 2498 dearrestari
1841 2447 1921 2525 pre·

507 2551 604 2628 dicta
624 2549 776 2658 triginta
793 2549 864 2625 tria
889 2548 989 2625 dolia
1009 2549 1101 2636 vini,
1124 2566 1164 2625 et
1183 2548 1232 2626 ad
1255 2549 1495 2626 reddendum
1520 2549 1630 2626 dictis
1654 2551 1920 2628 mercatoribus

507 2681 632 2758 omnia
653 2680 814 2785 dampna
831 2696 871 2756 et
887 2695 1014 2756 custus
1033 2706 1130 2784 quos
1148 2677 1408 2756 sustinuerunt
1422 2695 1462 2755 et
1483 2678 1712 2769 babuerunt,
1730 2681 1919 2758 occasione

507 2839 575 2888 seu
595 2838 704 2888 causa
719 2809 849 2887 arresti
868 2807 1044 2916 predicti3
1067 2809 1169 2888 dicto
1196 2837 1284 2886 vero
1298 2810 1467 2886 lobanne
1487 2810 1527 2885 iu
1547 2809 1772 2887 contrarium
1796 2811 1917 2888 adsui

503 2941 764 3020 defensionem
778 2925 1010 3046 proponente
1024 2939 1154 3045 plures
1167 2941 1350 3032 raciones,
1366 2957 1443 3017 tam
1457 2940 1506 3018 de
1517 2941 1604 3048 jure
1612 2967 1728 3046 <quam
1745 2941 1793 3018 de
1806 2941 1915 3026 lacto,

506 3099 622 3178 quare
642 3071 794 3177 petebat
812 3097 851 3148 se
871 3070 1009 3148 absolvi
1029 3069 1076 3146 ab
1096 3069 1336 3176 impeticione
1355 3071 1521 3178 predicta
1538 3070 1725 3148 dictorum
1741 3088 1919 3150 mercato-

505 3231 591 3278 rum
608 3231 616 3275 :
634 3203 808 3306 lnquesta
822 3198 937 3308 igitur
951 3228 1064 3307 super
1079 3200 1167 3290 boc,
1183 3198 1230 3277 de
1244 3200 1421 3278 mandato
1436 3219 1578 3290 nostro,
1590 3199 1699 3290 facta,
1716 3202 1792 3279 risa
1807 3221 1846 3280 et
1865 3203 1918 3280 di·

505 3331 666 3441 ligenter
683 3333 907 3422 examinata,
930 3332 1017 3438 quia
1036 3347 1195 3420 constat,
1216 3359 1285 3437 per
1307 3332 1443 3408 dictam
1468 3332 1693 3439 inquestam,
1710 3332 1821 3439 quod
1838 3363 1917 3439 pre·

506 3465 643 3542 dictam
663 3461 1060 3570 condempnacionem‚
1081 3490 1150 3568 per
1167 3461 1409 3568 inquisitores
1427 3480 1575 3540 nostros
1591 3463 1781 3568 predictos
1795 3482 1916 3542 contra

504 3595 650 3673 dictum
669 3595 880 3673 iohannem
899 3593 1055 3680 laetam,
1075 3609 1249 3698 tempore
1267 3592 1366 3669 dicte
1382 3594 1659 3687 arrestacionis,
1676 3596 1916 3701 suspendera-

504 3753 603 3812 mus,
624 3743 662 3802 et
678 3753 724 3801 ex
743 3753 861 3811 causa,
879 3723 1013 3810 donec,
1029 3722 1165 3800 auditis
1180 3722 1349 3828 partibus
1360 3723 1401 3798 in
1412 3724 1516 3800 curia
1528 3740 1666 3816 nostra,
1681 3742 1810 3803 unum
1820 3728 1915 3834 juste

505 3855 564 3932 vel
594 3857 733 3962 injuste
760 3854 1055 3959 condempnatus
1083 3852 1214 3930 suisset
1237 3853 1386 3960 plenius
1405 3873 1503 3932 esset
1521 3855 1746 3945 discussum,
1773 3875 1811 3935 et
1832 3859 1914 3965 quia

506 4011 583 4060 non
608 4001 761 4089 apparet
791 3981 897 4090 quod
924 3983 1016 4061 dicti
1038 4002 1264 4062 mercatores
1294 4013 1382 4060 cum
1406 3985 1507 4063 dicto
1537 3987 1706 4064 lobanne
1729 3987 1768 4064 in
1793 3988 1914 4095 aliquo

506 4113 703 4220 participes
719 4111 777 4189 vel
796 4130 988 4191 consortes
1003 4114 1174 4206 existant,
1190 4114 1313 4190 dictus
1325 4115 1514 4192 lohannes
1528 4115 1574 4192 ab
1591 4114 1831 4221 impeticione
1842 4147 1915 4224 pre

506 4244 603 4321 dicta
615 4245 800 4321 dictorum
816 4261 1065 4323 mercatorum
1078 4243 1160 4334 fuit,
1174 4237 1247 4350 perx
1253 4245 1355 4321 curie
1365 4261 1491 4322 nostre
1500 4245 1703 4353 judicium,
1716 4246 1913 4339 absolutus,

506 4372 614 4451 dictis
626 4391 752 4451 tamen
768 4376 1039 4453 mercatoribus
1054 4375 1199 4453 actione
1213 4391 1251 4452 et
1265 4374 1354 4480 jure
1369 4376 1446 4454 suis
1465 4377 1659 4455 reservatis
1672 4394 1800 4454 contra
1811 4407 1914 4484 quos

405 4595 412 4606 ,
505 4534 666 4612 cumque
687 4505 780 4583 alios
807 4506 846 4582 in
867 4507 1066 4611 premissis.

561 4636 737 4714 Mercurii
757 4653 842 4741 post
860 4636 1095 4714 Trinitatem.

564 4765 614 4842 M.
636 4767 679 4840 H.
703 4766 752 4842 de
772 4767 1041 4845 Sancto-Paulo
1061 4770 1272 4874 reportavit.

558 5026 648 5103 Clll.
680 5025 776 5104 Cum
793 5028 908 5105 nobis
920 5027 1168 5135 siguificatmrr
1183 5028 1427 5137 fuissetquod
1439 5033 1536 5109 inter
1550 5035 1699 5111 Fratres
1711 5032 1914 5110 Predicato·
