4450 6209
525 741 596 814 too
1103 739 1194 812 LES
1223 735 1366 811 OLIM.

296 889 426 947 rurum
438 891 483 956 tv,
521 882 726 974 solvendis;
748 883 819 991 ipsi
838 883 885 961 ab
905 881 1127 991 hujusmodi
1148 881 1497 988 condempnacione
1516 878 1764 990 appellarunt.
1791 880 1948 959 Nomina

358 983 421 1026 m
522 1015 886 1123 condempnatorum
904 1031 944 1092 et
959 1043 1106 1092 summe
1128 1014 1287 1122 pecunie
1306 1013 1346 1090 in
1366 1014 1555 1092 sentencia
1573 1011 1766 1092 senescalli
1785 1029 1824 1091 et
1839 1013 1878 1090 in
1894 1015 1947 1090 in-

521 1165 652 1254 questa
671 1148 854 1255 predicta,
882 1175 958 1254 que
978 1163 1035 1224 est
1055 1147 1158 1253 apud
1177 1147 1336 1236 curiam,
1359 1147 1612 1224 continentur.
1634 1146 1675 1222 ln
1695 1171 1804 1224 causa
1823 1144 1948 1253 appel·
1969 1187 1973 1194 ·

520 1279 678 1357 lacionis
697 1280 785 1357 dicti
806 1278 1016 1367 senescalli,
1037 1279 1227 1356 sentencia
1252 1279 1325 1357 luit
1344 1305 1413 1386 per
1434 1279 1576 1356 curiam
1594 1276 1813 1356 confirmata
1832 1295 1871 1356 et
1885 1305 1946 1384 ap-

519 1411 677 1517 pellacio
692 1411 901 1517 reprobata.

576 1543 682 1619 Lune
702 1559 789 1619 ante
808 1543 946 1618 Remos
963 1539 1188 1619 Palmarum.

575 1675 626 1750 Μ.
643 1673 866 1780 Pasquerius
881 1678 1094 1779 reportavit.

575 1805 646 1882 lsta
675 1804 974 1912 condempnacio
1003 1805 1149 1883 excedit
1175 1831 1363 1882 summam
1396 1819 1541 1909 septem
1573 1800 1735 1880 millium
1765 1800 1942 1880 librarum

518 1936 815 2016 Turonensium.

577 2200 669 2277 LXI.
699 2200 786 2281 Visa
807 2200 982 2310 inquesta
1002 2228 1072 2307 per
1089 2199 1270 2277 ballivum
1286 2198 1596 2277 Aurelianensem
1616 2195 1725 2288 lacta,
1744 2195 1793 2274 ad
1808 2195 1943 2276 instan-

520 2331 615 2408 ciam
640 2332 805 2439 Philippi
832 2335 998 2441 Bougrat
1018 2332 1066 2410 de
1089 2330 1355 2420 Cheneveriis,
1385 2330 1568 2419 scutiferi,
1601 2328 1727 2408 ballivi
1751 2329 1941 2438 quondam

519 2463 746 2541 vicecomitis
765 2463 1067 2552 Meledunensis,
1092 2493 1206 2571 super
1220 2479 1341 2540 morte
1354 2462 1513 2542 Guillcti
1530 2463 1577 2539 de
1593 2460 1766 2569 Buignon
1782 2478 1821 2538 et
1834 2489 1943 2568 super

518 2593 683 2671 arbitrali
713 2596 904 2674 sentencia
929 2594 1028 2673 inter
1056 2596 1182 2703 ipsum
1213 2595 1433 2703 Philippum
1464 2611 1502 2672 et
1531 2593 1748 2686 Adelotam,
1777 2619 1941 2671 sororem

518 2725 608 2803 dicti
623 2728 777 2817 mortui,
793 2728 937 2833 prolata
952 2757 1020 2834 per
1035 2728 1277 2834 Arnulphum
1292 2727 1341 2804 de
1356 2727 1512 2804 Riveriis
1532 2744 1571 2804 et
1584 2727 1797 2804 Johanncm
1813 2726 1862 2803 de
1877 2727 1941 2806 Va-

520 2857 593 2946 dis,
615 2857 776 2934 arbitros
796 2887 816 2934 a
837 2856 947 2935 dictis
963 2858 1132 2965 partibus
1149 2858 1305 2949 clectos;
1325 2858 1421 2936 dicta
1442 2857 1616 2967 inquesta
1635 2857 1707 2935 fuit
1721 2885 1792 2964 per
1803 2855 1940 2934 curiam

518 2986 698 3077 anullata;
720 3004 778 3076 et,
802 2989 833 3064 si
861 2987 986 3066 dictus
1011 2989 1209 3096 Philippus
1235 2990 1283 3066 ad
1309 2991 1448 3067 dictam
1475 2989 1690 3066 arbitralem
1717 2987 1940 3066 sentenciam

518 3104 758 3195 anullandam
779 3119 838 3196 vel
858 3118 1122 3227 redigendam,
1146 3121 1193 3198 ad
1213 3120 1411 3198 arbitrium
1435 3121 1526 3199 honi
1546 3121 1631 3209 viri,
1653 3119 1853 3230 negocium
1875 3119 1940 3196 hu·

513 3251 683 3358 jusmodi
709 3251 911 3357 diligenter
929 3270 1189 3358 prosequatur,
1215 3269 1341 3330 vocata
1368 3251 1510 3330 adhoc
1537 3269 1641 3360 parte
1668 3251 1840 3340 adversa,
1862 3277 1939 3328 exe·

516 3380 622 3458 cucio
642 3381 742 3459 dicte
762 3383 953 3461 sentencie
973 3383 1126 3462 interim
1148 3384 1412 3491 suspendetur.

571 3514 680 3591 Lune
699 3532 783 3592 ante
803 3515 954 3592 Pascha.

571 3647 773 3724 Tollardus
790 3648 1004 3753 reportavit.

572 3906 677 3984 LXII.
707 3906 804 3986 Cum
825 3905 939 3985 abbas
960 3925 998 3987 et
1013 3929 1218 3989 conventus
1237 3909 1454 3990 monasterii
1470 3907 1803 3990 Sancti-Laurencii
1820 3910 1868 3989 de
1883 3909 1936 3988 ab

514 4038 619 4117 bacin
645 4041 747 4118 curie
773 4059 899 4119 nostre
923 4043 1119 4150 conquesti
1141 4043 1318 4137 fuissent,
1341 4073 1537 4151 supereo,
1561 4063 1604 4122 ut
1623 4043 1817 4134 dicebant,
1838 4040 1937 4152 quod

515 4171 784 4262 thesaurarius,
808 4173 971 4250 decanus
990 4192 1027 4253 et
1044 4175 1250 4282 capitulum
1274 4176 1428 4255 ecclesie
1445 4176 1545 4253 beati
1562 4176 1699 4285 Hylarii
1720 4173 1935 4253 Pictavensis

515 4331 582 4381 seu
601 4303 764 4380 ministri
787 4331 937 4395 eorum,
962 4307 1002 4382 in
1021 4323 1121 4383 terra
1144 4324 1182 4384 et
1194 4306 1363 4414 justicia,
1386 4337 1455 4416 pro
1473 4309 1634 4386 indiviso
1655 4306 1849 4385 communi
1872 4307 1935 4384 eis·

515 4433 602 4510 dem
625 4435 808 4541 religiosis
828 4454 867 4514 et
884 4436 1178 4530 Pictavensibus,
1200 4439 1269 4517 sita
1289 4440 1328 4516 in
1345 4441 1494 4548 dyocesi
1514 4439 1849 4531 Autissiodorensi,
1866 4465 1933 4548 que

514 4565 705 4672 qnondam
722 4565 793 4643 suit
809 4568 1022 4646 communis
1036 4597 1107 4676 pro
1121 4569 1284 4648 indiviso
1300 4571 1488 4649 dictorum
1503 4571 1775 4648 Pictavensium
1789 4587 1828 4648 et
1842 4569 1933 4650 Odo

514 4693 572 4772 nis
587 4696 634 4776 de
650 4698 796 4776 Soliaco
812 4718 850 4777 et
866 4700 1073 4793 Francisie,
1092 4703 1231 4779 sororis
1247 4703 1438 4810 ejusdem,
1460 4731 1502 4780 ac
1517 4705 1556 4781 in
1574 4703 1727 4811 expletis
1747 4721 1785 4780 et
1798 4702 1932 4782 emolu-

514 4827 652 4904 mentis
670 4829 839 4937 ejusdem
854 4831 1004 4938 justicie
1020 4833 1184 4941 'aliisque
1204 4833 1438 4925 redditibus,
1462 4839 1707 4944 proventibus
1729 4853 1766 4914 et
1782 4833 1930 4946 expletis

513 4958 730 5053 hominum,
743 4977 945 5054 terrarum,
960 4964 1182 5058 hoscorum,
1197 4986 1423 5046 essartorum
1438 4985 1475 5045 et
1483 4967 1645 5046 aliorum
1657 4967 1829 5077 plurium
1838 4994 1929 5047 com·

514 5091 693 5170 munibus
718 5093 816 5171 inter
841 5095 941 5201 ipsos
960 5125 1031 5202 pro
1057 5097 1236 5187 indiviso,
1261 5100 1415 5176 eosdem
1437 5100 1631 5208 religiosos
1652 5101 1693 5178 in
1714 5129 1847 5179 eorum
1867 5095 1928 5175 sai-
