<?xml version="1.0" encoding="UTF-8"?>
<!DOCTYPE html PUBLIC "-//W3C//DTD XHTML 1.0 Transitional//EN"
    "http://www.w3.org/TR/xhtml1/DTD/xhtml1-transitional.dtd">
<html xmlns="http://www.w3.org/1999/xhtml" xml:lang="en" lang="en">
 <head>
  <title>
</title>
<meta http-equiv="Content-Type" content="text/html;charset=utf-8" />
  <meta name='ocr-system' content='tesseract 3.04.00' />
  <meta name='ocr-capabilities' content='ocr_page ocr_carea ocr_par ocr_line ocrx_word'/>
</head>
<body>
  <div class='ocr_page' id='page_1' title='image "./lesolimouregist00parigoog_0609.png"; bbox 0 0 4450 6209; ppageno 0'>
   <div class='ocr_carea' id='block_1_1' title="bbox 491 684 1330 765">
    <p class='ocr_par' dir='ltr' id='par_1_1' title="bbox 491 684 1330 765">
     <span class='ocr_line' id='line_1_1' title="bbox 491 684 1330 765; baseline -0.005 0"><span class='ocrx_word' id='word_1_1' title='bbox 491 692 564 765; x_wconf 81' lang='lat'><strong>512</strong></span> <span class='ocrx_word' id='word_1_2' title='bbox 1074 688 1165 763; x_wconf 84' lang='lat' dir='ltr'><strong>LES</strong></span> <span class='ocrx_word' id='word_1_3' title='bbox 1192 684 1330 765; x_wconf 88' lang='lat' dir='ltr'>OLIM.</span> 
     </span>
    </p>
   </div>
   <div class='ocr_carea' id='block_1_2' title="bbox 264 828 1934 3442">
    <p class='ocr_par' dir='ltr' id='par_1_2' title="bbox 264 828 1934 3045">
     <span class='ocr_line' id='line_1_2' title="bbox 264 828 1916 939; baseline -0.001 -29"><span class='ocrx_word' id='word_1_4' title='bbox 264 846 393 897; x_wconf 69' lang='lat' dir='ltr'><strong>rarum</strong></span> <span class='ocrx_word' id='word_1_5' title='bbox 405 843 451 904; x_wconf 74' lang='lat' dir='ltr'><strong>IV·</strong></span> <span class='ocrx_word' id='word_1_6' title='bbox 489 831 724 938; x_wconf 80' lang='lat' dir='ltr'>possessione</span> <span class='ocrx_word' id='word_1_7' title='bbox 740 828 912 939; x_wconf 86' lang='lat' dir='ltr'><strong>ejusdem</strong></span> <span class='ocrx_word' id='word_1_8' title='bbox 928 830 1146 921; x_wconf 90' lang='lat' dir='ltr'><strong>inductum,</strong></span> <span class='ocrx_word' id='word_1_9' title='bbox 1163 830 1308 921; x_wconf 82' lang='lat' dir='ltr'><strong>fecerit,</strong></span> <span class='ocrx_word' id='word_1_10' title='bbox 1333 857 1446 938; x_wconf 85' lang='lat' dir='ltr'><strong>super</strong></span> <span class='ocrx_word' id='word_1_11' title='bbox 1465 828 1643 939; x_wconf 86' lang='lat' dir='ltr'><strong>predictis</strong></span> <span class='ocrx_word' id='word_1_12' title='bbox 1667 847 1706 907; x_wconf 88' lang='lat' dir='ltr'><strong>et</strong></span> <span class='ocrx_word' id='word_1_13' title='bbox 1719 829 1810 907; x_wconf 91' lang='lat' dir='ltr'><strong>hinc</strong></span> <span class='ocrx_word' id='word_1_14' title='bbox 1830 830 1916 908; x_wconf 84' lang='lat' dir='ltr'><strong>indc</strong></span> 
     </span>
     <span class='ocr_line' id='line_1_3' title="bbox 324 936 1914 1072; baseline -0.003 -30"><span class='ocrx_word' id='word_1_15' title='bbox 324 936 388 977; x_wconf 58' lang='lat' dir='ltr'><em>m</em></span> <span class='ocrx_word' id='word_1_16' title='bbox 487 963 703 1072; x_wconf 90' lang='lat' dir='ltr'><strong>propositis,</strong></span> <span class='ocrx_word' id='word_1_17' title='bbox 722 964 864 1071; x_wconf 87' lang='lat' dir='ltr'>inquiri</span> <span class='ocrx_word' id='word_1_18' title='bbox 879 962 1087 1054; x_wconf 83' lang='lat' dir='ltr'><strong>veritatem,</strong></span> <span class='ocrx_word' id='word_1_19' title='bbox 1105 964 1291 1041; x_wconf 89' lang='lat' dir='ltr'><strong>dictarum</strong></span> <span class='ocrx_word' id='word_1_20' title='bbox 1306 962 1516 1041; x_wconf 83' lang='lat' dir='ltr'><strong>litterarum</strong></span> <span class='ocrx_word' id='word_1_21' title='bbox 1532 980 1746 1042; x_wconf 91' lang='lat' dir='ltr'><strong>nostrarum</strong></span> <span class='ocrx_word' id='word_1_22' title='bbox 1759 963 1914 1040; x_wconf 85' lang='lat' dir='ltr'><strong>virtute:</strong></span> 
     </span>
     <span class='ocr_line' id='line_1_4' title="bbox 487 1095 1916 1204; baseline -0.003 -29"><span class='ocrx_word' id='word_1_23' title='bbox 487 1097 575 1175; x_wconf 87' lang='lat' dir='ltr'><strong>Visa</strong></span> <span class='ocrx_word' id='word_1_24' title='bbox 594 1098 708 1204; x_wconf 86' lang='lat' dir='ltr'><strong>igitur</strong></span> <span class='ocrx_word' id='word_1_25' title='bbox 723 1096 822 1174; x_wconf 91' lang='lat' dir='ltr'><strong>dicta</strong></span> <span class='ocrx_word' id='word_1_26' title='bbox 841 1096 1027 1201; x_wconf 89' lang='lat' dir='ltr'><strong>inquesta,</strong></span> <span class='ocrx_word' id='word_1_27' title='bbox 1055 1095 1103 1172; x_wconf 87' lang='lat' dir='ltr'><strong>de</strong></span> <span class='ocrx_word' id='word_1_28' title='bbox 1127 1095 1303 1173; x_wconf 85' lang='lat' dir='ltr'><strong>mandato</strong></span> <span class='ocrx_word' id='word_1_29' title='bbox 1326 1113 1456 1174; x_wconf 87' lang='lat' dir='ltr'><strong>nostro</strong></span> <span class='ocrx_word' id='word_1_30' title='bbox 1479 1096 1582 1175; x_wconf 92' lang='lat' dir='ltr'><strong>curie</strong></span> <span class='ocrx_word' id='word_1_31' title='bbox 1601 1112 1728 1173; x_wconf 88' lang='lat' dir='ltr'><strong>nostre</strong></span> <span class='ocrx_word' id='word_1_32' title='bbox 1750 1095 1916 1186; x_wconf 87' lang='lat' dir='ltr'><strong>remissa,</strong></span> 
     </span>
     <span class='ocr_line' id='line_1_5' title="bbox 488 1226 1916 1335; baseline 0 -31"><span class='ocrx_word' id='word_1_33' title='bbox 488 1256 557 1334; x_wconf 90' lang='lat' dir='ltr'><strong>per</strong></span> <span class='ocrx_word' id='word_1_34' title='bbox 579 1228 679 1306; x_wconf 87' lang='lat' dir='ltr'><strong>dicte</strong></span> <span class='ocrx_word' id='word_1_35' title='bbox 699 1245 826 1307; x_wconf 86' lang='lat' dir='ltr'><strong>nostre</strong></span> <span class='ocrx_word' id='word_1_36' title='bbox 846 1226 951 1303; x_wconf 90' lang='lat' dir='ltr'><strong>curie</strong></span> <span class='ocrx_word' id='word_1_37' title='bbox 963 1226 1170 1334; x_wconf 86' lang='lat' dir='ltr'><strong>judicium,</strong></span> <span class='ocrx_word' id='word_1_38' title='bbox 1192 1226 1338 1304; x_wconf 92' lang='lat' dir='ltr'><strong>dictum</strong></span> <span class='ocrx_word' id='word_1_39' title='bbox 1362 1228 1434 1304; x_wconf 86' lang='lat' dir='ltr'><strong>luit</strong></span> <span class='ocrx_word' id='word_1_40' title='bbox 1453 1227 1667 1335; x_wconf 88' lang='lat' dir='ltr'><strong>predictum</strong></span> <span class='ocrx_word' id='word_1_41' title='bbox 1688 1227 1916 1304; x_wconf 90' lang='lat' dir='ltr'><strong>Bemardum</strong></span> 
     </span>
     <span class='ocr_line' id='line_1_6' title="bbox 489 1348 1918 1467; baseline -0.001 -32"><span class='ocrx_word' id='word_1_42' title='bbox 489 1359 659 1467; x_wconf 84' lang='lat' dir='ltr'><strong>Hugonis</strong></span> <span class='ocrx_word' id='word_1_43' title='bbox 675 1360 812 1467; x_wconf 88' lang='lat' dir='ltr'><strong>injuste</strong></span> <span class='ocrx_word' id='word_1_44' title='bbox 837 1358 886 1435; x_wconf 91' lang='lat' dir='ltr'><strong>de</strong></span> <span class='ocrx_word' id='word_1_45' title='bbox 913 1358 1024 1437; x_wconf 89' lang='lat' dir='ltr'><strong>dictis</strong></span> <span class='ocrx_word' id='word_1_46' title='bbox 1046 1348 1184 1436; x_wconf 82' lang='lat' dir='ltr'><strong>nostiis</strong></span> <span class='ocrx_word' id='word_1_47' title='bbox 1208 1356 1432 1436; x_wconf 87' lang='lat' dir='ltr'><strong>officialibus</strong></span> <span class='ocrx_word' id='word_1_48' title='bbox 1452 1358 1565 1437; x_wconf 84' lang='lat' dir='ltr'><strong>firisse</strong></span> <span class='ocrx_word' id='word_1_49' title='bbox 1590 1374 1860 1463; x_wconf 89' lang='lat' dir='ltr'><strong>conquestum,</strong></span> <span class='ocrx_word' id='word_1_50' title='bbox 1883 1374 1918 1435; x_wconf 89' lang='lat' dir='ltr'><strong>et</strong></span> 
     </span>
     <span class='ocr_line' id='line_1_7' title="bbox 488 1490 1918 1598; baseline -0.001 -33"><span class='ocrx_word' id='word_1_51' title='bbox 488 1492 589 1597; x_wconf 89' lang='lat' dir='ltr'><strong>ipsos</strong></span> <span class='ocrx_word' id='word_1_52' title='bbox 611 1508 741 1569; x_wconf 88' lang='lat' dir='ltr'><strong>contra</strong></span> <span class='ocrx_word' id='word_1_53' title='bbox 763 1492 887 1598; x_wconf 90' lang='lat' dir='ltr'><strong>ipsum</strong></span> <span class='ocrx_word' id='word_1_54' title='bbox 911 1517 989 1567; x_wconf 91' lang='lat' dir='ltr'><strong>non</strong></span> <span class='ocrx_word' id='word_1_55' title='bbox 1014 1491 1228 1579; x_wconf 79' lang='lat' dir='ltr'>excessisse,</span> <span class='ocrx_word' id='word_1_56' title='bbox 1254 1490 1466 1597; x_wconf 84' lang='lat' dir='ltr'><strong>dictamque</strong></span> <span class='ocrx_word' id='word_1_57' title='bbox 1492 1518 1646 1566; x_wconf 91' lang='lat' dir='ltr'><strong>manum</strong></span> <span class='ocrx_word' id='word_1_58' title='bbox 1674 1506 1857 1580; x_wconf 90' lang='lat' dir='ltr'><strong>nostram,</strong></span> <span class='ocrx_word' id='word_1_59' title='bbox 1881 1490 1918 1564; x_wconf 92' lang='lat' dir='ltr'><strong>in</strong></span> 
     </span>
     <span class='ocr_line' id='line_1_8' title="bbox 487 1620 1917 1729; baseline 0 -32"><span class='ocrx_word' id='word_1_60' title='bbox 487 1622 742 1729; x_wconf 84' lang='lat' dir='ltr'><strong>prejudicium</strong></span> <span class='ocrx_word' id='word_1_61' title='bbox 762 1622 851 1700; x_wconf 88' lang='lat' dir='ltr'><strong>dicti</strong></span> <span class='ocrx_word' id='word_1_62' title='bbox 877 1620 1001 1699; x_wconf 77' lang='lat' dir='ltr'><strong>fratris</strong></span> <span class='ocrx_word' id='word_1_63' title='bbox 1024 1622 1227 1711; x_wconf 84' lang='lat' dir='ltr'><strong>Remondi,</strong></span> <span class='ocrx_word' id='word_1_64' title='bbox 1253 1622 1412 1728; x_wconf 78' lang='lat' dir='ltr'><strong>positam</strong></span> <span class='ocrx_word' id='word_1_65' title='bbox 1437 1624 1478 1698; x_wconf 86' lang='lat' dir='ltr'><strong>in</strong></span> <span class='ocrx_word' id='word_1_66' title='bbox 1503 1622 1604 1699; x_wconf 90' lang='lat' dir='ltr'><strong>dicto</strong></span> <span class='ocrx_word' id='word_1_67' title='bbox 1629 1622 1814 1727; x_wconf 82' lang='lat' dir='ltr'><strong>prioratu,</strong></span> <span class='ocrx_word' id='word_1_68' title='bbox 1843 1648 1917 1697; x_wconf 84' lang='lat' dir='ltr'><strong>esse</strong></span> 
     </span>
     <span class='ocr_line' id='line_1_9' title="bbox 488 1752 1920 1862; baseline -0.001 -33"><span class='ocrx_word' id='word_1_69' title='bbox 488 1754 749 1846; x_wconf 82' lang='lat' dir='ltr'><strong>amovendam,</strong></span> <span class='ocrx_word' id='word_1_70' title='bbox 767 1753 932 1860; x_wconf 76' lang='lat' dir='ltr'><strong>fuitque,</strong></span> <span class='ocrx_word' id='word_1_71' title='bbox 946 1782 1015 1861; x_wconf 91' lang='lat' dir='ltr'><strong>per</strong></span> <span class='ocrx_word' id='word_1_72' title='bbox 1027 1753 1131 1830; x_wconf 90' lang='lat' dir='ltr'><strong>idem</strong></span> <span class='ocrx_word' id='word_1_73' title='bbox 1139 1754 1340 1862; x_wconf 89' lang='lat' dir='ltr'><strong>judicium,</strong></span> <span class='ocrx_word' id='word_1_74' title='bbox 1356 1770 1496 1844; x_wconf 90' lang='lat' dir='ltr'><strong>amota,</strong></span> <span class='ocrx_word' id='word_1_75' title='bbox 1512 1768 1698 1860; x_wconf 87' lang='lat' dir='ltr'><strong>quantum</strong></span> <span class='ocrx_word' id='word_1_76' title='bbox 1708 1752 1828 1861; x_wconf 81' lang='lat' dir='ltr'><strong>tangit</strong></span> <span class='ocrx_word' id='word_1_77' title='bbox 1847 1752 1920 1829; x_wconf 83' lang='lat' dir='ltr'><strong>dic-</strong></span> 
     </span>
     <span class='ocr_line' id='line_1_10' title="bbox 489 1883 1917 1993; baseline -0.001 -32"><span class='ocrx_word' id='word_1_78' title='bbox 489 1903 572 1961; x_wconf 93' lang='lat' dir='ltr'><strong>tum</strong></span> <span class='ocrx_word' id='word_1_79' title='bbox 589 1886 741 1963; x_wconf 79' lang='lat' dir='ltr'><strong>fratrem</strong></span> <span class='ocrx_word' id='word_1_80' title='bbox 761 1886 1020 1972; x_wconf 80' lang='lat' dir='ltr'><strong>llemondum,</strong></span> <span class='ocrx_word' id='word_1_81' title='bbox 1035 1902 1074 1961; x_wconf 90' lang='lat' dir='ltr'><strong>et</strong></span> <span class='ocrx_word' id='word_1_82' title='bbox 1090 1884 1233 1963; x_wconf 92' lang='lat' dir='ltr'><strong>dictum</strong></span> <span class='ocrx_word' id='word_1_83' title='bbox 1250 1886 1373 1991; x_wconf 90' lang='lat' dir='ltr'><strong>quod,</strong></span> <span class='ocrx_word' id='word_1_84' title='bbox 1388 1902 1571 1993; x_wconf 88' lang='lat' dir='ltr'><strong>quantum</strong></span> <span class='ocrx_word' id='word_1_85' title='bbox 1591 1883 1638 1960; x_wconf 90' lang='lat' dir='ltr'><strong>ad</strong></span> <span class='ocrx_word' id='word_1_86' title='bbox 1657 1913 1728 1962; x_wconf 90' lang='lat' dir='ltr'><strong>nos</strong></span> <span class='ocrx_word' id='word_1_87' title='bbox 1740 1884 1917 1990; x_wconf 85' lang='lat' dir='ltr'><strong>pertinet,</strong></span> 
     </span>
     <span class='ocr_line' id='line_1_11' title="bbox 489 2015 1919 2123; baseline 0 -32"><span class='ocrx_word' id='word_1_88' title='bbox 489 2017 568 2123; x_wconf 90' lang='lat' dir='ltr'><strong>ipse</strong></span> <span class='ocrx_word' id='word_1_89' title='bbox 586 2018 627 2093; x_wconf 91' lang='lat' dir='ltr'><strong>in</strong></span> <span class='ocrx_word' id='word_1_90' title='bbox 644 2046 711 2093; x_wconf 87' lang='lat' dir='ltr'><strong>sua</strong></span> <span class='ocrx_word' id='word_1_91' title='bbox 723 2017 959 2122; x_wconf 83' lang='lat' dir='ltr'><strong>possessione</strong></span> <span class='ocrx_word' id='word_1_92' title='bbox 973 2016 1227 2109; x_wconf 84' lang='lat' dir='ltr'><strong>deffendetur,</strong></span> <span class='ocrx_word' id='word_1_93' title='bbox 1242 2017 1330 2096; x_wconf 88' lang='lat' dir='ltr'><strong>visis</strong></span> <span class='ocrx_word' id='word_1_94' title='bbox 1345 2017 1461 2093; x_wconf 89' lang='lat' dir='ltr'><strong>eciam</strong></span> <span class='ocrx_word' id='word_1_95' title='bbox 1479 2016 1625 2093; x_wconf 87' lang='lat' dir='ltr'><strong>duabus</strong></span> <span class='ocrx_word' id='word_1_96' title='bbox 1640 2016 1722 2092; x_wconf 85' lang='lat' dir='ltr'><strong>aliis</strong></span> <span class='ocrx_word' id='word_1_97' title='bbox 1738 2015 1919 2123; x_wconf 87' lang='lat' dir='ltr'><strong>inquestis</strong></span> 
     </span>
     <span class='ocr_line' id='line_1_12' title="bbox 491 2146 1918 2235; baseline -0.002 -10"><span class='ocrx_word' id='word_1_98' title='bbox 491 2148 538 2225; x_wconf 91' lang='lat' dir='ltr'><strong>de</strong></span> <span class='ocrx_word' id='word_1_99' title='bbox 566 2148 743 2224; x_wconf 85' lang='lat' dir='ltr'><strong>mandato</strong></span> <span class='ocrx_word' id='word_1_100' title='bbox 768 2164 897 2226; x_wconf 91' lang='lat' dir='ltr'><strong>nostro</strong></span> <span class='ocrx_word' id='word_1_101' title='bbox 925 2146 1030 2225; x_wconf 87' lang='lat' dir='ltr'><strong>lactis</strong></span> <span class='ocrx_word' id='word_1_102' title='bbox 1058 2147 1359 2225; x_wconf 86' lang='lat' dir='ltr'><strong>contradictum</strong></span> <span class='ocrx_word' id='word_1_103' title='bbox 1389 2148 1540 2226; x_wconf 81' lang='lat' dir='ltr'><strong>fratrem</strong></span> <span class='ocrx_word' id='word_1_104' title='bbox 1569 2149 1825 2235; x_wconf 85' lang='lat' dir='ltr'><strong>Remondum,</strong></span> <span class='ocrx_word' id='word_1_105' title='bbox 1847 2164 1918 2224; x_wconf 90' lang='lat' dir='ltr'><strong>tam</strong></span> 
     </span>
     <span class='ocr_line' id='line_1_13' title="bbox 489 2278 1919 2388; baseline -0.001 -31"><span class='ocrx_word' id='word_1_106' title='bbox 489 2309 603 2388; x_wconf 91' lang='lat' dir='ltr'><strong>super</strong></span> <span class='ocrx_word' id='word_1_107' title='bbox 622 2280 839 2386; x_wconf 82' lang='lat' dir='ltr'><strong>portacione</strong></span> <span class='ocrx_word' id='word_1_108' title='bbox 859 2307 1049 2356; x_wconf 90' lang='lat' dir='ltr'><strong>armorum</strong></span> <span class='ocrx_word' id='word_1_109' title='bbox 1069 2308 1184 2383; x_wconf 92' lang='lat' dir='ltr'><strong>quam</strong></span> <span class='ocrx_word' id='word_1_110' title='bbox 1206 2308 1321 2385; x_wconf 89' lang='lat' dir='ltr'><strong>super</strong></span> <span class='ocrx_word' id='word_1_111' title='bbox 1337 2279 1512 2385; x_wconf 91' lang='lat' dir='ltr'><strong>pluribus</strong></span> <span class='ocrx_word' id='word_1_112' title='bbox 1531 2278 1822 2367; x_wconf 76' lang='lat' dir='ltr'><strong>rebellionibus,</strong></span> <span class='ocrx_word' id='word_1_113' title='bbox 1843 2280 1919 2356; x_wconf 93' lang='lat' dir='ltr'><strong>ino-</strong></span> 
     </span>
     <span class='ocr_line' id='line_1_14' title="bbox 489 2410 1921 2518; baseline 0 -31"><span class='ocrx_word' id='word_1_114' title='bbox 489 2411 698 2489; x_wconf 87' lang='lat' dir='ltr'><strong>bedienciis</strong></span> <span class='ocrx_word' id='word_1_115' title='bbox 715 2427 754 2488; x_wconf 89' lang='lat' dir='ltr'><strong>et</strong></span> <span class='ocrx_word' id='word_1_116' title='bbox 769 2410 929 2518; x_wconf 87' lang='lat' dir='ltr'><strong>injuriis,</strong></span> <span class='ocrx_word' id='word_1_117' title='bbox 946 2438 1015 2516; x_wconf 90' lang='lat' dir='ltr'><strong>per</strong></span> <span class='ocrx_word' id='word_1_118' title='bbox 1031 2410 1155 2516; x_wconf 88' lang='lat' dir='ltr'><strong>ipsum</strong></span> <span class='ocrx_word' id='word_1_119' title='bbox 1174 2427 1211 2487; x_wconf 91' lang='lat' dir='ltr'><strong>et</strong></span> <span class='ocrx_word' id='word_1_120' title='bbox 1226 2438 1316 2488; x_wconf 90' lang='lat' dir='ltr'><strong>suos</strong></span> <span class='ocrx_word' id='word_1_121' title='bbox 1331 2410 1535 2515; x_wconf 88' lang='lat' dir='ltr'><strong>complices</strong></span> <span class='ocrx_word' id='word_1_122' title='bbox 1550 2410 1665 2499; x_wconf 87' lang='lat' dir='ltr'><strong>lactis,</strong></span> <span class='ocrx_word' id='word_1_123' title='bbox 1684 2426 1812 2487; x_wconf 89' lang='lat' dir='ltr'><strong>contra</strong></span> <span class='ocrx_word' id='word_1_124' title='bbox 1828 2439 1921 2487; x_wconf 92' lang='lat' dir='ltr'><strong>com-</strong></span> 
     </span>
     <span class='ocr_line' id='line_1_15' title="bbox 489 2540 1934 2649; baseline -0.004 -30"><span class='ocrx_word' id='word_1_125' title='bbox 489 2543 679 2621; x_wconf 84' lang='lat' dir='ltr'><strong>missarios</strong></span> <span class='ocrx_word' id='word_1_126' title='bbox 698 2541 915 2620; x_wconf 91' lang='lat' dir='ltr'><strong>senescallie</strong></span> <span class='ocrx_word' id='word_1_127' title='bbox 937 2541 1209 2629; x_wconf 86' lang='lat' dir='ltr'><strong>Ruthenensis,</strong></span> <span class='ocrx_word' id='word_1_128' title='bbox 1229 2540 1311 2649; x_wconf 90' lang='lat' dir='ltr'><strong>ejus</strong></span> <span class='ocrx_word' id='word_1_129' title='bbox 1330 2541 1549 2619; x_wconf 87' lang='lat' dir='ltr'><strong>mandatum</strong></span> <span class='ocrx_word' id='word_1_130' title='bbox 1570 2560 1817 2649; x_wconf 82' lang='lat' dir='ltr'><strong>exequentes,</strong></span> <span class='ocrx_word' id='word_1_131' title='bbox 1836 2571 1934 2621; x_wconf 90' lang='lat' dir='ltr'><strong>con-.</strong></span> 
     </span>
     <span class='ocr_line' id='line_1_16' title="bbox 490 2674 1918 2781; baseline -0.002 -27"><span class='ocrx_word' id='word_1_132' title='bbox 490 2677 661 2755; x_wconf 88' lang='lat' dir='ltr'><strong>sideratis</strong></span> <span class='ocrx_word' id='word_1_133' title='bbox 685 2675 961 2781; x_wconf 90' lang='lat' dir='ltr'><strong>omnibusque</strong></span> <span class='ocrx_word' id='word_1_134' title='bbox 984 2674 1190 2781; x_wconf 86' lang='lat' dir='ltr'><strong>superbiis</strong></span> <span class='ocrx_word' id='word_1_135' title='bbox 1214 2674 1441 2753; x_wconf 90' lang='lat' dir='ltr'><strong>considerari</strong></span> <span class='ocrx_word' id='word_1_136' title='bbox 1461 2691 1634 2780; x_wconf 85' lang='lat' dir='ltr'><strong>poterant</strong></span> <span class='ocrx_word' id='word_1_137' title='bbox 1655 2691 1693 2751; x_wconf 91' lang='lat' dir='ltr'><strong>et</strong></span> <span class='ocrx_word' id='word_1_138' title='bbox 1716 2675 1918 2764; x_wconf 91' lang='lat' dir='ltr'><strong>debebant,</strong></span> 
     </span>
     <span class='ocr_line' id='line_1_17' title="bbox 489 2806 1921 2914; baseline -0.003 -29"><span class='ocrx_word' id='word_1_139' title='bbox 489 2810 579 2896; x_wconf 85' lang='lat' dir='ltr'><strong>fuit,</strong></span> <span class='ocrx_word' id='word_1_140' title='bbox 594 2837 662 2913; x_wconf 91' lang='lat' dir='ltr'><strong>per</strong></span> <span class='ocrx_word' id='word_1_141' title='bbox 674 2808 776 2883; x_wconf 92' lang='lat' dir='ltr'><strong>idem</strong></span> <span class='ocrx_word' id='word_1_142' title='bbox 785 2807 989 2913; x_wconf 88' lang='lat' dir='ltr'><strong>judicium,</strong></span> <span class='ocrx_word' id='word_1_143' title='bbox 1007 2806 1223 2883; x_wconf 85' lang='lat' dir='ltr'><strong>ordinatum</strong></span> <span class='ocrx_word' id='word_1_144' title='bbox 1238 2806 1344 2913; x_wconf 93' lang='lat' dir='ltr'><strong>quod</strong></span> <span class='ocrx_word' id='word_1_145' title='bbox 1358 2807 1615 2913; x_wconf 82' lang='lat' dir='ltr'><strong>temporalitas</strong></span> <span class='ocrx_word' id='word_1_146' title='bbox 1632 2806 1721 2884; x_wconf 92' lang='lat' dir='ltr'><strong>dicti</strong></span> <span class='ocrx_word' id='word_1_147' title='bbox 1736 2806 1921 2914; x_wconf 91' lang='lat' dir='ltr'><strong>prioratus</strong></span> 
     </span>
     <span class='ocr_line' id='line_1_18' title="bbox 491 2937 1920 3045; baseline 0 -30"><span class='ocrx_word' id='word_1_148' title='bbox 491 2940 540 3015; x_wconf 93' lang='lat' dir='ltr'><strong>ad</strong></span> <span class='ocrx_word' id='word_1_149' title='bbox 551 2968 705 3015; x_wconf 90' lang='lat' dir='ltr'><strong>manum</strong></span> <span class='ocrx_word' id='word_1_150' title='bbox 721 2953 886 3015; x_wconf 90' lang='lat' dir='ltr'><strong>nostram</strong></span> <span class='ocrx_word' id='word_1_151' title='bbox 908 2938 1074 3044; x_wconf 89' lang='lat' dir='ltr'><strong>capiatur</strong></span> <span class='ocrx_word' id='word_1_152' title='bbox 1093 2955 1133 3014; x_wconf 89' lang='lat' dir='ltr'><strong>et</strong></span> <span class='ocrx_word' id='word_1_153' title='bbox 1151 2954 1335 3029; x_wconf 86' lang='lat' dir='ltr'><strong>teneatur,</strong></span> <span class='ocrx_word' id='word_1_154' title='bbox 1353 2966 1554 3045; x_wconf 88' lang='lat' dir='ltr'><strong>quousque</strong></span> <span class='ocrx_word' id='word_1_155' title='bbox 1571 2937 1680 3015; x_wconf 88' lang='lat' dir='ltr'><strong>nobis</strong></span> <span class='ocrx_word' id='word_1_156' title='bbox 1700 2938 1750 3015; x_wconf 86' lang='lat' dir='ltr'><strong>de</strong></span> <span class='ocrx_word' id='word_1_157' title='bbox 1771 2957 1920 3015; x_wconf 89' lang='lat' dir='ltr'><strong>centum</strong></span> 
     </span>
    </p>

    <p class='ocr_par' dir='ltr' id='par_1_3' title="bbox 491 3069 1866 3178">
     <span class='ocr_line' id='line_1_19' title="bbox 491 3069 1866 3178; baseline 0 -31"><span class='ocrx_word' id='word_1_158' title='bbox 491 3070 598 3148; x_wconf 85' lang='lat' dir='ltr'><strong>libris</strong></span> <span class='ocrx_word' id='word_1_159' title='bbox 614 3070 902 3149; x_wconf 88' lang='lat' dir='ltr'><strong>Turonensibus</strong></span> <span class='ocrx_word' id='word_1_160' title='bbox 921 3069 1035 3147; x_wconf 86' lang='lat' dir='ltr'><strong>luerit</strong></span> <span class='ocrx_word' id='word_1_161' title='bbox 1053 3069 1301 3161; x_wconf 80' lang='lat' dir='ltr'><strong>satisfactum,</strong></span> <span class='ocrx_word' id='word_1_162' title='bbox 1322 3100 1391 3178; x_wconf 90' lang='lat' dir='ltr'><strong>pro</strong></span> <span class='ocrx_word' id='word_1_163' title='bbox 1413 3072 1574 3150; x_wconf 88' lang='lat' dir='ltr'><strong>emenda</strong></span> <span class='ocrx_word' id='word_1_164' title='bbox 1593 3070 1866 3178; x_wconf 88' lang='lat' dir='ltr'><strong>predictorum.</strong></span> 
     </span>
    </p>

    <p class='ocr_par' dir='ltr' id='par_1_4' title="bbox 549 3200 1243 3442">
     <span class='ocr_line' id='line_1_20' title="bbox 549 3200 1243 3308; baseline -0.003 -27"><span class='ocrx_word' id='word_1_165' title='bbox 549 3202 725 3281; x_wconf 89' lang='lat' dir='ltr'><strong>Mercurii</strong></span> <span class='ocrx_word' id='word_1_166' title='bbox 746 3220 832 3308; x_wconf 87' lang='lat' dir='ltr'><strong>post</strong></span> <span class='ocrx_word' id='word_1_167' title='bbox 850 3200 1000 3279; x_wconf 90' lang='lat' dir='ltr'><strong>octabas</strong></span> <span class='ocrx_word' id='word_1_168' title='bbox 1020 3202 1243 3280; x_wconf 88' lang='lat' dir='ltr'><strong>Candelose.</strong></span> 
     </span>
     <span class='ocr_line' id='line_1_21' title="bbox 549 3333 941 3442; baseline -0.003 -31"><span class='ocrx_word' id='word_1_169' title='bbox 549 3337 711 3442; x_wconf 84' lang='lat' dir='ltr'><strong>Mangon</strong></span> <span class='ocrx_word' id='word_1_170' title='bbox 729 3333 941 3441; x_wconf 90' lang='lat' dir='ltr'><strong>reportavit.</strong></span> 
     </span>
    </p>
   </div>
   <div class='ocr_carea' id='block_1_3' title="bbox 447 3603 2125 5026">
    <p class='ocr_par' dir='ltr' id='par_1_5' title="bbox 447 3603 2125 5225">
     <span class='ocr_line' id='line_1_22' title="bbox 548 3603 1923 3712; baseline 0.001 -34"><span class='ocrx_word' id='word_1_171' title='bbox 548 3603 592 3678; x_wconf 88' lang='grc' dir='ltr'><strong>Χ.</strong></span> <span class='ocrx_word' id='word_1_172' title='bbox 626 3603 705 3679; x_wconf 91' lang='lat' dir='ltr'><strong>Lite</strong></span> <span class='ocrx_word' id='word_1_173' title='bbox 728 3621 846 3697; x_wconf 93' lang='lat' dir='ltr'><strong>mota,</strong></span> <span class='ocrx_word' id='word_1_174' title='bbox 874 3632 998 3682; x_wconf 90' lang='lat' dir='ltr'><strong>coram</strong></span> <span class='ocrx_word' id='word_1_175' title='bbox 1014 3605 1144 3712; x_wconf 90' lang='lat' dir='ltr'><strong>judice</strong></span> <span class='ocrx_word' id='word_1_176' title='bbox 1167 3605 1410 3685; x_wconf 92' lang='lat' dir='ltr'><strong>dominorum</strong></span> <span class='ocrx_word' id='word_1_177' title='bbox 1437 3604 1485 3681; x_wconf 90' lang='lat' dir='ltr'><strong>de</strong></span> <span class='ocrx_word' id='word_1_178' title='bbox 1509 3604 1652 3693; x_wconf 89' lang='lat' dir='ltr'><strong>Alesto,</strong></span> <span class='ocrx_word' id='word_1_179' title='bbox 1679 3604 1779 3681; x_wconf 89' lang='lat' dir='ltr'><strong>inter</strong></span> <span class='ocrx_word' id='word_1_180' title='bbox 1798 3604 1923 3679; x_wconf 89' lang='lat' dir='ltr'><strong>Petro-</strong></span> 
     </span>
     <span class='ocr_line' id='line_1_23' title="bbox 492 3731 1922 3843; baseline 0.001 -35"><span class='ocrx_word' id='word_1_181' title='bbox 492 3732 638 3822; x_wconf 91' lang='lat' dir='ltr'><strong>nillam,</strong></span> <span class='ocrx_word' id='word_1_182' title='bbox 668 3731 788 3808; x_wconf 88' lang='lat' dir='ltr'><strong>filiam</strong></span> <span class='ocrx_word' id='word_1_183' title='bbox 811 3732 992 3811; x_wconf 75' lang='lat' dir='ltr'><strong>iohannis</strong></span> <span class='ocrx_word' id='word_1_184' title='bbox 1016 3735 1207 3824; x_wconf 86' lang='lat' dir='ltr'><strong>Robandi,</strong></span> <span class='ocrx_word' id='word_1_185' title='bbox 1235 3764 1278 3812; x_wconf 84' lang='lat' dir='ltr'><strong>ex</strong></span> <span class='ocrx_word' id='word_1_186' title='bbox 1301 3764 1374 3812; x_wconf 87' lang='lat' dir='ltr'><strong>una</strong></span> <span class='ocrx_word' id='word_1_187' title='bbox 1403 3753 1524 3840; x_wconf 88' lang='lat' dir='ltr'><strong>parte,</strong></span> <span class='ocrx_word' id='word_1_188' title='bbox 1552 3752 1589 3811; x_wconf 91' lang='lat' dir='ltr'><strong>et</strong></span> <span class='ocrx_word' id='word_1_189' title='bbox 1614 3734 1835 3843; x_wconf 83' lang='lat' dir='ltr'><strong>magistrum</strong></span> <span class='ocrx_word' id='word_1_190' title='bbox 1856 3736 1922 3811; x_wconf 88' lang='lat' dir='ltr'><strong>Pe-</strong></span> 
     </span>
     <span class='ocr_line' id='line_1_24' title="bbox 492 3861 1923 3972; baseline 0.003 -35"><span class='ocrx_word' id='word_1_191' title='bbox 492 3880 595 3937; x_wconf 89' lang='lat' dir='ltr'><strong>trum</strong></span> <span class='ocrx_word' id='word_1_192' title='bbox 618 3861 788 3968; x_wconf 91' lang='lat' dir='ltr'><strong>Capelle,</strong></span> <span class='ocrx_word' id='word_1_193' title='bbox 812 3892 855 3939; x_wconf 83' lang='lat' dir='ltr'><strong>ex</strong></span> <span class='ocrx_word' id='word_1_194' title='bbox 872 3864 1006 3956; x_wconf 61' lang='lat' dir='ltr'><strong>utera,</strong></span> <span class='ocrx_word' id='word_1_195' title='bbox 1028 3893 1143 3972; x_wconf 90' lang='lat' dir='ltr'><strong>super</strong></span> <span class='ocrx_word' id='word_1_196' title='bbox 1169 3894 1214 3943; x_wconf 92' lang='lat' dir='ltr'><strong>eo</strong></span> <span class='ocrx_word' id='word_1_197' title='bbox 1237 3868 1343 3972; x_wconf 91' lang='lat' dir='ltr'><strong>quod</strong></span> <span class='ocrx_word' id='word_1_198' title='bbox 1368 3867 1466 3944; x_wconf 89' lang='lat' dir='ltr'><strong>dicta</strong></span> <span class='ocrx_word' id='word_1_199' title='bbox 1483 3866 1707 3955; x_wconf 88' lang='lat' dir='ltr'><strong>Petronilla,</strong></span> <span class='ocrx_word' id='word_1_200' title='bbox 1732 3894 1817 3943; x_wconf 90' lang='lat' dir='ltr'><strong>cum</strong></span> <span class='ocrx_word' id='word_1_201' title='bbox 1839 3895 1923 3942; x_wconf 89' lang='lat' dir='ltr'><strong>auc-</strong></span> 
     </span>
     <span class='ocr_line' id='line_1_25' title="bbox 447 3991 1922 4105; baseline 0.003 -37"><span class='ocrx_word' id='word_1_202' title='bbox 447 3991 461 4016; x_wconf 68' lang='lat'><em>*</em></span> <span class='ocrx_word' id='word_1_203' title='bbox 493 3992 641 4069; x_wconf 89' lang='lat' dir='ltr'><strong>toritate</strong></span> <span class='ocrx_word' id='word_1_204' title='bbox 657 3993 841 4100; x_wconf 89' lang='lat' dir='ltr'><strong>patrissui</strong></span> <span class='ocrx_word' id='word_1_205' title='bbox 853 3993 1029 4101; x_wconf 89' lang='lat' dir='ltr'><strong>predicti,</strong></span> <span class='ocrx_word' id='word_1_206' title='bbox 1045 3996 1257 4074; x_wconf 89' lang='lat' dir='ltr'><strong>vindicabat</strong></span> <span class='ocrx_word' id='word_1_207' title='bbox 1268 3999 1471 4103; x_wconf 89' lang='lat' dir='ltr'><strong>quemdam</strong></span> <span class='ocrx_word' id='word_1_208' title='bbox 1485 4026 1671 4105; x_wconf 87' lang='lat' dir='ltr'><strong>campum,</strong></span> <span class='ocrx_word' id='word_1_209' title='bbox 1689 3996 1922 4103; x_wconf 85' lang='lat' dir='ltr'><strong>designatum</strong></span> 
     </span>
     <span class='ocr_line' id='line_1_26' title="bbox 492 4122 1924 4237; baseline 0.004 -40"><span class='ocrx_word' id='word_1_210' title='bbox 492 4124 531 4197; x_wconf 92' lang='lat' dir='ltr'><strong>in</strong></span> <span class='ocrx_word' id='word_1_211' title='bbox 550 4122 682 4200; x_wconf 90' lang='lat' dir='ltr'><strong>libello</strong></span> <span class='ocrx_word' id='word_1_212' title='bbox 701 4151 788 4215; x_wconf 88' lang='lat' dir='ltr'><strong>suc,</strong></span> <span class='ocrx_word' id='word_1_213' title='bbox 809 4153 895 4201; x_wconf 89' lang='lat' dir='ltr'><strong>cum</strong></span> <span class='ocrx_word' id='word_1_214' title='bbox 917 4124 1101 4205; x_wconf 78' lang='lat' dir='ltr'><strong>fructibus</strong></span> <span class='ocrx_word' id='word_1_215' title='bbox 1129 4128 1220 4205; x_wconf 93' lang='lat' dir='ltr'><strong>inde</strong></span> <span class='ocrx_word' id='word_1_216' title='bbox 1247 4128 1453 4237; x_wconf 89' lang='lat' dir='ltr'><strong>perceptis;</strong></span> <span class='ocrx_word' id='word_1_217' title='bbox 1481 4128 1547 4206; x_wconf 89' lang='lat' dir='ltr'><strong>lite</strong></span> <span class='ocrx_word' id='word_1_218' title='bbox 1577 4129 1693 4235; x_wconf 86' lang='lat' dir='ltr'><strong>igitur</strong></span> <span class='ocrx_word' id='word_1_219' title='bbox 1716 4156 1830 4234; x_wconf 90' lang='lat' dir='ltr'><strong>super</strong></span> <span class='ocrx_word' id='word_1_220' title='bbox 1854 4128 1924 4205; x_wconf 89' lang='lat' dir='ltr'><strong>hiis</strong></span> 
     </span>
     <span class='ocr_line' id='line_1_27' title="bbox 492 4256 1921 4367; baseline 0.003 -36"><span class='ocrx_word' id='word_1_221' title='bbox 492 4271 710 4345; x_wconf 88' lang='lat' dir='ltr'><strong>contestata,</strong></span> <span class='ocrx_word' id='word_1_222' title='bbox 733 4256 951 4365; x_wconf 84' lang='lat' dir='ltr'><strong>auditisque</strong></span> <span class='ocrx_word' id='word_1_223' title='bbox 977 4260 1193 4337; x_wconf 87' lang='lat' dir='ltr'><strong>racionibus</strong></span> <span class='ocrx_word' id='word_1_224' title='bbox 1211 4278 1248 4338; x_wconf 91' lang='lat' dir='ltr'><strong>et</strong></span> <span class='ocrx_word' id='word_1_225' title='bbox 1265 4258 1555 4367; x_wconf 82' lang='lat' dir='ltr'><strong>probacionibus</strong></span> <span class='ocrx_word' id='word_1_226' title='bbox 1574 4259 1691 4366; x_wconf 88' lang='lat' dir='ltr'><strong>partis</strong></span> <span class='ocrx_word' id='word_1_227' title='bbox 1709 4258 1921 4365; x_wconf 88' lang='lat' dir='ltr'><strong>utriusque,</strong></span> 
     </span>
     <span class='ocr_line' id='line_1_28' title="bbox 492 4386 1924 4501; baseline 0.003 -39"><span class='ocrx_word' id='word_1_228' title='bbox 492 4386 613 4464; x_wconf 88' lang='lat' dir='ltr'><strong>dictus</strong></span> <span class='ocrx_word' id='word_1_229' title='bbox 635 4388 752 4495; x_wconf 85' lang='lat' dir='ltr'><strong>judex</strong></span> <span class='ocrx_word' id='word_1_230' title='bbox 765 4390 1026 4501; x_wconf 87' lang='lat' dir='ltr'><strong>pronunciavit</strong></span> <span class='ocrx_word' id='word_1_231' title='bbox 1048 4391 1189 4468; x_wconf 89' lang='lat' dir='ltr'><strong>dictum</strong></span> <span class='ocrx_word' id='word_1_232' title='bbox 1210 4419 1429 4500; x_wconf 90' lang='lat' dir='ltr'><strong>processum</strong></span> <span class='ocrx_word' id='word_1_233' title='bbox 1449 4391 1529 4469; x_wconf 84' lang='lat' dir='ltr'><strong>lore</strong></span> <span class='ocrx_word' id='word_1_234' title='bbox 1557 4389 1725 4479; x_wconf 88' lang='lat' dir='ltr'><strong>nullum,</strong></span> <span class='ocrx_word' id='word_1_235' title='bbox 1754 4408 1924 4467; x_wconf 87' lang='lat' dir='ltr'><strong>neutram</strong></span> 
     </span>
     <span class='ocr_line' id='line_1_29' title="bbox 491 4515 1925 4629; baseline 0.003 -35"><span class='ocrx_word' id='word_1_236' title='bbox 491 4536 637 4623; x_wconf 88' lang='lat' dir='ltr'><strong>partem</strong></span> <span class='ocrx_word' id='word_1_237' title='bbox 661 4520 700 4597; x_wconf 95' lang='lat' dir='ltr'><strong>in</strong></span> <span class='ocrx_word' id='word_1_238' title='bbox 724 4515 893 4628; x_wconf 80' lang='lat' dir='ltr'><strong>expensis</strong></span> <span class='ocrx_word' id='word_1_239' title='bbox 917 4521 1250 4629; x_wconf 78' lang='lat' dir='ltr'><strong>condempnand03</strong></span> <span class='ocrx_word' id='word_1_240' title='bbox 1278 4552 1297 4599; x_wconf 89' lang='lat' dir='ltr'><strong>a</strong></span> <span class='ocrx_word' id='word_1_241' title='bbox 1323 4544 1405 4628; x_wconf 84' lang='lat' dir='ltr'><strong>qua·</strong></span> <span class='ocrx_word' id='word_1_242' title='bbox 1418 4523 1572 4629; x_wconf 88' lang='lat' dir='ltr'><strong>quidem</strong></span> <span class='ocrx_word' id='word_1_243' title='bbox 1594 4523 1782 4600; x_wconf 87' lang='lat' dir='ltr'><strong>sentencia</strong></span> <span class='ocrx_word' id='word_1_244' title='bbox 1802 4524 1850 4599; x_wconf 90' lang='lat' dir='ltr'><strong>ad</strong></span> <span class='ocrx_word' id='word_1_245' title='bbox 1869 4552 1925 4599; x_wconf 90' lang='lat' dir='ltr'><strong>se-</strong></span> 
     </span>
     <span class='ocr_line' id='line_1_30' title="bbox 492 4651 1925 4762; baseline 0.005 -38"><span class='ocrx_word' id='word_1_246' title='bbox 492 4651 699 4729; x_wconf 89' lang='lat' dir='ltr'><strong>nescallum</strong></span> <span class='ocrx_word' id='word_1_247' title='bbox 717 4670 889 4731; x_wconf 91' lang='lat' dir='ltr'><strong>nostrum</strong></span> <span class='ocrx_word' id='word_1_248' title='bbox 899 4652 1146 4745; x_wconf 81' lang='lat' dir='ltr'><strong>Belli-cadri,</strong></span> <span class='ocrx_word' id='word_1_249' title='bbox 1160 4680 1229 4760; x_wconf 86' lang='lat' dir='ltr'><strong>per</strong></span> <span class='ocrx_word' id='word_1_250' title='bbox 1244 4653 1380 4731; x_wconf 89' lang='lat' dir='ltr'><strong>dictam</strong></span> <span class='ocrx_word' id='word_1_251' title='bbox 1395 4655 1639 4733; x_wconf 78' lang='lat' dir='ltr'><strong>Petronillam&#39;</strong></span> <span class='ocrx_word' id='word_1_252' title='bbox 1661 4654 1779 4732; x_wconf 83' lang='lat' dir='ltr'><strong>extitit</strong></span> <span class='ocrx_word' id='word_1_253' title='bbox 1798 4654 1925 4762; x_wconf 86' lang='lat' dir='ltr'><strong>appel-</strong></span> 
     </span>
     <span class='ocr_line' id='line_1_31' title="bbox 493 4760 2125 4897; baseline 0.005 -42"><span class='ocrx_word' id='word_1_254' title='bbox 493 4780 630 4872; x_wconf 84' lang='lat' dir='ltr'><strong>latum;</strong></span> <span class='ocrx_word' id='word_1_255' title='bbox 650 4783 757 4889; x_wconf 90' lang='lat' dir='ltr'><strong>cujus</strong></span> <span class='ocrx_word' id='word_1_256' title='bbox 777 4785 970 4863; x_wconf 89' lang='lat' dir='ltr'><strong>senescalli</strong></span> <span class='ocrx_word' id='word_1_257' title='bbox 990 4784 1270 4875; x_wconf 87' lang='lat' dir='ltr'><strong>locumtenens,</strong></span> <span class='ocrx_word' id='word_1_258' title='bbox 1288 4788 1440 4897; x_wconf 82' lang='lat' dir='ltr'><strong>cognito</strong></span> <span class='ocrx_word' id='word_1_259' title='bbox 1461 4788 1508 4865; x_wconf 91' lang='lat' dir='ltr'><strong>de</strong></span> <span class='ocrx_word' id='word_1_260' title='bbox 1529 4786 1672 4867; x_wconf 89' lang='lat' dir='ltr'><strong>meritis</strong></span> <span class='ocrx_word' id='word_1_261' title='bbox 1693 4788 1792 4864; x_wconf 90' lang='lat' dir='ltr'><strong>dicte</strong></span> <span class='ocrx_word' id='word_1_262' title='bbox 1816 4816 1922 4863; x_wconf 90' lang='lat' dir='ltr'><strong>cause</strong></span> <span class='ocrx_word' id='word_1_263' title='bbox 2123 4760 2125 4773; x_wconf 48' lang='lat'><strong>,</strong></span> 
     </span>
     <span class='ocr_line' id='line_1_32' title="bbox 493 4911 1924 5026; baseline 0.005 -40"><span class='ocrx_word' id='word_1_264' title='bbox 493 4911 775 5018; x_wconf 89' lang='lat' dir='ltr'><strong>appellacionis,</strong></span> <span class='ocrx_word' id='word_1_265' title='bbox 794 4918 1053 5022; x_wconf 85' lang='lat' dir='ltr'><strong>pronunciavit</strong></span> <span class='ocrx_word' id='word_1_266' title='bbox 1069 4917 1213 4995; x_wconf 90' lang='lat' dir='ltr'><strong>dictum</strong></span> <span class='ocrx_word' id='word_1_267' title='bbox 1229 4918 1398 5026; x_wconf 89' lang='lat' dir='ltr'><strong>judicem</strong></span> <span class='ocrx_word' id='word_1_268' title='bbox 1420 4920 1467 4997; x_wconf 90' lang='lat' dir='ltr'><strong>de</strong></span> <span class='ocrx_word' id='word_1_269' title='bbox 1494 4919 1621 4997; x_wconf 86' lang='lat' dir='ltr'><strong>Alesto</strong></span> <span class='ocrx_word' id='word_1_270' title='bbox 1643 4918 1740 4995; x_wconf 90' lang='lat' dir='ltr'><strong>male</strong></span> <span class='ocrx_word' id='word_1_271' title='bbox 1760 4944 1924 5025; x_wconf 89' lang='lat' dir='ltr'><strong>pronun·</strong></span> 
     </span>
    </p>
   </div>
   <div class='ocr_carea' id='block_1_4' title="bbox 494 5043 1924 5202">
    <p class='ocr_par' dir='ltr' id='par_1_6' title="bbox 494 5043 1924 5202">
     <span class='ocr_line' id='line_1_33' title="bbox 494 5043 1924 5157; baseline 0.003 -38"><span class='ocrx_word' id='word_1_272' title='bbox 494 5043 625 5136; x_wconf 89' lang='lat' dir='ltr'><strong>ciasse,</strong></span> <span class='ocrx_word' id='word_1_273' title='bbox 651 5063 689 5121; x_wconf 91' lang='lat' dir='ltr'><strong>et</strong></span> <span class='ocrx_word' id='word_1_274' title='bbox 716 5046 852 5123; x_wconf 89' lang='lat' dir='ltr'><strong>dictam</strong></span> <span class='ocrx_word' id='word_1_275' title='bbox 875 5048 1116 5128; x_wconf 88' lang='lat' dir='ltr'><strong>Petronillam</strong></span> <span class='ocrx_word' id='word_1_276' title='bbox 1141 5051 1239 5128; x_wconf 92' lang='lat' dir='ltr'><strong>bene</strong></span> <span class='ocrx_word' id='word_1_277' title='bbox 1267 5050 1490 5157; x_wconf 87' lang='lat' dir='ltr'><strong>appellasse;</strong></span> <span class='ocrx_word' id='word_1_278' title='bbox 1517 5067 1575 5144; x_wconf 87' lang='lat' dir='ltr'><strong>et,</strong></span> <span class='ocrx_word' id='word_1_279' title='bbox 1603 5080 1689 5127; x_wconf 91' lang='lat' dir='ltr'><strong>cum</strong></span> <span class='ocrx_word' id='word_1_280' title='bbox 1716 5050 1805 5139; x_wconf 91' lang='lat' dir='ltr'><strong>hoc,</strong></span> <span class='ocrx_word' id='word_1_281' title='bbox 1837 5076 1924 5127; x_wconf 88' lang='lat' dir='ltr'><strong>con-</strong></span> 
     </span>
     <span class='ocr_line' id='line_1_34' title="bbox 1616 5173 1633 5202; baseline 0 -1"><span class='ocrx_word' id='word_1_282' title='bbox 1616 5173 1633 5202; x_wconf 83' lang='grc'><strong>.</strong></span> 
     </span>
    </p>
   </div>
   <div class='ocr_carea' id='block_1_5' title="bbox 0 0 2241 6209">
    <p class='ocr_par' dir='ltr' id='par_1_7' title="bbox 0 0 2241 6209">
     <span class='ocr_line' id='line_1_35' title="bbox 0 0 2241 6209; baseline 0 0"><span class='ocrx_word' id='word_1_283' title='bbox 0 0 2241 6209; x_wconf 95' lang='lat' dir='ltr'><strong> </strong></span> 
     </span>
    </p>
   </div>
  </div>
 </body>
</html>
