4450 6209
503 722 552 793 82
1084 718 1177 791 LES
1208 716 1347 791 OLlM.

275 869 407 923 patrnos
419 867 464 931 tt,
560 861 722 939 Sabbato
741 879 828 966 post
845 860 1077 967 quindenam
1097 858 1317 941 Candelose.

338 961 400 1003 1801.

559 1125 652 1201 xxt.
684 1126 807 1231 Super
834 1126 1019 1230 requestis
1042 1122 1149 1202 iactis
1173 1139 1212 1199 et
1235 1118 1547 1202 contencionibus
1575 1119 1689 1200 motis
1717 1120 1816 1198 inter
1838 1122 1926 1201 Har-

505 1254 663 1331 deinum
682 1255 730 1331 de
746 1254 932 1345 Mairoles,
950 1285 993 1333 ex
1012 1282 1086 1335 una
1106 1270 1220 1359 parte,
1238 1268 1275 1330 et
1290 1250 1453 1334 alanum
1470 1250 1518 1329 de
1534 1249 1724 1337 Chemire,
1741 1278 1787 1327 ex
1801 1251 1922 1343 altera,

502 1386 651 1463 racione
670 1385 859 1465 bonorum
877 1403 978 1465 terre
998 1386 1046 1463 de
1066 1382 1262 1472 Meiroles,
1278 1410 1353 1489 que
1373 1381 1568 1489 quondam
1587 1380 1741 1461 suerunt
1761 1382 1923 1463 defuncti

503 1515 663 1595 Huberti
683 1517 730 1595 de
750 1517 941 1607 Mairoles,
962 1515 1085 1595 fratris
1104 1514 1195 1593 dicti
1216 1513 1414 1601 Hardoini,
1436 1541 1478 1591 ac
1495 1528 1599 1592 terre
1615 1512 1833 1601 Dardenne,
1855 1542 1924 1619 que

501 1643 665 1735 fuemnt,
682 1648 874 1727 Esmeline
899 1646 1120 1734 Dat-denne,
1146 1646 1275 1727 matris
1299 1644 1490 1751 quondam
1511 1642 1673 1724 Huberti
1692 1660 1730 1724 et
1748 1644 1924 1724 Hardoini

503 1776 1121 1883 predictorumzduditiapareium
1140 1775 1370 1865 nacionibus,
1384 1793 1421 1854 et
1435 1774 1511 1851 visa
1525 1775 1700 1880 inquesta
1712 1802 1827 1879 super
1840 1774 1923 1863 hoc,

504 1904 552 1980 de
568 1906 745 1984 mandato
760 1907 862 1983 curie
876 1925 1019 1998 nostre,
1034 1906 1205 2012 partibus
1219 1906 1371 1993 vocatis,
1388 1904 1496 1992 facta,
1510 1932 1705 2011 perquam
1720 1903 1925 2009 inquestam
2012 1901 2018 1923 ⁸

503 2052 696 2139 repertum
710 2053 767 2112 est
777 2036 944 2141 predicta
957 2036 1057 2114 bona
1072 2037 1199 2114 omnia
1213 2035 1260 2110 ad
1273 2064 1425 2111 manum
1441 2051 1608 2116 nostram
1622 2033 1742 2140 posita
1760 2033 1874 2115 tuisse
1891 2053 1927 2114 et

503 2163 603 2240 bona
620 2165 789 2269 predicta
808 2183 907 2243 terre
927 2166 975 2243 de
995 2166 1169 2244 Mairoles
1190 2166 1291 2242 dicto
1311 2164 1501 2243 Hardoino
1518 2163 1730 2272 adjudicata
1745 2162 1874 2253 baisse,
1891 2184 1926 2242 ot

503 2322 571 2397 per
593 2322 749 2377 manunt
772 2313 938 2374 nostram
961 2296 1106 2373 dictum
1133 2294 1368 2373 Hardoinum
1393 2296 1433 2371 in
1457 2322 1591 2376 eorum
1615 2292 1765 2382 saisina,
1790 2295 1923 2373 virtute

503 2424 593 2501 dicti
608 2424 784 2530 judicati,
805 2426 925 2532 posita
951 2424 1082 2517 fuisse,
1105 2443 1142 2503 et
1166 2426 1290 2530 ipsurn
1310 2424 1544 2503 Hardoinum
1567 2424 1607 2501 in
1632 2452 1765 2501 eorum
1783 2440 1924 2531 posses-

502 2555 628 2644 sione,
655 2574 783 2635 contra
813 2556 904 2633 dicti
922 2556 1081 2663 judicati
1105 2573 1299 2645 tenorem,
1325 2555 1468 2661 pluries
1490 2555 1684 2633 turbatum
1707 2554 1840 2647 fuisse,
1863 2584 1925 2663 per

497 2684 687 2791 judicium
702 2703 828 2765 nostre
841 2687 962 2774 curie,
981 2687 1125 2765 dictum
1140 2686 1214 2763 suit
1228 2687 1333 2792 quod
1348 2686 1475 2765 omnia
1488 2686 1589 2763 bona
1601 2686 1768 2792 predicta
1779 2704 1818 2765 et
1830 2704 1923 2765 terre

504 2815 552 2891 de
572 2815 746 2898 Mairoles
765 2833 804 2893 et
821 2834 921 2898 terre
939 2815 1140 2893 Dardenne
1160 2818 1285 2893 statim
1303 2817 1351 2895 ad
1369 2844 1524 2895 manum
1544 2832 1707 2896 nostram
1726 2835 1923 2921 ponentur,

504 2963 543 3022 et
565 2946 670 3051 quod
690 2946 901 3053 judicatum
926 2948 1155 3053 predictum,
1184 2977 1297 3054 super
1323 2948 1434 3027 bonis
1453 2948 1632 3053 predictis
1648 2964 1747 3025 serre
1768 2948 1816 3027 da
1836 2949 1925 3029 Mai-

503 3075 620 3165 roles,
641 3105 712 3183 pro
731 3078 832 3155 dicto
852 3078 1043 3169 Hardoino
1060 3077 1216 3167 sactum,
1238 3080 1277 3157 in
1297 3078 1441 3159 eisdem
1460 3078 1570 3157 bonis
1588 3078 1712 3157 statim
1732 3095 1769 3155 et
1787 3078 1924 3187 absque

506 3206 690 3289 dilacione
710 3236 946 3317 quacumque
967 3210 1208 3319 mandabitur
1228 3209 1443 3300 execucioni
1465 3239 1533 3314 per
1553 3208 1639 3289 illos
1662 3209 1838 3289 dominos
1857 3209 1923 3289 sub

505 3337 644 3442 quibus
657 3338 881 3447 hujusmodi
897 3340 998 3422 bona
1012 3342 1241 3431 consistens
1259 3358 1297 3424 et
1312 3343 1342 3419 si
1355 3368 1468 3446 super
1481 3340 1554 3419 hoc
1567 3340 1638 3446 ipsi
1655 3340 1797 3420 fuerint
1811 3340 1924 3448 negli-

500 3486 647 3576 gentes,
670 3470 830 3548 ballivus
851 3473 1085 3552 Turonensis
1110 3473 1150 3547 in
1173 3500 1306 3551 eorum
1330 3470 1550 3559 deuectum,
1574 3471 1699 3549 statim
1725 3489 1764 3550 et
1786 3471 1922 3578 absque

502 3599 687 3680 dilacione
703 3630 959 3708 quacumque,
976 3601 1087 3680 saciet
1101 3603 1368 3683 assensionem
1381 3602 1591 3707 predictam
1607 3619 1645 3679 et
1660 3603 1827 3681 eundem
1843 3605 1923 3681 Har·

502 3728 663 3808 doinum
680 3731 719 3809 in
739 3734 963 3819 eorumdem
984 3733 1174 3811 bonorum
1198 3734 1433 3840 possessione
1453 3733 1640 3814 custodiet
1658 3750 1697 3814 et
1715 3732 1919 3825 deffendet;

503 3861 591 3939 dato
618 3861 743 3937 eidem
772 3863 964 3948 Hardoino
990 3864 1107 3941 eciam
1134 3893 1212 3944 uno
1241 3866 1289 3942 de
1317 3866 1564 3950 servientibus
1590 3867 1709 3957 nostri
1735 3864 1920 3946 Castelleti

501 3990 736 4081 Parisienais,
757 4022 842 4072 cum
863 3994 997 4073 litteris
1015 3996 1230 4102 patentibus
1250 3997 1339 4078 dicti
1364 3997 1490 4075 ballivi
1511 3996 1757 4089 Turonensis,
1779 3996 1826 4073 ad
1846 3994 1918 4073 dic-

500 4138 580 4200 tam
606 4122 891 4212 execueionem,
919 4125 1191 4205 deffensionem
1219 4144 1258 4205 et
1285 4128 1493 4210 custodiam
1520 4127 1726 4214 iaciendas,
1756 4144 1794 4203 et
1820 4124 1918 4234 quod

502 4250 622 4335 dietus
638 4252 795 4345 Alanus,
818 4255 851 4333 si
867 4257 969 4335 curie
988 4258 1186 4347 videbitur,
1206 4258 1422 4338 emendabit
1439 4258 1480 4337 id
1500 4260 1604 4366 quod
1618 4258 1698 4365 ipse
1713 4258 1814 4342 dicta
1826 4256 1917 4336 hona

500 4382 548 4462 ad
566 4410 721 4470 manum
738 4404 903 4468 nostram
922 4389 1044 4495 posita
1062 4389 1272 4497 occupavit3
1290 4407 1328 4466 et
1342 4418 1454 4495 super
1470 4390 1579 4479 dictis
1592 4390 1703 4471 bonis
1715 4406 1815 4471 terre
1833 4388 1917 4465 Dan-

500 4512 638 4603 denne,
658 4516 712 4593 sic
726 4518 857 4623 positis
873 4519 921 4597 ad
934 4548 1090 4598 manum
1107 4538 1290 4613 nostram,
1307 4521 1508 4613 audientur
1521 4538 1661 4628 partes,
1679 4537 1716 4613 et
1729 4519 1798 4607 fiet
1809 4520 1881 4627 jus.

557 4644 717 4734 Sabbata
735 4667 821 4755 post
838 4648 1065 4729 cathedram
1085 4652 1199 4732 sancti
1221 4653 1332 4729 Petri.

554 4774 721 4855 Andreas
738 4777 774 4853 ie
794 4779 925 4869 Riobe,
947 4783 1109 4872 serviens
1130 4812 1246 4891 eques
1266 4782 1469 4869 Castelleti.

555 5036 663 5124 XXII.
693 4990 914 5124 Insorrnaeio
940 5043 1035 5129 fana
1057 5073 1172 5151 super
1194 5045 1308 5153 garda
1325 5045 1373 5124 da
1393 5044 1677 5154 Longo-Villasi
1697 5046 1795 5133 inter
1813 5040 1914 5129 hatti-
