4450 6209
758 614 1032 723 suoutrns
1057 633 1122 706 sr
1149 615 1359 709 raucas.
1703 643 1770 714 127

343 776 424 868 tn'l,
445 773 632 853 concionis
653 774 790 868 nostri,
817 804 860 852 ac
878 775 1047 883 magistri
1067 776 1325 883 garnisionum
1346 794 1560 856 nostrarum
1579 807 1646 885 per
1666 809 1773 859 eum·
1812 797 1942 852 Parnm
1957 799 2000 862 tt,

344 910 433 988 dem
452 907 589 986 ballivo
611 905 879 986 Silvaneosensi
901 907 1058 1001 directa,
1080 925 1120 985 et
1139 908 1355 988 continente
1371 911 1478 1017 quod
1493 911 1572 1019 ipse
1587 913 1774 1018 porcellos
1875 892 1937 933 Μ’

344 1059 492 1121 nostros
510 1040 551 1116 in
572 1039 672 1118 dicta
689 1038 862 1146 paissona
875 1057 969 1117 tunc
987 1039 1079 1146 poni
1099 1039 1253 1132 Iaceret,
1275 1069 1354 1118 non
1375 1041 1545 1132 obstante
1566 1044 1669 1150 quod
1691 1073 1774 1122 eam

342 1172 589 1261 vendidisset,
612 1189 651 1249 et
670 1171 774 1279 quod
789 1171 868 1277 ipse
889 1170 1112 1260 Gaulridus,
1135 1173 1345 1250 secundum
1365 1201 1569 1252 numerum
1586 1175 1775 1254 dictorum

343 1332 564 1412 porcorum,
595 1303 804 1410 computari
825 1301 965 1379 Iaceret
988 1302 1150 1409 emptori
1170 1331 1351 1412 payssone
1374 1305 1559 1410 predicte,
1581 1336 1650 1413 per
1670 1309 1772 1386 curie

343 1455 470 1515 nostre
492 1435 699 1544 judicium,
726 1433 869 1511 dictum
894 1433 969 1512 fuit
991 1435 1098 1542 quod
1121 1463 1192 1512 nos
1216 1435 1342 1513 eidem
1366 1437 1551 1528 Robert0,
1573 1468 1642 1546 pro
1665 1439 1774 1518 dictis

343 1569 516 1675 dampnis
534 1567 629 1659 suis,
650 1584 805 1646 centum
827 1584 865 1644 et
883 1567 1073 1674 octoginta
1090 1565 1207 1646 libras
1224 1568 1450 1648 Patisienses
1468 1571 1686 1650 reddemus.

399 1701 500 1778 lovis
518 1715 604 1806 post
623 1698 773 1776 octabas
791 1698 1016 1806 Epiphania.

397 1836 430 1909 J.
452 1833 500 1909 de
519 1831 773 1941 Montigniaco
792 1830 882 1909 lecit
901 1860 984 1909 eam
1000 1831 1176 1939 judicari,
1199 1850 1236 1912 et
1254 1831 1328 1912 luit
1346 1863 1513 1942 presens.

397 2097 523 2178 XVIII.
554 2096 655 2175 Cum
673 2096 774 2173 inter
792 2095 999 2203 Symonem
1020 2097 1131 2173 Poart
1151 2113 1189 2174 et
1207 2097 1287 2204 ejus
1305 2125 1481 2186 uxorem,
1501 2125 1543 2174 ac
1561 2093 1772 2176 Johannem

341 2228 471 2308 Floret
498 2247 537 2306 et
564 2230 720 2308 Mariam
747 2228 830 2336 ejus
854 2255 1043 2319 sororem,
1080 2227 1220 2305 liberos
1253 2227 1420 2305 defuncti
1448 2229 1598 2308 Martini
1626 2231 1771 2320 Floret,

341 2378 520 2468 tanquam
539 2358 838 2468 garandisatores
858 2359 948 2435 dieti
968 2357 1162 2464 Symonis,
1185 2387 1228 2434 ex
1249 2386 1323 2434 una
1341 2375 1463 2466 parte,
1486 2376 1525 2436 et
1549 2360 1772 2439 Michaelem

340 2491 535 2569 Tire-Lire
561 2507 599 2568 et
622 2490 703 2598 ejus
721 2517 896 2578 uxorem,
920 2515 964 2566 ex
982 2487 1114 2577 altera,
1136 2503 1218 2566 orta
1237 2486 1371 2565 luisset
1389 2489 1545 2568 materia
1564 2491 1773 2597 questionis

341 2651 455 2730 super
464 2623 551 2731 jure
565 2621 807 2730 proprietatis
822 2637 860 2698 et
879 2619 1040 2698 dominii
1058 2620 1255 2728 cujusdam
1274 2619 1427 2712 domus,
1447 2620 1517 2699 site
1534 2620 1712 2711 Parisino,
1732 2624 1772 2699 in

341 2754 560 2862 Campellis,
586 2781 723 2860 propre
748 2751 910 2844 fontem,
936 2753 1037 2830 inter
1058 2752 1217 2830 domum
1242 2753 1435 2859 quondam
1460 2752 1613 2830 Roberti
1636 2753 1772 2832 Sache-

305 2889 308 2894 ’
341 2887 476 2992 Espee,
495 2916 539 2963 ex
553 2914 628 2963 una
640 2901 762 2991 parte,
780 2902 818 2962 et
833 2883 992 2961 domum
1007 2882 1202 2990 quondam
1221 2881 1376 2962 Roberti
1396 2883 1642 2990 Carpentarii,
1661 2913 1704 2963 ex
1720 2886 1772 2963 al-

341 3033 438 3105 tera,
458 3018 567 3124 cujus
586 3017 723 3094 domus
741 3015 877 3092 saisina
896 3014 1007 3092 dictis
1030 3013 1205 3094 Michaeli
1234 3031 1272 3096 et
1295 3016 1377 3124 ejus
1401 3017 1509 3095 uxori
1535 3045 1604 3124 per
1629 3017 1769 3095 curiam

342 3147 532 3226 Castelleti
551 3147 768 3226 Parisiensis
786 3173 910 3252 nuper
927 3145 1051 3224 fuerat
1070 3147 1305 3254 adjudicata;
1327 3147 1494 3254 dictique
1510 3147 1667 3254 Symon,
1691 3150 1772 3256 ejus

342 3308 436 3357 uxor
462 3297 501 3356 et
525 3278 636 3356 liberi
661 3276 883 3385 supradicti,
913 3294 1169 3386 proponentes
1186 3279 1251 3386 jus
1285 3278 1522 3386 proprietatis
1548 3295 1585 3354 et
1609 3279 1769 3358 dominii

343 3411 440 3487 dicte
473 3410 611 3489 domus
639 3410 688 3486 ad
716 3408 930 3517 predictum
961 3408 1167 3515 Symonem
1195 3408 1401 3516 pertinere,
1428 3424 1601 3514 peterent
1631 3407 1768 3486 dictam

343 3541 499 3618 domum
526 3541 650 3619 eidem'
677 3539 834 3647 Symoni
861 3538 1084 3648 adjudicari,
1110 3552 1149 3617 et
1171 3538 1361 3645 predictos
1387 3537 1610 3617 Michaelem
1631 3557 1669 3618 et
1689 3541 1770 3648 ejus

341 3701 497 3752 uxorem
528 3673 575 3749 ad
606 3672 876 3749 dimittendum
903 3688 942 3748 et
970 3669 1263 3749 deliberandum
1293 3670 1417 3749 eidem
1447 3669 1603 3778 Syrnoni
1631 3670 1768 3748 dictam

342 3804 502 3882 domurn
525 3801 802 3881 sentencialiter
821 3801 1115 3911 ‘condempnari3
1139 3819 1239 3880 etex
1259 3802 1527 3880 adversodicti
1552 3801 1712 3881 Michael
1733 3821 1770 3880 et

342 3937 423 4044 ejus
442 3963 537 4014 uxor
553 3951 812 4043 proponentes
831 3934 880 4011 ad
899 3934 1020 4041 ipsos,
1042 3962 1120 4042 non
1140 3933 1188 4011 ad
1209 3933 1353 4012 dictum
1374 3934 1597 4040 Symonem,
1609 3933 1674 4041 jus
1689 3962 1771 4038 pro·
1888 3933 1893 3942 ’

341 4067 510 4172 prietatis
529 4085 568 4144 et
586 4066 747 4156 dominii
767 4066 904 4143 domus
924 4065 1146 4174 hujusmodi
1165 4067 1372 4172 pertinere,
1390 4080 1563 4171 peterent
1576 4093 1614 4141 se
1629 4063 1768 4141 absolvi

342 4198 561 4305 apredictis
584 4215 714 4275 contra
739 4225 780 4274 se
806 4196 949 4303 petitis,
976 4214 1015 4274 et
1038 4196 1109 4276 sibi
1129 4194 1336 4305 adjudicari
1361 4195 1520 4271 domum
1541 4195 1767 4300 predIotam:

342 4329 529 4418 Tandem,
556 4329 622 4406 lite
651 4327 871 4438 superbiis
895 4327 1080 4435 legittime
1110 4342 1330 4416 contestata,
1357 4323 1571 4430 auditisque
1600 4323 1767 4430 parcium

342 4459 555 4538 nacionibus
574 4458 662 4536 binc
687 4475 725 4536 et
743 4456 850 4548 inde,
872 4457 1035 4562 visisque
1054 4455 1190 4534 litteris
1210 4473 1248 4533 et
1266 4455 1445 4562 judicatis
1474 4479 1587 4558 super
1607 4453 1681 4530 hoc
1706 4483 1767 4530 ex·-

342 4589 487 4682 hibitis,
514 4620 558 4669 ac
579 4592 752 4699 inquesta
776 4607 815 4670 et
838 4587 1076 4698 processibus
1106 4613 1221 4694 super
1251 4585 1324 4664 hiis
1354 4585 1476 4674 factis,
1513 4582 1768 4692 omnibusque

342 4722 411 4801 rite
430 4723 537 4812 actis,
559 4741 598 4801 et
616 4723 792 4803 concluso
811 4752 832 4800 a
850 4720 1021 4831 partibus
1039 4720 1080 4798 in
1100 4745 1209 4796 causa
1228 4716 1412 4825 predicta,
1434 4743 1502 4823 per
1520 4715 1624 4792 curie
1640 4733 1768 4794 nostre

337 4853 543 4962 judicium,
560 4855 704 4932 dicmm
724 4853 795 4932 luit
810 4870 849 4931 et
865 4851 1156 4960 pronunciatum
1174 4846 1365 4956 predictos
1386 4847 1609 4926 Michaelem
1630 4864 1667 4924 et
1685 4847 1767 4954 ejus

341 5013 497 5064 uxorem
514 4985 768 5066 intencionem
797 5010 903 5061 suam
928 5009 1042 5089 super
1066 4979 1246 5088 predictIs
1272 4977 1502 5058 sufficienter
1528 4977 1763 5083 probavisse,
