<?xml version="1.0" encoding="UTF-8"?>
<!DOCTYPE html PUBLIC "-//W3C//DTD XHTML 1.0 Transitional//EN"
    "http://www.w3.org/TR/xhtml1/DTD/xhtml1-transitional.dtd">
<html xmlns="http://www.w3.org/1999/xhtml" xml:lang="en" lang="en">
 <head>
  <title>
</title>
<meta http-equiv="Content-Type" content="text/html;charset=utf-8" />
  <meta name='ocr-system' content='tesseract 3.04.00' />
  <meta name='ocr-capabilities' content='ocr_page ocr_carea ocr_par ocr_line ocrx_word'/>
</head>
<body>
  <div class='ocr_page' id='page_1' title='image "./lesolimouregist00parigoog_0268.png"; bbox 0 0 4450 6209; ppageno 0'>
   <div class='ocr_carea' id='block_1_1' title="bbox 800 741 1810 852">
    <p class='ocr_par' dir='ltr' id='par_1_1' title="bbox 800 741 1810 852">
     <span class='ocr_line' id='line_1_1' title="bbox 800 741 1810 852; baseline 0.004 -18"><span class='ocrx_word' id='word_1_1' title='bbox 800 741 1161 852; x_wconf 79' lang='lat' dir='ltr'><strong>suoutrssur</strong></span> <span class='ocrx_word' id='word_1_2' title='bbox 1187 745 1392 837; x_wconf 78' lang='lat' dir='ltr'><strong>nnoots.</strong></span> <span class='ocrx_word' id='word_1_3' title='bbox 1739 757 1810 838; x_wconf 79' lang='lat' dir='ltr'><strong>ras</strong></span> 
     </span>
    </p>
   </div>
   <div class='ocr_carea' id='block_1_2' title="bbox 431 901 2033 1140">
    <p class='ocr_par' dir='ltr' id='par_1_2' title="bbox 431 901 2033 1140">
     <span class='ocr_line' id='line_1_2' title="bbox 439 901 2033 982; baseline -0.006 -1"><span class='ocrx_word' id='word_1_4' title='bbox 439 901 596 980; x_wconf 84' lang='lat' dir='ltr'><strong>Veneris</strong></span> <span class='ocrx_word' id='word_1_5' title='bbox 615 918 701 980; x_wconf 88' lang='lat' dir='ltr'><strong>ante</strong></span> <span class='ocrx_word' id='word_1_6' title='bbox 721 903 1021 980; x_wconf 70' lang='lat' dir='ltr'><strong>penthecosten.</strong></span> <span class='ocrx_word' id='word_1_7' title='bbox 1218 923 1222 963; x_wconf 73' lang='lat' dir='ltr'><strong>s</strong></span> <span class='ocrx_word' id='word_1_8' title='bbox 1389 935 1393 948; x_wconf 94' lang='lat'><strong>·</strong></span> <span class='ocrx_word' id='word_1_9' title='bbox 1495 931 1499 953; x_wconf 74' lang='grc' dir='ltr'><strong><em>ι</em></strong></span> <span class='ocrx_word' id='word_1_10' title='bbox 1563 928 1593 964; x_wconf 75' lang='grc' dir='ltr'><strong>.,τ</strong></span> <span class='ocrx_word' id='word_1_11' title='bbox 1689 929 1706 960; x_wconf 61' lang='lat' dir='ltr'><strong>a</strong></span> <span class='ocrx_word' id='word_1_12' title='bbox 1797 914 2033 982; x_wconf 63' lang='lat' dir='ltr'><strong>»Particum</strong></span> 
     </span>
     <span class='ocr_line' id='line_1_3' title="bbox 431 1008 1971 1140; baseline -0.038 -25"><span class='ocrx_word' id='word_1_13' title='bbox 431 1032 670 1110; x_wconf 77' lang='lat' dir='ltr'><strong>‘Meullentus</strong></span> <span class='ocrx_word' id='word_1_14' title='bbox 684 1035 899 1140; x_wconf 69' lang='lat' dir='ltr'><strong>reportavit,</strong></span> <span class='ocrx_word' id='word_1_15' title='bbox 991 1055 995 1064; x_wconf 90' lang='lat'><strong>·</strong></span> <span class='ocrx_word' id='word_1_16' title='bbox 1450 1033 1453 1043; x_wconf 62' lang='lat'><strong>⁴</strong></span> <span class='ocrx_word' id='word_1_17' title='bbox 1537 1045 1570 1074; x_wconf 63' lang='lat'><strong>›.</strong></span> <span class='ocrx_word' id='word_1_18' title='bbox 1637 1055 1655 1094; x_wconf 18' lang='grc' dir='ltr'><strong>ι.</strong></span> <span class='ocrx_word' id='word_1_19' title='bbox 1694 1066 1697 1075; x_wconf 81' lang='grc'><strong>,</strong></span> <span class='ocrx_word' id='word_1_20' title='bbox 1730 1060 1744 1070; x_wconf 83' lang='grc'><strong>,,</strong></span> <span class='ocrx_word' id='word_1_21' title='bbox 1908 1008 1971 1054; x_wconf 79' lang='lat' dir='ltr'><strong>rau.</strong></span> 
     </span>
    </p>
   </div>
   <div class='ocr_carea' id='block_1_3' title="bbox 259 1298 1820 4824">
    <p class='ocr_par' dir='ltr' id='par_1_3' title="bbox 259 1298 1820 4824">
     <span class='ocr_line' id='line_1_4' title="bbox 437 1298 1820 1392; baseline 0.003 -15"><span class='ocrx_word' id='word_1_22' title='bbox 437 1298 563 1377; x_wconf 85' lang='lat' dir='ltr'>XXIV.</span> <span class='ocrx_word' id='word_1_23' title='bbox 596 1298 694 1377; x_wconf 91' lang='lat' dir='ltr'><strong>Cum</strong></span> <span class='ocrx_word' id='word_1_24' title='bbox 715 1299 815 1376; x_wconf 86' lang='lat' dir='ltr'><strong>inter</strong></span> <span class='ocrx_word' id='word_1_25' title='bbox 830 1299 1041 1377; x_wconf 86' lang='lat' dir='ltr'><strong>lohanncm</strong></span> <span class='ocrx_word' id='word_1_26' title='bbox 1067 1298 1115 1377; x_wconf 90' lang='lat' dir='ltr'><strong>de</strong></span> <span class='ocrx_word' id='word_1_27' title='bbox 1130 1301 1273 1392; x_wconf 85' lang='lat' dir='ltr'><strong>Insula,</strong></span> <span class='ocrx_word' id='word_1_28' title='bbox 1290 1302 1470 1392; x_wconf 88' lang='lat' dir='ltr'><strong>militem,</strong></span> <span class='ocrx_word' id='word_1_29' title='bbox 1489 1303 1694 1380; x_wconf 91' lang='lat' dir='ltr'><strong>dominum·</strong></span> <span class='ocrx_word' id='word_1_30' title='bbox 1709 1306 1820 1383; x_wconf 86' lang='lat' dir='ltr'><strong>Feri·-</strong></span> 
     </span>
     <span class='ocr_line' id='line_1_5' title="bbox 314 1430 1807 1539; baseline 0.006 -34"><span class='ocrx_word' id='word_1_31' title='bbox 314 1484 319 1492; x_wconf 80' lang='lat'>-</span> <span class='ocrx_word' id='word_1_32' title='bbox 381 1430 679 1519; x_wconf 82' lang='lat' dir='ltr'><strong>tatis-Nerherti,</strong></span> <span class='ocrx_word' id='word_1_33' title='bbox 697 1458 741 1507; x_wconf 81' lang='lat' dir='ltr'><strong>ex</strong></span> <span class='ocrx_word' id='word_1_34' title='bbox 760 1457 835 1507; x_wconf 89' lang='lat' dir='ltr'><strong>una</strong></span> <span class='ocrx_word' id='word_1_35' title='bbox 854 1447 978 1538; x_wconf 82' lang='lat' dir='ltr'><strong>parte,</strong></span> <span class='ocrx_word' id='word_1_36' title='bbox 994 1449 1033 1509; x_wconf 86' lang='lat' dir='ltr'><strong>et</strong></span> <span class='ocrx_word' id='word_1_37' title='bbox 1047 1432 1301 1539; x_wconf 81' lang='lat' dir='ltr'>Stephanum,</span> <span class='ocrx_word' id='word_1_38' title='bbox 1325 1433 1525 1513; x_wconf 87' lang='lat' dir='ltr'><strong>dominum</strong></span> <span class='ocrx_word' id='word_1_39' title='bbox 1545 1435 1594 1511; x_wconf 92' lang='lat' dir='ltr'><strong>&#39;de</strong></span> <span class='ocrx_word' id='word_1_40' title='bbox 1614 1435 1807 1526; x_wconf 86' lang='lat' dir='ltr'><strong>Graciaco,</strong></span> 
     </span>
     <span class='ocr_line' id='line_1_6' title="bbox 383 1562 1812 1676; baseline 0.005 -38"><span class='ocrx_word' id='word_1_41' title='bbox 383 1578 422 1638; x_wconf 87' lang='lat' dir='ltr'><strong>et</strong></span> <span class='ocrx_word' id='word_1_42' title='bbox 436 1562 616 1653; x_wconf 77' lang='lat' dir='ltr'><strong>helidim,</strong></span> <span class='ocrx_word' id='word_1_43' title='bbox 636 1562 717 1669; x_wconf 85' lang='lat' dir='ltr'><strong>ejus</strong></span> <span class='ocrx_word' id='word_1_44' title='bbox 734 1590 907 1652; x_wconf 88' lang='lat' dir='ltr'><strong>uxorem,</strong></span> <span class='ocrx_word' id='word_1_45' title='bbox 926 1564 1017 1641; x_wconf 85' lang='lat' dir='ltr'><strong>dicti</strong></span> <span class='ocrx_word' id='word_1_46' title='bbox 1034 1563 1216 1641; x_wconf 88' lang='lat' dir='ltr'><strong>lohannis</strong></span> <span class='ocrx_word' id='word_1_47' title='bbox 1233 1593 1419 1658; x_wconf 88' lang='lat' dir='ltr'><strong>sororem,</strong></span> <span class='ocrx_word' id='word_1_48' title='bbox 1437 1567 1477 1641; x_wconf 93' lang='lat' dir='ltr'><strong>in</strong></span> <span class='ocrx_word' id='word_1_49' title='bbox 1492 1585 1676 1673; x_wconf 90' lang='lat' dir='ltr'><strong>quantum</strong></span> <span class='ocrx_word' id='word_1_50' title='bbox 1694 1571 1812 1676; x_wconf 91' lang='lat' dir='ltr'><strong>tangit</strong></span> 
     </span>
     <span class='ocr_line' id='line_1_7' title="bbox 382 1692 1810 1800; baseline 0.003 -30"><span class='ocrx_word' id='word_1_51' title='bbox 382 1692 609 1800; x_wconf 84' lang='lat' dir='ltr'><strong>quemlibet,</strong></span> <span class='ocrx_word' id='word_1_52' title='bbox 632 1723 676 1770; x_wconf 76' lang='lat' dir='ltr'><strong>ea</strong></span> <span class='ocrx_word' id='word_1_53' title='bbox 690 1693 821 1783; x_wconf 85' lang='lat' dir='ltr'><strong>altera,</strong></span> <span class='ocrx_word' id='word_1_54' title='bbox 843 1719 969 1771; x_wconf 90' lang='lat' dir='ltr'><strong>coram</strong></span> <span class='ocrx_word' id='word_1_55' title='bbox 988 1694 1128 1772; x_wconf 85' lang='lat' dir='ltr'><strong>ballivo</strong></span> <span class='ocrx_word' id='word_1_56' title='bbox 1144 1692 1423 1785; x_wconf 86' lang='lat' dir='ltr'><strong>Aurelianensi,</strong></span> <span class='ocrx_word' id='word_1_57' title='bbox 1440 1715 1522 1774; x_wconf 83' lang='lat' dir='ltr'><strong>orta</strong></span> <span class='ocrx_word' id='word_1_58' title='bbox 1541 1699 1810 1776; x_wconf 80' lang='lat' dir='ltr'><strong>aesetmateria</strong></span> 
     </span>
     <span class='ocr_line' id='line_1_8' title="bbox 382 1824 1814 1934; baseline 0.004 -34"><span class='ocrx_word' id='word_1_59' title='bbox 382 1824 592 1931; x_wconf 74' lang='lat' dir='ltr'><strong>questionis</strong></span> <span class='ocrx_word' id='word_1_60' title='bbox 611 1851 726 1931; x_wconf 85' lang='lat' dir='ltr'><strong>super</strong></span> <span class='ocrx_word' id='word_1_61' title='bbox 746 1853 790 1901; x_wconf 89' lang='lat' dir='ltr'><strong>eo</strong></span> <span class='ocrx_word' id='word_1_62' title='bbox 810 1826 914 1931; x_wconf 93' lang='lat' dir='ltr'><strong>quod</strong></span> <span class='ocrx_word' id='word_1_63' title='bbox 934 1825 1059 1903; x_wconf 89' lang='lat' dir='ltr'><strong>dictus</strong></span> <span class='ocrx_word' id='word_1_64' title='bbox 1078 1825 1286 1917; x_wconf 85' lang='lat' dir='ltr'><strong>lohannes,</strong></span> <span class='ocrx_word' id='word_1_65' title='bbox 1307 1827 1481 1934; x_wconf 88' lang='lat' dir='ltr'><strong>pluribus</strong></span> <span class='ocrx_word' id='word_1_66' title='bbox 1501 1828 1733 1919; x_wconf 65' lang='lat' dir='ltr'><strong>racionibus&lt;</strong></span> <span class='ocrx_word' id='word_1_67' title='bbox 1757 1831 1814 1908; x_wconf 94' lang='lat' dir='ltr'><strong>di-</strong></span> 
     </span>
     <span class='ocr_line' id='line_1_9' title="bbox 383 1924 1808 2065; baseline 0.005 -34"><span class='ocrx_word' id='word_1_68' title='bbox 383 1955 489 2032; x_wconf 86' lang='lat' dir='ltr'><strong>cebat</strong></span> <span class='ocrx_word' id='word_1_69' title='bbox 501 1958 605 2062; x_wconf 90' lang='lat' dir='ltr'><strong>quod</strong></span> <span class='ocrx_word' id='word_1_70' title='bbox 618 1957 665 2032; x_wconf 93' lang='lat' dir='ltr'><strong>ad</strong></span> <span class='ocrx_word' id='word_1_71' title='bbox 679 1924 899 2065; x_wconf 82' lang='lat' dir='ltr'><strong>herbagium</strong></span> <span class='ocrx_word' id='word_1_72' title='bbox 913 1982 1025 2036; x_wconf 85' lang='lat' dir='ltr'><strong>suum</strong></span> <span class='ocrx_word' id='word_1_73' title='bbox 1040 1959 1166 2036; x_wconf 83' lang='lat' dir='ltr'><strong>dictus</strong></span> <span class='ocrx_word' id='word_1_74' title='bbox 1175 1959 1407 2065; x_wconf 77' lang='lat' dir='ltr'><strong>Stephanus,</strong></span> <span class='ocrx_word' id='word_1_75' title='bbox 1423 1960 1573 2039; x_wconf 83' lang='lat' dir='ltr'><strong>racione</strong></span> <span class='ocrx_word' id='word_1_76' title='bbox 1586 1963 1714 2040; x_wconf 84' lang='lat' dir='ltr'><strong>uxoris</strong></span> <span class='ocrx_word' id='word_1_77' title='bbox 1725 1991 1808 2052; x_wconf 86' lang='lat' dir='ltr'><strong>sue,</strong></span> 
     </span>
     <span class='ocr_line' id='line_1_10' title="bbox 382 2083 1812 2202; baseline 0.007 -40"><span class='ocrx_word' id='word_1_78' title='bbox 382 2087 509 2164; x_wconf 83' lang='lat' dir='ltr'><strong>venire</strong></span> <span class='ocrx_word' id='word_1_79' title='bbox 530 2087 693 2165; x_wconf 87' lang='lat' dir='ltr'><strong>debebat</strong></span> <span class='ocrx_word' id='word_1_80' title='bbox 714 2107 903 2195; x_wconf 87' lang='lat' dir='ltr'><strong>proterra</strong></span> <span class='ocrx_word' id='word_1_81' title='bbox 920 2089 969 2167; x_wconf 88' lang='lat' dir='ltr'><strong>de</strong></span> <span class='ocrx_word' id='word_1_82' title='bbox 988 2092 1144 2170; x_wconf 79' lang='lat' dir='ltr'><strong>Vouaon</strong></span> <span class='ocrx_word' id='word_1_83' title='bbox 1165 2108 1204 2170; x_wconf 82' lang='lat' dir='ltr'><strong>et</strong></span> <span class='ocrx_word' id='word_1_84' title='bbox 1225 2093 1588 2200; x_wconf 84' lang='lat' dir='ltr'><strong>ejuspertinenciis,</strong></span> <span class='ocrx_word' id='word_1_85' title='bbox 1611 2083 1688 2202; x_wconf 84' lang='lat' dir='ltr'><strong>que</strong></span> <span class='ocrx_word' id='word_1_86' title='bbox 1711 2095 1812 2172; x_wconf 92' lang='lat' dir='ltr'><strong>hona</strong></span> 
     </span>
     <span class='ocr_line' id='line_1_11' title="bbox 382 2219 1812 2328; baseline 0.006 -34"><span class='ocrx_word' id='word_1_87' title='bbox 382 2219 484 2296; x_wconf 90' lang='lat' dir='ltr'><strong>idem</strong></span> <span class='ocrx_word' id='word_1_88' title='bbox 510 2221 735 2328; x_wconf 77' lang='lat' dir='ltr'><strong>Stephanus,</strong></span> <span class='ocrx_word' id='word_1_89' title='bbox 758 2222 908 2300; x_wconf 84' lang='lat' dir='ltr'><strong>racione</strong></span> <span class='ocrx_word' id='word_1_90' title='bbox 937 2223 1036 2300; x_wconf 88' lang='lat' dir='ltr'><strong>dicte</strong></span> <span class='ocrx_word' id='word_1_91' title='bbox 1061 2223 1188 2302; x_wconf 73' lang='lat' dir='ltr'><strong>uxoris</strong></span> <span class='ocrx_word' id='word_1_92' title='bbox 1208 2251 1292 2313; x_wconf 88' lang='lat' dir='ltr'><strong>sue,</strong></span> <span class='ocrx_word' id='word_1_93' title='bbox 1313 2225 1485 2317; x_wconf 90' lang='lat' dir='ltr'><strong>tenebat,</strong></span> <span class='ocrx_word' id='word_1_94' title='bbox 1510 2227 1660 2304; x_wconf 81' lang='lat' dir='ltr'><strong>racione</strong></span> <span class='ocrx_word' id='word_1_95' title='bbox 1679 2227 1812 2303; x_wconf 85' lang='lat' dir='ltr'><strong>frares-</strong></span> 
     </span>
     <span class='ocr_line' id='line_1_12' title="bbox 383 2350 1812 2440; baseline 0.006 -14"><span class='ocrx_word' id='word_1_96' title='bbox 383 2351 467 2427; x_wconf 93' lang='lat' dir='ltr'><strong>chie</strong></span> <span class='ocrx_word' id='word_1_97' title='bbox 487 2350 535 2427; x_wconf 91' lang='lat' dir='ltr'><strong>de</strong></span> <span class='ocrx_word' id='word_1_98' title='bbox 551 2368 652 2428; x_wconf 83' lang='lat' dir='ltr'><strong>terra</strong></span> <span class='ocrx_word' id='word_1_99' title='bbox 667 2369 706 2429; x_wconf 88' lang='lat' dir='ltr'><strong>et</strong></span> <span class='ocrx_word' id='word_1_100' title='bbox 722 2353 936 2430; x_wconf 84' lang='lat' dir='ltr'><strong>castellania</strong></span> <span class='ocrx_word' id='word_1_101' title='bbox 952 2350 1332 2440; x_wconf 83' lang='lat' dir='ltr'><strong>Feritatis-Nerberti,</strong></span> <span class='ocrx_word' id='word_1_102' title='bbox 1351 2372 1389 2432; x_wconf 88' lang='lat' dir='ltr'><strong>et</strong></span> <span class='ocrx_word' id='word_1_103' title='bbox 1406 2385 1427 2435; x_wconf 86' lang='lat' dir='ltr'><strong>e</strong></span> <span class='ocrx_word' id='word_1_104' title='bbox 1444 2358 1713 2434; x_wconf 84' lang='lat' dir='ltr'><strong>contradictus</strong></span> <span class='ocrx_word' id='word_1_105' title='bbox 1728 2359 1812 2435; x_wconf 88' lang='lat' dir='ltr'><strong>Ste-</strong></span> 
     </span>
     <span class='ocr_line' id='line_1_13' title="bbox 259 2482 1809 2593; baseline 0.006 -35"><span class='ocrx_word' id='word_1_106' title='bbox 259 2573 267 2587; x_wconf 77' lang='lat'><strong>,</strong></span> <span class='ocrx_word' id='word_1_107' title='bbox 381 2482 545 2588; x_wconf 83' lang='lat' dir='ltr'><strong>phanus,</strong></span> <span class='ocrx_word' id='word_1_108' title='bbox 561 2483 738 2590; x_wconf 85' lang='lat' dir='ltr'><strong>pluribus</strong></span> <span class='ocrx_word' id='word_1_109' title='bbox 751 2485 982 2575; x_wconf 87' lang='lat' dir='ltr'><strong>racionibus,</strong></span> <span class='ocrx_word' id='word_1_110' title='bbox 999 2485 1237 2592; x_wconf 82' lang='lat' dir='ltr'><strong>proponebat</strong></span> <span class='ocrx_word' id='word_1_111' title='bbox 1251 2508 1292 2564; x_wconf 84' lang='lat' dir='ltr'><strong>s&#39;e</strong></span> <span class='ocrx_word' id='word_1_112' title='bbox 1306 2486 1356 2563; x_wconf 87' lang='lat' dir='ltr'><strong>de&#39;</strong></span> <span class='ocrx_word' id='word_1_113' title='bbox 1370 2503 1470 2564; x_wconf 83' lang='lat' dir='ltr'><strong>terra</strong></span> <span class='ocrx_word' id='word_1_114' title='bbox 1487 2489 1653 2593; x_wconf 85' lang='lat' dir='ltr'><strong>predicta</strong></span> <span class='ocrx_word' id='word_1_115' title='bbox 1669 2489 1809 2568; x_wconf 89' lang='lat' dir='ltr'><strong>dehere</strong></span> 
     </span>
     <span class='ocr_line' id='line_1_14' title="bbox 382 2613 1807 2725; baseline 0.005 -35"><span class='ocrx_word' id='word_1_116' title='bbox 382 2613 431 2690; x_wconf 92' lang='lat' dir='ltr'><strong>ad</strong></span> <span class='ocrx_word' id='word_1_117' title='bbox 446 2630 637 2704; x_wconf 81' lang='lat' dir='ltr'><strong>nostrum,</strong></span> <span class='ocrx_word' id='word_1_118' title='bbox 660 2643 741 2691; x_wconf 91' lang='lat' dir='ltr'><strong>non</strong></span> <span class='ocrx_word' id='word_1_119' title='bbox 760 2615 849 2691; x_wconf 87' lang='lat' dir='ltr'><strong>dicti</strong></span> <span class='ocrx_word' id='word_1_120' title='bbox 869 2617 1070 2709; x_wconf 84' lang='lat' dir='ltr'><strong>lobannis,</strong></span> <span class='ocrx_word' id='word_1_121' title='bbox 1090 2618 1311 2725; x_wconf 82' lang='lat' dir='ltr'><strong>homagium</strong></span> <span class='ocrx_word' id='word_1_122' title='bbox 1327 2618 1471 2708; x_wconf 80' lang='lat' dir='ltr'><strong>renire3</strong></span> <span class='ocrx_word' id='word_1_123' title='bbox 1493 2619 1616 2696; x_wconf 87' lang='lat' dir='ltr'><strong>dictus</strong></span> <span class='ocrx_word' id='word_1_124' title='bbox 1633 2619 1807 2710; x_wconf 82' lang='lat' dir='ltr'><strong>ballivus,</strong></span> 
     </span>
     <span class='ocr_line' id='line_1_15' title="bbox 381 2739 1811 2857; baseline 0.006 -39"><span class='ocrx_word' id='word_1_125' title='bbox 381 2742 664 2851; x_wconf 61' lang='lat' dir='ltr'><strong>in‘hujusmodi</strong></span> <span class='ocrx_word' id='word_1_126' title='bbox 682 2775 792 2823; x_wconf 86' lang='lat' dir='ltr'><strong>eausa</strong></span> <span class='ocrx_word' id='word_1_127' title='bbox 810 2748 1037 2854; x_wconf 86' lang='lat' dir='ltr'><strong>procedens,</strong></span> <span class='ocrx_word' id='word_1_128' title='bbox 1059 2766 1098 2827; x_wconf 89' lang='lat' dir='ltr'><strong>et</strong></span> <span class='ocrx_word' id='word_1_129' title='bbox 1118 2739 1329 2833; x_wconf 58' lang='lat' dir='ltr'><strong>cum&#39;istud</strong></span> <span class='ocrx_word' id='word_1_130' title='bbox 1343 2751 1546 2857; x_wconf 85' lang='lat' dir='ltr'><strong>negocium</strong></span> <span class='ocrx_word' id='word_1_131' title='bbox 1566 2765 1693 2856; x_wconf 87' lang='lat' dir='ltr'><strong>nostra</strong></span> <span class='ocrx_word' id='word_1_132' title='bbox 1713 2751 1811 2827; x_wconf 88' lang='lat' dir='ltr'><strong>inte·-</strong></span> 
     </span>
     <span class='ocr_line' id='line_1_16' title="bbox 381 2869 1807 2990; baseline 0.006 -40"><span class='ocrx_word' id='word_1_133' title='bbox 381 2872 662 2966; x_wconf 84' lang='lat' dir='ltr'><strong>ressevidcret,</strong></span> <span class='ocrx_word' id='word_1_134' title='bbox 684 2903 724 2952; x_wconf 90' lang='lat' dir='ltr'><strong>se</strong></span> <span class='ocrx_word' id='word_1_135' title='bbox 742 2904 816 2981; x_wconf 87' lang='lat' dir='ltr'><strong>pro</strong></span> <span class='ocrx_word' id='word_1_136' title='bbox 832 2878 944 2955; x_wconf 86' lang='lat' dir='ltr'><strong>nobis</strong></span> <span class='ocrx_word' id='word_1_137' title='bbox 963 2869 1111 2956; x_wconf 73' lang='lat' dir='ltr'><strong>indicti</strong></span> <span class='ocrx_word' id='word_1_138' title='bbox 1131 2881 1275 2988; x_wconf 85' lang='lat' dir='ltr'><strong>negocii</strong></span> <span class='ocrx_word' id='word_1_139' title='bbox 1295 2883 1563 2988; x_wconf 84' lang='lat' dir='ltr'><strong>prosecucione</strong></span> <span class='ocrx_word' id='word_1_140' title='bbox 1585 2881 1807 2990; x_wconf 89' lang='lat' dir='ltr'><strong>adjungens,</strong></span> 
     </span>
     <span class='ocr_line' id='line_1_17' title="bbox 381 2999 1812 3119; baseline 0.003 -36"><span class='ocrx_word' id='word_1_141' title='bbox 381 3005 560 3112; x_wconf 88' lang='lat' dir='ltr'><strong>inquisita</strong></span> <span class='ocrx_word' id='word_1_142' title='bbox 584 3033 699 3113; x_wconf 87' lang='lat' dir='ltr'><strong>super</strong></span> <span class='ocrx_word' id='word_1_143' title='bbox 717 3009 923 3115; x_wconf 85' lang='lat' dir='ltr'><strong>propositis</strong></span> <span class='ocrx_word' id='word_1_144' title='bbox 941 3039 962 3086; x_wconf 94' lang='lat' dir='ltr'><strong>a</strong></span> <span class='ocrx_word' id='word_1_145' title='bbox 981 3010 1093 3089; x_wconf 86' lang='lat' dir='ltr'><strong>dictis</strong></span> <span class='ocrx_word' id='word_1_146' title='bbox 1116 3013 1285 3117; x_wconf 89' lang='lat' dir='ltr'><strong>partibus</strong></span> <span class='ocrx_word' id='word_1_147' title='bbox 1305 3013 1457 3119; x_wconf 88' lang='lat' dir='ltr'><strong>plenius</strong></span> <span class='ocrx_word' id='word_1_148' title='bbox 1475 3012 1646 3102; x_wconf 85' lang='lat' dir='ltr'><strong>veritate,</strong></span> <span class='ocrx_word' id='word_1_149' title='bbox 1664 2999 1812 3119; x_wconf 86' lang='lat' dir='ltr'><strong>judica-</strong></span> 
     </span>
     <span class='ocr_line' id='line_1_18' title="bbox 381 3137 1810 3251; baseline 0.005 -38"><span class='ocrx_word' id='word_1_150' title='bbox 381 3153 465 3213; x_wconf 89' lang='lat' dir='ltr'><strong>tum</strong></span> <span class='ocrx_word' id='word_1_151' title='bbox 484 3165 598 3215; x_wconf 86' lang='lat' dir='ltr'><strong>suum</strong></span> <span class='ocrx_word' id='word_1_152' title='bbox 613 3137 705 3214; x_wconf 88' lang='lat' dir='ltr'><strong>tulit</strong></span> <span class='ocrx_word' id='word_1_153' title='bbox 723 3159 852 3216; x_wconf 88' lang='lat' dir='ltr'><strong>contra</strong></span> <span class='ocrx_word' id='word_1_154' title='bbox 872 3141 1088 3219; x_wconf 73' lang='lat' dir='ltr'><strong>iohannem</strong></span> <span class='ocrx_word' id='word_1_155' title='bbox 1105 3145 1334 3250; x_wconf 73' lang='lat' dir='ltr'><strong>predictum,</strong></span> <span class='ocrx_word' id='word_1_156' title='bbox 1355 3144 1643 3251; x_wconf 88' lang='lat' dir='ltr'><strong>pronunciando</strong></span> <span class='ocrx_word' id='word_1_157' title='bbox 1665 3143 1810 3221; x_wconf 89' lang='lat' dir='ltr'><strong>dictum</strong></span> 
     </span>
     <span class='ocr_line' id='line_1_19' title="bbox 383 3267 1816 3380; baseline 0.004 -34"><span class='ocrx_word' id='word_1_158' title='bbox 383 3268 635 3374; x_wconf 84' lang='lat' dir='ltr'><strong>Stephanum,</strong></span> <span class='ocrx_word' id='word_1_159' title='bbox 661 3297 731 3376; x_wconf 91' lang='lat' dir='ltr'><strong>pro</strong></span> <span class='ocrx_word' id='word_1_160' title='bbox 751 3288 856 3348; x_wconf 88' lang='lat' dir='ltr'><strong>terra</strong></span> <span class='ocrx_word' id='word_1_161' title='bbox 880 3273 1064 3377; x_wconf 84' lang='lat' dir='ltr'><strong>predicta,</strong></span> <span class='ocrx_word' id='word_1_162' title='bbox 1092 3299 1169 3349; x_wconf 93' lang='lat' dir='ltr'><strong>non</strong></span> <span class='ocrx_word' id='word_1_163' title='bbox 1195 3267 1274 3351; x_wconf 86' lang='lat' dir='ltr'><strong>esse</strong></span> <span class='ocrx_word' id='word_1_164' title='bbox 1300 3275 1607 3380; x_wconf 87' lang='lat' dir='ltr'><strong>compellendum</strong></span> <span class='ocrx_word' id='word_1_165' title='bbox 1632 3275 1722 3351; x_wconf 88' lang='lat' dir='ltr'><strong>dicti</strong></span> <span class='ocrx_word' id='word_1_166' title='bbox 1746 3277 1816 3352; x_wconf 81' lang='lat' dir='ltr'><strong>lo·-</strong></span> 
     </span>
     <span class='ocr_line' id='line_1_20' title="bbox 383 3395 1815 3513; baseline 0.006 -38"><span class='ocrx_word' id='word_1_167' title='bbox 383 3398 518 3477; x_wconf 88' lang='lat' dir='ltr'><strong>haunis</strong></span> <span class='ocrx_word' id='word_1_168' title='bbox 531 3401 750 3508; x_wconf 83' lang='lat' dir='ltr'><strong>homagium</strong></span> <span class='ocrx_word' id='word_1_169' title='bbox 768 3401 923 3491; x_wconf 88' lang='lat' dir='ltr'><strong>intrare,</strong></span> <span class='ocrx_word' id='word_1_170' title='bbox 941 3395 1015 3481; x_wconf 84' lang='lat' dir='ltr'><strong>sed</strong></span> <span class='ocrx_word' id='word_1_171' title='bbox 1026 3403 1191 3480; x_wconf 89' lang='lat' dir='ltr'><strong>eundem</strong></span> <span class='ocrx_word' id='word_1_172' title='bbox 1202 3406 1460 3511; x_wconf 80' lang='lat' dir='ltr'><strong>Stephanum,</strong></span> <span class='ocrx_word' id='word_1_173' title='bbox 1479 3406 1688 3484; x_wconf 83' lang='lat' dir='ltr'><strong>secundum</strong></span> <span class='ocrx_word' id='word_1_174' title='bbox 1706 3408 1815 3513; x_wconf 91' lang='lat' dir='ltr'><strong>quod</strong></span> 
     </span>
     <span class='ocr_line' id='line_1_21' title="bbox 382 3525 1811 3644; baseline 0.006 -38"><span class='ocrx_word' id='word_1_175' title='bbox 382 3533 461 3637; x_wconf 83' lang='lat' dir='ltr'><strong>ipsc</strong></span> <span class='ocrx_word' id='word_1_176' title='bbox 480 3533 731 3639; x_wconf 81' lang='lat' dir='ltr'><strong>proponebat,</strong></span> <span class='ocrx_word' id='word_1_177' title='bbox 752 3525 800 3621; x_wconf 77' lang='lat' dir='ltr'><strong>ad</strong></span> <span class='ocrx_word' id='word_1_178' title='bbox 819 3534 1039 3640; x_wconf 89' lang='lat' dir='ltr'><strong>homagium</strong></span> <span class='ocrx_word' id='word_1_179' title='bbox 1054 3551 1245 3626; x_wconf 90' lang='lat' dir='ltr'><strong>nostrum,</strong></span> <span class='ocrx_word' id='word_1_180' title='bbox 1262 3563 1331 3644; x_wconf 91' lang='lat' dir='ltr'><strong>pro</strong></span> <span class='ocrx_word' id='word_1_181' title='bbox 1349 3553 1449 3613; x_wconf 86' lang='lat' dir='ltr'><strong>terra</strong></span> <span class='ocrx_word' id='word_1_182' title='bbox 1466 3537 1649 3644; x_wconf 86' lang='lat' dir='ltr'><strong>predicta,</strong></span> <span class='ocrx_word' id='word_1_183' title='bbox 1669 3538 1811 3614; x_wconf 78' lang='lat' dir='ltr'><strong>dehere</strong></span> 
     </span>
     <span class='ocr_line' id='line_1_22' title="bbox 380 3662 1811 3773; baseline 0.003 -34"><span class='ocrx_word' id='word_1_184' title='bbox 380 3663 520 3740; x_wconf 87' lang='lat' dir='ltr'><strong>venire.</strong></span> <span class='ocrx_word' id='word_1_185' title='bbox 531 3662 569 3739; x_wconf 85' lang='grc' dir='ltr'><strong>Ἀ</strong></span> <span class='ocrx_word' id='word_1_186' title='bbox 583 3689 661 3769; x_wconf 88' lang='lat' dir='ltr'><strong>quo</strong></span> <span class='ocrx_word' id='word_1_187' title='bbox 674 3664 860 3772; x_wconf 88' lang='lat' dir='ltr'><strong>judicato,</strong></span> <span class='ocrx_word' id='word_1_188' title='bbox 876 3682 1057 3771; x_wconf 91' lang='lat' dir='ltr'><strong>tanquam</strong></span> <span class='ocrx_word' id='word_1_189' title='bbox 1070 3695 1093 3741; x_wconf 92' lang='lat' dir='ltr'><strong>a</strong></span> <span class='ocrx_word' id='word_1_190' title='bbox 1107 3665 1200 3746; x_wconf 82' lang='lat' dir='ltr'><strong>falso</strong></span> <span class='ocrx_word' id='word_1_191' title='bbox 1219 3685 1257 3746; x_wconf 90' lang='lat' dir='ltr'><strong>et</strong></span> <span class='ocrx_word' id='word_1_192' title='bbox 1273 3692 1401 3773; x_wconf 89' lang='lat' dir='ltr'><strong>pravo,</strong></span> <span class='ocrx_word' id='word_1_193' title='bbox 1422 3667 1545 3744; x_wconf 88' lang='lat' dir='ltr'><strong>dictus</strong></span> <span class='ocrx_word' id='word_1_194' title='bbox 1559 3668 1749 3746; x_wconf 85' lang='lat' dir='ltr'><strong>lohannes</strong></span> <span class='ocrx_word' id='word_1_195' title='bbox 1764 3667 1811 3744; x_wconf 93' lang='lat' dir='ltr'><strong>ad</strong></span> 
     </span>
     <span class='ocr_line' id='line_1_23' title="bbox 381 3796 1811 3907; baseline 0.004 -36"><span class='ocrx_word' id='word_1_196' title='bbox 381 3813 547 3874; x_wconf 83' lang='lat' dir='ltr'><strong>nostram</strong></span> <span class='ocrx_word' id='word_1_197' title='bbox 571 3796 714 3873; x_wconf 91' lang='lat' dir='ltr'><strong>curiam</strong></span> <span class='ocrx_word' id='word_1_198' title='bbox 739 3797 937 3903; x_wconf 83' lang='lat' dir='ltr'><strong>appellavit</strong></span> <span class='ocrx_word' id='word_1_199' title='bbox 957 3830 965 3874; x_wconf 91' lang='lat'><strong>:</strong></span> <span class='ocrx_word' id='word_1_200' title='bbox 987 3798 1210 3878; x_wconf 85' lang='lat' dir='ltr'><strong>Constitutis</strong></span> <span class='ocrx_word' id='word_1_201' title='bbox 1234 3799 1349 3907; x_wconf 85' lang='lat' dir='ltr'><strong>igitur</strong></span> <span class='ocrx_word' id='word_1_202' title='bbox 1369 3800 1409 3876; x_wconf 94' lang='lat' dir='ltr'><strong>in</strong></span> <span class='ocrx_word' id='word_1_203' title='bbox 1434 3800 1536 3876; x_wconf 88' lang='lat' dir='ltr'><strong>curia</strong></span> <span class='ocrx_word' id='word_1_204' title='bbox 1555 3817 1682 3877; x_wconf 90' lang='lat' dir='ltr'><strong>nostra</strong></span> <span class='ocrx_word' id='word_1_205' title='bbox 1702 3799 1811 3877; x_wconf 88' lang='lat' dir='ltr'><strong>dietis</strong></span> 
     </span>
     <span class='ocr_line' id='line_1_24' title="bbox 380 3919 1811 4039; baseline 0.003 -37"><span class='ocrx_word' id='word_1_206' title='bbox 380 3919 552 4006; x_wconf 76' lang='lat' dir='ltr'><strong>iohanne</strong></span> <span class='ocrx_word' id='word_1_207' title='bbox 569 3946 607 4004; x_wconf 89' lang='lat' dir='ltr'><strong>et</strong></span> <span class='ocrx_word' id='word_1_208' title='bbox 620 3927 759 4006; x_wconf 89' lang='lat' dir='ltr'><strong>ballivo</strong></span> <span class='ocrx_word' id='word_1_209' title='bbox 774 3930 814 4006; x_wconf 92' lang='lat' dir='ltr'><strong>in</strong></span> <span class='ocrx_word' id='word_1_210' title='bbox 831 3958 940 4007; x_wconf 91' lang='lat' dir='ltr'><strong>causa</strong></span> <span class='ocrx_word' id='word_1_211' title='bbox 956 3929 1222 4036; x_wconf 88' lang='lat' dir='ltr'><strong>appellacionis</strong></span> <span class='ocrx_word' id='word_1_212' title='bbox 1238 3931 1421 4038; x_wconf 81' lang='lat' dir='ltr'><strong>predicte,</strong></span> <span class='ocrx_word' id='word_1_213' title='bbox 1432 3949 1475 4008; x_wconf 84' lang='lat' dir='ltr'><strong>-et</strong></span> <span class='ocrx_word' id='word_1_214' title='bbox 1490 3931 1627 4010; x_wconf 89' lang='lat' dir='ltr'><strong>auditis</strong></span> <span class='ocrx_word' id='word_1_215' title='bbox 1640 3930 1811 4039; x_wconf 89' lang='lat' dir='ltr'><strong>parcium</strong></span> 
     </span>
     <span class='ocr_line' id='line_1_25' title="bbox 320 4058 1812 4169; baseline 0.003 -35"><span class='ocrx_word' id='word_1_216' title='bbox 320 4082 325 4090; x_wconf 83' lang='grc'>·</span> <span class='ocrx_word' id='word_1_217' title='bbox 382 4058 595 4137; x_wconf 89' lang='lat' dir='ltr'><strong>racionibus</strong></span> <span class='ocrx_word' id='word_1_218' title='bbox 614 4060 703 4137; x_wconf 93' lang='lat' dir='ltr'><strong>hinc</strong></span> <span class='ocrx_word' id='word_1_219' title='bbox 723 4077 762 4137; x_wconf 91' lang='lat' dir='ltr'><strong>et</strong></span> <span class='ocrx_word' id='word_1_220' title='bbox 780 4060 890 4150; x_wconf 91' lang='lat' dir='ltr'><strong>inde,</strong></span> <span class='ocrx_word' id='word_1_221' title='bbox 911 4089 953 4137; x_wconf 91' lang='lat' dir='ltr'><strong>ac</strong></span> <span class='ocrx_word' id='word_1_222' title='bbox 968 4061 1056 4138; x_wconf 85' lang='lat' dir='ltr'><strong>visis</strong></span> <span class='ocrx_word' id='word_1_223' title='bbox 1074 4060 1249 4167; x_wconf 87' lang='lat' dir='ltr'><strong>inquesta</strong></span> <span class='ocrx_word' id='word_1_224' title='bbox 1269 4081 1307 4140; x_wconf 88' lang='lat' dir='ltr'><strong>et</strong></span> <span class='ocrx_word' id='word_1_225' title='bbox 1325 4090 1502 4168; x_wconf 86' lang='lat' dir='ltr'><strong>processu</strong></span> <span class='ocrx_word' id='word_1_226' title='bbox 1522 4091 1635 4169; x_wconf 89' lang='lat' dir='ltr'><strong>super</strong></span> <span class='ocrx_word' id='word_1_227' title='bbox 1654 4061 1728 4140; x_wconf 91' lang='lat' dir='ltr'><strong>hoc</strong></span> <span class='ocrx_word' id='word_1_228' title='bbox 1747 4061 1812 4139; x_wconf 93' lang='lat' dir='ltr'><strong>ha-</strong></span> 
     </span>
     <span class='ocr_line' id='line_1_26' title="bbox 381 4188 1811 4302; baseline 0.003 -36"><span class='ocrx_word' id='word_1_229' title='bbox 381 4188 471 4266; x_wconf 84' lang='lat' dir='ltr'><strong>bitis</strong></span> <span class='ocrx_word' id='word_1_230' title='bbox 490 4217 617 4268; x_wconf 82' lang='lat' dir='ltr'><strong>coram</strong></span> <span class='ocrx_word' id='word_1_231' title='bbox 638 4191 776 4268; x_wconf 86' lang='lat' dir='ltr'><strong>ballivo</strong></span> <span class='ocrx_word' id='word_1_232' title='bbox 795 4192 982 4298; x_wconf 86' lang='lat' dir='ltr'><strong>predicto,</strong></span> <span class='ocrx_word' id='word_1_233' title='bbox 1004 4219 1074 4298; x_wconf 87' lang='lat' dir='ltr'><strong>per</strong></span> <span class='ocrx_word' id='word_1_234' title='bbox 1085 4194 1191 4269; x_wconf 88' lang='lat' dir='ltr'><strong>curie</strong></span> <span class='ocrx_word' id='word_1_235' title='bbox 1209 4211 1337 4271; x_wconf 84' lang='lat' dir='ltr'><strong>nostre</strong></span> <span class='ocrx_word' id='word_1_236' title='bbox 1351 4193 1561 4302; x_wconf 85' lang='lat' dir='ltr'><strong>judicium,</strong></span> <span class='ocrx_word' id='word_1_237' title='bbox 1580 4193 1723 4270; x_wconf 88' lang='lat' dir='ltr'><strong>dictum</strong></span> <span class='ocrx_word' id='word_1_238' title='bbox 1739 4188 1811 4270; x_wconf 82' lang='lat' dir='ltr'><strong>fuit</strong></span> 
     </span>
     <span class='ocr_line' id='line_1_27' title="bbox 383 4321 1811 4432; baseline 0.002 -34"><span class='ocrx_word' id='word_1_239' title='bbox 383 4321 527 4399; x_wconf 89' lang='lat' dir='ltr'><strong>dictum</strong></span> <span class='ocrx_word' id='word_1_240' title='bbox 551 4322 733 4400; x_wconf 78' lang='lat' dir='ltr'><strong>ballivum</strong></span> <span class='ocrx_word' id='word_1_241' title='bbox 757 4323 855 4400; x_wconf 82' lang='lat' dir='ltr'><strong>bene</strong></span> <span class='ocrx_word' id='word_1_242' title='bbox 875 4321 1080 4432; x_wconf 85' lang='lat' dir='ltr'><strong>judicasse,</strong></span> <span class='ocrx_word' id='word_1_243' title='bbox 1103 4341 1142 4401; x_wconf 89' lang='lat' dir='ltr'><strong>et</strong></span> <span class='ocrx_word' id='word_1_244' title='bbox 1159 4325 1373 4431; x_wconf 88' lang='lat' dir='ltr'><strong>predictum</strong></span> <span class='ocrx_word' id='word_1_245' title='bbox 1394 4327 1603 4404; x_wconf 81' lang='lat' dir='ltr'><strong>Johannem</strong></span> <span class='ocrx_word' id='word_1_246' title='bbox 1626 4325 1724 4401; x_wconf 90' lang='lat' dir='ltr'><strong>male</strong></span> <span class='ocrx_word' id='word_1_247' title='bbox 1746 4355 1811 4432; x_wconf 90' lang='lat' dir='ltr'><strong>ap-</strong></span> 
     </span>
     <span class='ocr_line' id='line_1_28' title="bbox 382 4451 1172 4562; baseline 0.006 -34"><span class='ocrx_word' id='word_1_248' title='bbox 382 4451 558 4558; x_wconf 85' lang='lat' dir='ltr'><strong>pellasse,</strong></span> <span class='ocrx_word' id='word_1_249' title='bbox 580 4470 618 4531; x_wconf 87' lang='lat' dir='ltr'><strong>ct</strong></span> <span class='ocrx_word' id='word_1_250' title='bbox 634 4456 742 4561; x_wconf 92' lang='lat' dir='ltr'><strong>quod</strong></span> <span class='ocrx_word' id='word_1_251' title='bbox 757 4455 837 4562; x_wconf 87' lang='lat' dir='ltr'><strong>ipse</strong></span> <span class='ocrx_word' id='word_1_252' title='bbox 852 4455 926 4532; x_wconf 89' lang='lat' dir='ltr'><strong>hoc</strong></span> <span class='ocrx_word' id='word_1_253' title='bbox 942 4455 1172 4534; x_wconf 88' lang='lat' dir='ltr'><strong>emendabit.</strong></span> 
     </span>
     <span class='ocr_line' id='line_1_29' title="bbox 438 4585 1015 4663; baseline -0.002 -1"><span class='ocrx_word' id='word_1_254' title='bbox 438 4585 598 4662; x_wconf 82' lang='lat' dir='ltr'><strong>Veneris</strong></span> <span class='ocrx_word' id='word_1_255' title='bbox 612 4601 699 4661; x_wconf 87' lang='lat' dir='ltr'><strong>ante</strong></span> <span class='ocrx_word' id='word_1_256' title='bbox 714 4586 1015 4663; x_wconf 85' lang='lat' dir='ltr'><strong>Penthecostem.</strong></span> 
     </span>
     <span class='ocr_line' id='line_1_30' title="bbox 438 4716 1006 4824; baseline 0 -32"><span class='ocrx_word' id='word_1_257' title='bbox 438 4716 490 4792; x_wconf 88' lang='grc' dir='ltr'><strong>Μ.</strong></span> <span class='ocrx_word' id='word_1_258' title='bbox 507 4717 547 4792; x_wconf 90' lang='grc' dir='ltr'><strong>Ρ.</strong></span> <span class='ocrx_word' id='word_1_259' title='bbox 562 4716 774 4823; x_wconf 88' lang='lat' dir='ltr'><strong>Champion</strong></span> <span class='ocrx_word' id='word_1_260' title='bbox 793 4718 1006 4824; x_wconf 86' lang='lat' dir='ltr'><strong>reportavit.</strong></span> 
     </span>
    </p>
   </div>
   <div class='ocr_carea' id='block_1_4' title="bbox 381 4926 1812 5225">
    <p class='ocr_par' dir='ltr' id='par_1_4' title="bbox 381 4926 1812 5225">
     <span class='ocr_line' id='line_1_31' title="bbox 438 4926 1812 5091; baseline 0.004 -36"><span class='ocrx_word' id='word_1_261' title='bbox 438 4926 668 5058; x_wconf 48' lang='lat' dir='ltr'><strong>xxvsvisa</strong></span> <span class='ocrx_word' id='word_1_262' title='bbox 690 4981 865 5087; x_wconf 88' lang='lat' dir='ltr'><strong>inquesta</strong></span> <span class='ocrx_word' id='word_1_263' title='bbox 889 5010 1002 5089; x_wconf 87' lang='lat' dir='ltr'><strong>super</strong></span> <span class='ocrx_word' id='word_1_264' title='bbox 1027 5009 1072 5060; x_wconf 90' lang='lat' dir='ltr'><strong>eo</strong></span> <span class='ocrx_word' id='word_1_265' title='bbox 1097 4980 1202 5090; x_wconf 90' lang='lat' dir='ltr'><strong>quod</strong></span> <span class='ocrx_word' id='word_1_266' title='bbox 1226 4985 1258 5061; x_wconf 90' lang='lat' dir='ltr'><strong>J.</strong></span> <span class='ocrx_word' id='word_1_267' title='bbox 1286 4984 1333 5061; x_wconf 91' lang='lat' dir='ltr'><strong>de</strong></span> <span class='ocrx_word' id='word_1_268' title='bbox 1353 4985 1480 5074; x_wconf 80' lang='lat' dir='ltr'><strong>Barna,</strong></span> <span class='ocrx_word' id='word_1_269' title='bbox 1504 5011 1590 5061; x_wconf 90' lang='lat' dir='ltr'><strong>cum</strong></span> <span class='ocrx_word' id='word_1_270' title='bbox 1610 4984 1812 5091; x_wconf 86' lang='lat' dir='ltr'><strong>inquisitor</strong></span> 
     </span>
     <span class='ocr_line' id='line_1_32' title="bbox 381 5108 1812 5225; baseline 0.006 -39"><span class='ocrx_word' id='word_1_271' title='bbox 381 5108 530 5217; x_wconf 76' lang='lat' dir='ltr'><strong>[essct]</strong></span> <span class='ocrx_word' id='word_1_272' title='bbox 551 5111 702 5188; x_wconf 80' lang='lat' dir='ltr'><strong>ballivic</strong></span> <span class='ocrx_word' id='word_1_273' title='bbox 725 5112 985 5202; x_wconf 88' lang='lat' dir='ltr'><strong>Bituricensis,</strong></span> <span class='ocrx_word' id='word_1_274' title='bbox 1008 5113 1149 5193; x_wconf 84' lang='lat' dir='ltr'><strong>furasse</strong></span> <span class='ocrx_word' id='word_1_275' title='bbox 1168 5115 1364 5196; x_wconf 86' lang='lat' dir='ltr'><strong>dicebatur</strong></span> <span class='ocrx_word' id='word_1_276' title='bbox 1385 5145 1453 5225; x_wconf 90' lang='lat' dir='ltr'><strong>per</strong></span> <span class='ocrx_word' id='word_1_277' title='bbox 1468 5117 1546 5194; x_wconf 78' lang='lat' dir='ltr'><strong>¹rim</strong></span> <span class='ocrx_word' id='word_1_278' title='bbox 1565 5115 1742 5224; x_wconf 90' lang='lat' dir='ltr'><strong>prisionis</strong></span> <span class='ocrx_word' id='word_1_279' title='bbox 1764 5117 1812 5194; x_wconf 90' lang='lat' dir='ltr'><strong>ad</strong></span> 
     </span>
    </p>
   </div>
   <div class='ocr_carea' id='block_1_5' title="bbox 491 5289 1702 5337">
    <p class='ocr_par' dir='ltr' id='par_1_5' title="bbox 491 5289 1702 5337">
     <span class='ocr_line' id='line_1_33' title="bbox 491 5289 1702 5337; baseline 0.007 -8"><span class='ocrx_word' id='word_1_280' title='bbox 491 5289 543 5332; x_wconf 74' lang='lat' dir='ltr'><strong>tes</strong></span> <span class='ocrx_word' id='word_1_281' title='bbox 563 5289 648 5334; x_wconf 73' lang='grc' dir='ltr'><strong>ΟΗΙ.</strong></span> <span class='ocrx_word' id='word_1_282' title='bbox 672 5291 719 5332; x_wconf 85' lang='lat'>111.</span> <span class='ocrx_word' id='word_1_283' title='bbox 778 5291 781 5295; x_wconf 76' lang='grc'>’</span> <span class='ocrx_word' id='word_1_284' title='bbox 1665 5295 1702 5337; x_wconf 75' lang='lat'><strong>22</strong></span> 
     </span>
    </p>
   </div>
   <div class='ocr_carea' id='block_1_6' title="bbox 0 0 2231 6209">
    <p class='ocr_par' dir='ltr' id='par_1_6' title="bbox 0 0 2231 6209">
     <span class='ocr_line' id='line_1_34' title="bbox 0 0 2231 6209; baseline 0 0"><span class='ocrx_word' id='word_1_285' title='bbox 0 0 2231 6209; x_wconf 95' lang='lat' dir='ltr'><strong> </strong></span> 
     </span>
    </p>
   </div>
  </div>
 </body>
</html>
