4450 6209
742 747 1012 860 anutras
1038 766 1103 839 nr
1129 748 1335 841 raocts.
1676 772 1749 844 sos

329 911 515 1003 Bonassis,
530 909 818 993 concordassent
831 928 955 1019 partes
968 936 1036 1016 per
1053 908 1151 991 viam
1161 906 1425 1016 compromissi
1441 910 1647 1015 procedere
1658 971 1667 1001 ,
1679 912 1754 991 dio
1788 920 1920 977 trram
1932 923 1976 985 vv,

330 1061 393 1121 tus
405 1041 519 1125 abbas
538 1040 706 1120 inhibuit
724 1024 916 1148 Stephano
936 1041 985 1119 sle
1007 1040 1193 1129 Ladenaa,
1214 1039 1371 1124 arbitrio
1387 1039 1507 1121 electo
1522 1068 1637 1148 super
1654 1043 1752 1120 dicta
1851 1015 1915 1058 Μ’

332 1172 538 1262 discordia,
555 1200 669 1279 seper
678 1172 896 1280 jes-arnam
905 1199 987 1279 quo
1001 1171 1071 1251 sibi
1087 1170 1300 1263 tenebatur,
1319 1201 1368 1251 ne
1384 1171 1545 1255 dedicta
1553 1172 1756 1281 questione

331 1331 370 1381 se
395 1303 664 1383 intromitteret
688 1320 756 1410 p'er
780 1303 939 1384 modum
961 1302 1241 1409 compromissi,
1266 1319 1305 1381 et
1330 1303 1493 1409 quadam
1515 1305 1633 1412 virga,
1652 1302 1754 1384 irato

332 1435 476 1523 auimo,
492 1434 676 1540 percussit
691 1434 836 1516 dictum
857 1432 1304 1539 Stopbanumtssonassis,
1320 1449 1362 1511 et
1377 1462 1424 1514 eo
1444 1459 1519 1513 non
1536 1452 1753 1523 contentus,

333 1565 455 1670 ipsum
475 1566 724 1671 Stephanum,
742 1565 789 1643 ad
803 1592 873 1646 nos
889 1563 1158 1671 appellantem,
1172 1565 1275 1671 cepit
1291 1590 1406 1643 manu
1420 1565 1570 1672 propria
1583 1583 1622 1645 et
1636 1566 1757 1646 incar-

332 1695 449 1775 cerari
475 1694 563 1773 lecit
587 1697 625 1775 in
653 1696 905 1804 prejudicium
932 1694 1200 1801 appellationis
1228 1695 1418 1802 predicte,
1445 1713 1500 1785 et,
1528 1696 1625 1776 mala
1648 1697 1756 1778 malis

334 1826 590 1917 accunvulans,
611 1827 755 1906 dictum
770 1827 925 1907 Petrum
935 1824 1146 1932 eadatphi,
1162 1827 1421 1934 requirentem
1437 1827 1566 1933 ipsum
1579 1827 1757 1910 &baasa

333 1986 393 2035 ne,
404 1957 492 2043 talia
512 1974 751 2065 attemptaret
771 1957 1067 2045 *monadorum
1080 1958 1325 2064 ¹Stephanum
1342 1959 1410 2066 qui
1429 1958 1481 2037 ad
1497 1976 1568 2039 no's
1592 1958 1758 2065 appella-

336 2106 449 2179 verat,
469 2117 555 2166 cum
573 2088 708 2167 bactrio
727 2089 928 2194 percussit,
945 2116 1061 2167 manu
1078 2084 1247 2195 propria,
1267 2089 1307 2167 iu
1326 2091 1587 2197 capitumque
1604 2091 1654 2167 ad
1669 2118 1758 2169 san·

333 2219 458 2325 guinis
478 2220 718 2309 allusionem,
741 2220 944 2327 pluresque
963 2218 1053 2295 alias
1072 2218 1245 2326 injurias,
1266 2236 1343 2297 tam
1363 2220 1446 2325 ipse
1464 2248 1579 2329 quam
1597 2218 1681 2325 ejus
1697 2250 1759 2297 cu·

335 2350 461 2437 riales,
493 2367 676 2456 potestate
710 2349 887 2427 secularis
918 2350 1020 2426 curie
1054 2376 1122 2427 sue
1156 2348 1366 2437 abutendo,
1398 2348 1508 2429 dictis
1537 2349 1759 2429 bominibus

335 2479 560 2571 intulerunt,
575 2497 613 2556 et
625 2482 785 2557 maxime
801 2480 841 2557 in
860 2495 1121 2587 contemptum
1135 2478 1401 2585 appellationis
1414 2478 1582 2585 predicte
1595 2480 1642 2557 ab
1658 2480 1756 2585 ipso,

333 2630 526 2718 tamqnam
543 2612 673 2720 judice
697 2612 873 2701 seculari,
887 2612 938 2701 ,ad
960 2638 1034 2691 nos
1057 2610 1275 2719 interjecto:
1299 2612 1369 2701 Per
1388 2609 1491 2699 curie
1512 2626 1639 2693 nosue
1654 2610 1761 2718 judi-

335 2742 453 2833 cium,
472 2742 616 2828 diuum
632 2744 706 2825 suit
725 2744 830 2851 qaod
848 2744 950 2824 curia
966 2757 1005 2821 et
1014 2742 1231 2851 jurisdictio
1247 2741 1469 2849 temporalis
1484 2741 1576 2822 dicti
1594 2741 1757 2831 abbatis,

335 2902 420 2954 mam
438 2874 520 2982 ejus
533 2875 645 2955 bonis
660 2874 953 2982 temporalibus,
975 2874 1016 2951 in
1031 2896 1152 2955 mena
1166 2889 1295 2956 nosos
1314 2872 1547 2952 tenebuntur
1560 2897 1760 2980 quousque

336 3004 383 3083 de
403 3005 586 3084 sescentis
602 3004 713 3084 libris
732 3004 1018 3097 Turonensibus
1037 3002 1166 3095 nobis,
1187 3025 1270 3111 pro'
1284 3004 1463 3093 emenda,
1488 3021 1528 3084 et
1546 3003 1659 3092 dictis
1677 3005 1760 3088 Ste-

335 3134 461 3241 phano
481 3137 657 3218 bonensis
674 3154 713 3215 et
732 3139 843 3215 Petro
862 3136 1071 3243 Radulphi,
1094 3135 1255 3218 cuilibet
1274 3162 1407 3218 eorum
1432 3135 1480 3216 de
1502 3137 1635 3225 decem
1653 3136 1761 3218 libris

336 3269 638 3362 Turonensibus,
657 3268 772 3357 luerit
791 3269 1032 3350 satisfactum.

335 3464 338 3472 .
390 3399 588 3480 Dominica
606 3418 692 3506 post
708 3398 969 3508 Epiphaniam.

392 3530 501 3611 Greci
522 3532 734 3638 reportavit.
750 3574 755 3585 ·

392 3794 452 3873 VI.
483 3794 565 3874 Lite
588 3812 690 3875 mota
709 3822 836 3874 coram
854 3796 1046 3903 preposito
1063 3794 1263 3876 Parisiensi
1279 3793 1606 3878 intentatorum
1624 3795 1759 3903 Ripa,

338 3949 381 4001 er
396 3952 472 4001 una
483 3942 608 4030 parte,
626 3942 662 4005 et
676 3926 874 4005 Golterum
882 3926 1099 4034 Anglicnm,
1116 3924 1432 4035 pellipariumex
1445 3924 1577 4014 altera,
1590 3951 1763 4032 supereo

338 4056 439 4163 quod
462 4056 585 4135 dictim
604 4056 794 4141 Aubertus
808 4056 1071 4139 vendicionem
1088 4058 1285 4165 cujusdam
1300 4058 1439 4137 domus
1451 4056 1585 4138 factam
1601 4085 1670 4163 per
1684 4087 1765 4164 pre·

338 4186 504 4291 positum
525 4187 769 4269 Parisiansem
792 4188 894 4270 dicto
914 4188 1086 4277 Galtero,
1116 4190 1165 4271 de
1185 4188 1362 4272 mandato
1377 4188 1648 4295 meginherum
1666 4214 1764 4266 nun·

339 4316 512 4396 dinarum
529 4318 753 4427 Campania,
772 4320 921 4397 racione
937 4319 1302 4428 cujusdamsumme
1319 4319 1482 4427 pectmie
1498 4319 1626 4424 inqua
1639 4318 1764 4395 dotus

340 4446 529 4527 Aubertus
542 4466 621 4527 erat
637 4448 822 4559 obligatus
835 4449 1065 4558 quibusdam
1085 4449 1361 4540 mercatoribus
1377 4477 1447 4557 per
1463 4447 1608 4529 litteras
1624 4445 1764 4526 ntmdi-
1910 4542 1913 4545 .

340 4606 473 4657 narum
493 4581 715 4688 Campania,
737 4581 889 4689 petebat
910 4582 1100 4661 retractari
1123 4599 1161 4659 et
1179 4580 1324 4659 nullam
1343 4577 1600 4688 pronunciari,
1622 4595 1661 4656 et
1683 4606 1765 4685 pos

206 4722 209 4730 '
339 4713 546 4793 sessionem
567 4713 737 4820 ejusdem
759 4713 830 4793 sibi
846 4714 961 4804 tradi,
982 4742 1119 4822 proco
1136 4713 1242 4821 quod
1260 4712 1364 4794 dicta
1383 4711 1574 4801 vendicio,
1593 4728 1763 4818 tempore

340 4869 418 4948 quo
433 4843 511 4948 ipse
524 4843 713 4924 dacbertus
726 4845 852 4926 eratin
863 4845 1030 4925 exercitu
1046 4843 1285 4934 orcadensi,
1303 4842 1535 4926 frustrans
1549 4860 1677 4924 annua
1688 4866 1766 4949 gra

341 4974 437 5057 ciam
456 4973 530 5056 eibi
545 4990 584 5063 et
597 4974 680 5057 aliis
696 4976 739 5056 in
758 4977 860 5065 dicto
878 4977 1044 5058 exercitu
1061 4974 1307 5058 existentibus
1324 4973 1483 5063 aaran,
1493 4974 1604 5075 elicto¹
1614 4972 1766 5055 Galtero

342 5104 571 5191 tenemium
600 5126 804 5202 asserente,
825 5125 864 5186 et
882 5108 1031 5189 dicente
1051 5108 1193 5190 dican
1212 5106 1631 5189 vendicionemltctem
1652 5104 1767 5183 fuisse

1586 5273 1636 5333 50.
