4450 6209
764 720 1036 830 saoneres
1063 739 1127 812 nr
1152 720 1360 813 enonas
1700 742 1775 816 aaa

350 878 529 960 advitam
548 907 655 959 suam
674 878 819 959 ibidem
840 880 1016 972 retinuit,
1033 898 1077 959 ut
1098 880 1253 971 dicitur,
1273 883 1542 962 tantummodo
1563 882 1778 961 usumfruc·
1817 896 1947 953 enacim
1958 902 2002 965 1v,
2050 946 2058 971 .

349 1030 450 1103 tnm;
473 1040 587 1119 quam
606 1012 724 1093 eciam
741 1012 990 1093 Guillerrnam
1009 1011 1161 1091 dicebat
1179 1013 1282 1092 idem
1302 1043 1431 1094 comes
1444 1014 1656 1095 Armeniaci
1675 1042 1778 1095 ccm—
1878 996 1941 1039 Μ’

314 1162 319 1173 ·
349 1142 535 1250 prehendi
545 1143 585 1221 in
596 1168 686 1251 pace
701 1143 884 1251 predicta,
900 1162 1032 1253 utpote
1047 1144 1119 1223 sibi
1135 1115 1332 1255 {allegatam
1347 1164 1386 1225 et
1393 1147 1657 1237 adherentem,
1673 1147 1778 1227 idem

349 1302 477 1353 comes
489 1276 599 1367 Furi,
614 1304 683 1383 per
696 1304 736 1355 se
749 1275 807 1356 vel
818 1304 887 1384 per
901 1276 1018 1355 alium
1029 1274 1078 1357 de
1093 1278 1273 1358 mandato
1286 1304 1373 1369 suo,
1388 1279 1588 1358 intraverat
1600 1279 1780 1390 etprodi-

349 1408 446 1485 toria
467 1406 561 1485 duas
577 1407 684 1487 villas
696 1408 883 1487 violenter
896 1427 1157 1517 occupaverat,
1172 1411 1211 1487 in
1225 1410 1481 1517 prejudicium
1499 1412 1620 1520 ipsius
1633 1410 1781 1514 comitis

350 1538 562 1617 Armeniaci
587 1555 626 1616 et
650 1538 748 1618 dicte
773 1540 1002 1631 Guillerme,
1028 1540 1217 1620 veniendo
1242 1559 1370 1620 aontm
1395 1572 1527 1649 pacem
1552 1544 1778 1650 predictam,

351 1670 531 1777 quodque
549 1670 653 1749 idem
670 1699 798 1751 comes
816 1672 928 1760 Furi,
948 1688 1034 1779 post
1049 1700 1181 1778 pacem
1198 1672 1425 1781 predictam,
1443 1674 1621 1763 eandem,
1640 1693 1684 1751 ut
1700 1703 1781 1780 pre

350 1802 530 1889 mittitur,
548 1802 741 1893 violando,
763 1831 869 1881 more
888 1802 1035 1892 hostili,
1054 1832 1142 1881 cum
1161 1832 1295 1913 magna
1312 1804 1558 1882 multitudine
1578 1806 1779 1884 hominnm

351 1951 581 2011 armatorum
598 1935 769 2041 equitum
787 1951 826 2012 et
840 1934 1030 2042 peditum,
1044 1934 1210 2041 pensatis
1224 1932 1373 2015 insidiis
1387 1952 1426 2013 et
1438 1964 1483 2014 ex
1495 1937 1707 2043 proposito,
1724 1938 1780 2012 in-

350 2081 509 2142 traverat
523 2081 661 2142 terram
679 2065 770 2142 dicti
783 2066 931 2144 comitis
945 2064 1177 2154 Armeniaci,
1193 2083 1232 2143 et
1244 2066 1370 2143 villam
1385 2067 1433 2144 de
1450 2066 1617 2155 Serrata,
1633 2094 1709 2175 que
1725 2084 1781 2145 est

350 2196 468 2302 ipsius
493 2196 658 2287 comitis,
684 2196 892 2303 proditorie
916 2196 1118 2289 invaserat,
1145 2216 1294 2306 ceperat
1319 2215 1357 2276 et
1380 2186 1634 2288 destruxerat,
1656 2216 1696 2277 et
1715 2200 1781 2277 de

350 2328 570 2434 predaverat
589 2328 765 2405 homines
786 2328 884 2405 dicte
905 2327 992 2405 ville
1017 2328 1133 2407 rebus
1157 2329 1253 2422 suis,
1274 2346 1313 2407 et
1336 2330 1424 2438 igne
1450 2329 1621 2407 immisso
1642 2329 1781 2407 dictam
1886 2310 1890 2316 ¹

351 2458 477 2537 villam
489 2460 731 2549 destruxerat,
745 2476 784 2537 et
793 2458 1050 2568 quadraginta,
1063 2477 1141 2537 tam
1153 2459 1330 2538 homines
1340 2488 1453 2566 quam
1462 2460 1654 2550 mulieres,
1667 2490 1781 2567 quam

351 2590 512 2670 infantes
522 2590 581 2670 vel
597 2590 762 2681 circiter,
779 2589 924 2669 ibidem
944 2582 1198 2683 interfecerat,
1213 2608 1252 2669 et
1266 2591 1339 2669 hoc
1358 2591 1462 2674 idem
1476 2590 1614 2670 fecerat
1632 2593 1781 2671 devilia

352 2723 401 2802 de
422 2722 700 2814 Mille-Mediis,
723 2750 797 2830 que
824 2740 881 2801 est
901 2721 991 2800 dicti
1017 2722 1306 2834 archiepiscopi,
1332 2724 1405 2801 hoc
1425 2741 1581 2832 excepto
1600 2725 1708 2831 quod
1727 2725 1781 2802 ibi

352 2852 1188 2962 nonfueranthominesinterfecti;quodque
1200 2855 1440 2933 idemcomes
1450 2856 1560 2967 fuxi,
1574 2872 1782 2964 pergentes

352 3014 454 3077 suas,
471 2985 658 3065 insultum
677 3004 869 3094 paraverat
887 3003 1016 3064 contra
1035 2986 1287 3065 senescallum
1305 3004 1345 3065 et
1363 2986 1456 3065 alios
1469 2986 1671 3064 familiares
1692 2986 1782 3065 dicti

353 3118 501 3197 comitis
520 3102 750 3209 Armeniaci,
772 3119 811 3195 in
830 3118 934 3196 exitu
954 3118 1003 3197 de
1018 3117 1202 3209 Tholcsa,
1219 3119 1259 3195 in
1279 3120 1414 3198 itinere
1433 3118 1606 3228 publico,
1629 3120 1783 3198 interra

348 3268 497 3355 ‚pustrm
520 3251 560 3328 in
580 3280 657 3359 quo
679 3250 825 3329 insultu
843 3250 1044 3333 familiares
1064 3251 1155 3329 dicti
1176 3251 1325 3330 comitis
1344 3252 1457 3345 Furi,
1479 3252 1562 3359 ipso
1581 3252 1782 3330 mandante

352 3383 412 3461 vel
422 3401 545 3463 ratum
559 3382 740 3476 habente,
752 3400 796 3461 ut
807 3382 1267 3475 dicebat,vtdneraverant
1279 3384 1377 3462 duos
1386 3383 1600 3473 scutiferos,
1614 3402 1653 3462 et
1662 3413 1782 3463 unum

354 3515 402 3593 de
421 3515 671 3595 servientibus
690 3514 808 3623 ipsius
825 3516 975 3595 comitis
993 3514 1277 3607 interfecerant,
1303 3544 1378 3623 que
1401 3514 1527 3593 emnia
1545 3544 1615 3623 per
1632 3516 1783 3623 gagium

354 3647 489 3739 duelli,
504 3648 609 3756 quod
624 3664 752 3726 contra
767 3649 911 3727 dietum
926 3648 1104 3727 comitem
1119 3648 1213 3726 Furi
1228 3649 1268 3724 in
1284 3647 1387 3725 curia
1402 3664 1529 3724 nostra
1544 3647 1727 3736 reddidit,
1745 3676 1784 3725 se

353 3780 602 3888 probaturum
615 3780 817 3871 offerebat,
832 3781 863 3859 si
877 3781 1001 3861 dictus
1013 3808 1141 3859 comes
1153 3780 1246 3859 Furi
1261 3778 1489 3858 diffiteretur
1500 3778 1683 3887 predicta,
1700 3808 1785 3886 pro-

354 3930 495 3993 testans
508 3940 549 3992 se
565 3940 679 4019 super
692 3912 872 4020 predictis
885 3912 1007 4004 factis,
1024 3930 1180 4021 excepto
1193 3910 1338 4005 insultu
1350 3929 1480 3990 contra
1496 3911 1640 3989 dictum
1657 3940 1785 3989 senes-

317 4130 323 4137 ,
356 4046 495 4125 callum
517 4062 555 4123 et
573 4045 667 4123 alios
685 4044 888 4123 familiares
911 4042 1001 4123 dicti
1028 4046 1177 4123 comitis
1195 4044 1408 4122 Armeniaci
1432 4043 1530 4122 facto
1550 4044 1591 4120 in
1616 4044 1717 4123 exitu
1737 4044 1785 4121 de

356 4178 540 4269 Thclcsa,
563 4177 630 4256 diu
650 4194 735 4256 ante
751 4178 790 4255 iu
805 4178 909 4257 curia
923 4177 1119 4257 senescalli
1134 4175 1509 4285 Tholcsanigagium
1524 4174 1643 4255 duelli
1659 4194 1787 4253 contra

357 4311 501 4390 dictum
522 4310 699 4389 comitem
715 4308 806 4387 Fuxi
827 4308 1056 4404 reddidisse,
1074 4308 1132 4389 vel
1151 4307 1257 4416 quod
1275 4324 1425 4385 tantum
1442 4306 1605 4395 valebat,
1625 4324 1664 4384 et
1681 4308 1787 4411 quod

357 4443 446 4521 ideo
465 4442 617 4552 gagium
637 4441 859 4551 hujusmodi
879 4441 1045 4521 debebat
1066 4437 1269 4549 precedere
1289 4438 1439 4547 gagium
1462 4436 1553 4514 dicti
1571 4438 1787 4544 Raymundi

359 4575 407 4652 de
426 4574 616 4664 Cardena,
640 4570 671 4651 si
697 4572 816 4651 eciam
842 4574 944 4651 curia
968 4589 1095 4652 nostra
1119 4586 1362 4680 cognosceret
1383 4568 1534 4678 gagium
1558 4566 1677 4676 ipsius
1695 4570 1789 4677 Ray-

357 4706 492 4785 mundi
511 4704 592 4783 fore
612 4700 912 4796 admittendum
934 4732 1118 4813 cumque,
1138 4720 1227 4811 post
1245 4702 1385 4781 multas
1403 4702 1533 4778 barras
1547 4715 1585 4776 et
1599 4698 1789 4777 defensio*

358 4864 428 4916 nes
441 4865 484 4915 ex
495 4855 599 4946 parte
613 4838 702 4917 dicti
717 4837 866 4918 comitis
877 4837 969 4916 Furi
981 4835 1209 4945 propositas,
1223 4834 1272 4913 ad
1285 4835 1403 4913 finem
1415 4831 1521 4941 quod
1533 4832 1684 4941 gaginm
1699 4830 1791 4909 dieti

360 4970 511 5049 comitis
534 4969 743 5051 Armeniaci
766 4998 883 5079 super
908 4968 1086 5077 predictis
1111 4992 1188 5046 nan
1212 4966 1490 5055 admitteretur,
1511 4964 1578 5044 sed
1599 4963 1704 5073 quod
1728 4992 1792 5072 ga·-

357 5102 466 5213 gium
483 5102 575 5183 dicti
594 5104 804 5213 Raymundi
823 5102 872 5183 de
892 5102 1066 5183 Cardena
1085 5100 1323 5208 precederet,
1338 5118 1376 5179 et
1394 5114 1481 5179 ante
1497 5097 1625 5178 omnia
1639 5123 1708 5202 per
1727 5124 1793 5171 cu·
