4450 6209
525 733 598 804 llo
1101 729 1193 804 LES
1223 727 1365 804 OLIM.

295 885 482 950 tumult.
578 871 737 952 LXVIII.
767 871 942 978 luquests
967 869 1063 948 facts
1086 870 1135 949 de
1164 870 1343 949 mandato
1364 866 1510 946 domini
1535 869 1645 978 Regis
1672 895 1741 974 par
1763 867 1942 949 ballivum

356 977 420 1027 Μ’
520 1003 791 1084 Vitriacensem
825 1029 938 1110 super
967 1001 1197 1110 quibusdam
1228 1001 1376 1110 injuriis
1407 999 1536 1093 illatis,
1568 1016 1611 1078 ut
1644 999 1794 1092 dicitur,
1823 999 1943 1081 abbati

522 1134 805 1213 Mauri-Montis
816 1163 885 1241 per
894 1134 1080 1241 quosdam
1092 1134 1269 1212 homines
1282 1131 1759 1226 noveville-adsonem,
1769 1132 1818 1209 ad
1832 1133 1943 1212 finem

521 1268 684 1344 emenda
705 1283 744 1344 ct
761 1283 893 1373 quarte
915 1265 1073 1343 domino
1088 1265 1181 1374 Regi
1201 1265 1404 1374 prestande
1424 1264 1483 1343 vel
1503 1293 1598 1353 non,
1613 1264 1690 1343 visa
1711 1282 1749 1342 at
1768 1265 1872 1342 curie
1890 1294 1945 1344 rc-

520 1416 682 1506 portata‚
705 1427 750 1474 er
771 1423 879 1474 causa
900 1396 1072 1476 nonfuit
1097 1397 1283 1506 judicata,
1306 1413 1344 1476 et
1363 1397 1496 1474 iterato
1516 1394 1792 1502 inquirendum
1821 1413 1878 1474 est
1899 1396 1942 1474 de

518 1529 625 1610 totali
645 1529 742 1608 facto
759 1529 998 1637 hujusmodi,
1018 1548 1057 1607 et
1075 1547 1205 1607 contra
1225 1547 1348 1636 partes
1370 1527 1409 1604 iu
1429 1527 1526 1605 dicta
1543 1527 1718 1635 inquasta
1736 1505 1941 1618 contentas,

520 1682 558 1741 et
577 1681 706 1742 contra
727 1690 861 1739 omnes
881 1660 975 1739 alios
995 1659 1204 1768 culpabiles
1220 1660 1335 1772 hujus
1350 1657 1455 1751 sacti3
1476 1674 1531 1748 et,
1553 1687 1621 1766 per
1636 1675 1752 1736 testes
1764 1658 1846 1768 jam
1862 1687 1943 1766 pro·
2015 1753 2017 1758 ι

521 1796 655 1872 ductos
675 1811 713 1871 et
732 1821 799 1900 per
819 1791 930 1882 alios,
958 1793 1203 1870 commissum
1231 1809 1287 1870 est
1309 1789 1450 1870 ballivo
1473 1791 1714 1884 vitriacensi,
1736 1791 1879 1871 Guioto
1898 1791 1941 1870 de

520 1925 820 2004 hardi-Monte
836 1941 875 2002 et
893 1924 1056 2003 Johanni
1072 1921 1240 2016 Morelli,
1254 1923 1507 2034 burgensibus
1527 1924 1941 2018 Sancte-Maneheudis,

522 2085 608 2134 cum
628 2055 694 2142 illa
713 2054 879 2133 clausula
897 2073 975 2134 tres
988 2055 1047 2132 vel
1068 2055 1158 2134 duo.

577 2189 686 2266 Lune
706 2207 792 2266 ante
813 2187 1075 2268 Candelosam.

576 2319 752 2400 Boccllus
772 2321 984 2430 reportavit.

577 2453 702 2560 Super
720 2481 884 2530 asserem
903 2470 970 2530 est.

576 2718 686 2794 LXX.
717 2717 894 2824 lnquesta
916 2716 1010 2794 iacta
1033 2744 1147 2824 snper
1173 2733 1272 2794 statu
1297 2734 1336 2794 ot
1358 2733 1598 2826 por-tamenta
1625 2716 1776 2796 Renerii
1803 2715 1840 2794 le
1869 2715 1943 2796 Bu-

521 2850 611 2935 vier‚
633 2849 827 2928 servientis
846 2847 887 2924 in
906 2847 1056 2926 ballivia
1075 2849 1382 2940 Viromandensi,
1403 2865 1592 2956 reportata
1611 2849 1714 2927 curie
1734 2849 1862 2928 coram
1882 2850 1943 2927 do·

523 2982 630 3057 mino
649 2979 915 3057 archidiacono
934 2979 1199 3089 Bmgeriarum
1216 2998 1255 3058 et
1276 2980 1378 3073 aliis,
1397 3008 1476 3059 non
1493 2979 1566 3060 suit
1578 2979 1764 3088 judicata,
1782 2981 1853 3061 sed
1871 2982 1940 3087 ipse

523 3111 810 3189 archidiaconus
829 3110 945 3189 debet
963 3139 1077 3220 super
1097 3111 1170 3189 hoc
1190 3111 1378 3190 ordinare.

508 3231 525 3240 ⁵
579 3243 755 3322 Bocellus
773 3244 989 3350 reportavit.

579 3379 704 3484 Super
721 3405 885 3456 asserem
906 3394 972 3455 est.

580 3642 703 3718 LxxJ.
733 3642 911 3749 Inquesta
924 3670 994 3749 pro
1008 3640 1230 3720 consulibus
1239 3641 1525 3750 Belli-Regnoi,
1536 3643 1575 3719 in
1591 3639 1826 3736 flamminio,
1839 3665 1942 3746 super

521 3772 647 3850 valore
666 3773 782 3879 partis
801 3801 914 3879 quam
942 3772 1013 3878 ipsi
1040 3772 1182 3852 habent
1208 3773 1248 3850 in
1271 3773 1391 3864 decis,
1415 3773 1582 3852 surnaria
1608 3791 1647 3852 et
1671 3773 1780 3852 hassa
1799 3771 1939 3881 justicia

525 3903 624 3980 dicte
643 3902 749 3994 ville,
771 3931 884 4011 quarn
909 3904 980 4010 ipsi
1005 3903 1139 3983 volunt
1156 3905 1321 3983 vendere
1348 3906 1504 3984 domino
1524 3907 1634 4016 Regi,
1655 3933 1734 3984 non
1759 3901 1833 3983 fuit
1845 3901 1940 4014 judi·

525 4050 623 4122 cata,
646 4051 684 4112 et
700 4035 922 4113 mandatum
943 4053 1000 4115 cst
1015 4036 1220 4114 senescallo
1239 4037 1532 4146 Petragoricensi
1553 4039 1677 4145 quod,
1699 4066 1788 4117 cum
1807 4040 1882 4113 Rex
1899 4029 1940 4110 ad

523 4193 679 4281 presens
697 4166 767 4244 ista
786 4194 862 4243 non
881 4166 972 4244 velit
990 4194 1133 4256 emere,
1151 4195 1309 4245 manum
1324 4197 1431 4246 suam
1451 4186 1606 4278 propter
1621 4169 1694 4246 hoc
1713 4169 1753 4246 in
1768 4161 1937 4276 predictis

524 4297 732 4404 appositam
753 4316 932 4376 amoveat.

581 4431 624 4506 In
643 4431 786 4510 octabis
805 4432 1030 4512 Candelose.

579 4561 651 4639 Per
671 4564 871 4643 dominum
889 4565 1165 4642 thesaurarium
1186 4563 1506 4675 Andegsvensem.

582 4691 704 4799 Super
724 4721 888 4774 asserem
905 4709 980 4805 est.
