4450 6209
513 715 586 790 tto
1093 720 1183 790 Las
1214 715 1352 790 OLIM.

285 864 417 922 emron.
429 866 470 931 tv,
510 860 557 936 ad
577 859 796 936 instanciam
818 859 917 934 Petri
932 857 980 935 de
995 859 1145 966 Vogon,
1162 875 1291 938 contra
1309 857 1555 968 Reginaldum
1572 857 1721 965 Buylle,
1738 858 1857 936 civem
1876 862 1931 936 Bi·

346 959 408 1002 ran.
510 989 755 1081 turicensem,
782 992 931 1068 racione
961 991 1147 1098 capcionis
1174 991 1424 1100 quorumdam
1458 1019 1678 1098 porcorum,
1710 990 1860 1068 dudum
1889 994 1931 1069 ad

511 1140 675 1201 nostram
699 1124 841 1202 curiam
860 1140 1043 1232 asportata
1065 1122 1208 1210 luisset,
1232 1141 1285 1212 et,
1306 1123 1355 1200 ad
1368 1123 1623 1230 quorumdam
1639 1124 1929 1233 suggestionem,

509 1256 605 1334 dicta
637 1257 825 1363 inquesta,
848 1273 975 1334 contra
1001 1254 1213 1362 predictum
1235 1256 1501 1364 Reginaldum,
1530 1285 1598 1364 per
1618 1273 1788 1334 nostram
1812 1255 1933 1336 luisset

506 1388 649 1466 curiam
664 1388 847 1495 judicata,
870 1387 1010 1466 deinde
1032 1387 1080 1465 ad
1095 1388 1235 1466 curiam
1258 1405 1425 1466 nostram
1442 1387 1623 1467 accedens
1642 1387 1746 1466 idem
1768 1388 1931 1495 Reginal-

506 1520 595 1612 dus,
611 1538 649 1599 et
661 1549 704 1598 ex
723 1549 768 1600 eo
785 1549 1020 1628 conquerens
1038 1519 1143 1627 quod
1159 1519 1256 1598 dicta
1271 1520 1442 1626 inquesta
1462 1549 1540 1597 non
1555 1518 1676 1598 suerat
1688 1519 1855 1628 perlecta
1871 1548 1932 1597 nec

505 1654 542 1730 in
565 1682 606 1732 en
626 1671 750 1761 partes
769 1653 1046 1738 concluserant,
1070 1681 1139 1730 nec
1153 1652 1269 1728 eciam
1285 1651 1365 1760 ejus
1380 1650 1618 1730 defensiones
1634 1650 1720 1728 lacti
1739 1680 1838 1758 quas
1854 1681 1933 1757 pro·

507 1813 649 1891 ponere
667 1801 706 1862 et
722 1785 870 1862 tradere
891 1813 1003 1890 super
1022 1785 1095 1862 boc
1115 1781 1333 1860 intendebat
1354 1780 1506 1860 fuerant
1531 1781 1571 1858 in
1595 1811 1638 1860 ea
1657 1782 1806 1871 audite,
1830 1812 1933 1890 super

508 1916 583 1994 biis
601 1916 793 2023 requisivit
813 1916 882 1993 sibi
905 1915 1200 1994 misericorditer
1218 1913 1428 2004 subveniri;
1450 1913 1580 1991 audito
1602 1913 1717 2022 igitur
1735 1915 1933 2020 superbiis

507 2048 762 2156 quorumdam
779 2049 827 2126 de
847 2048 1032 2158 magistris
1052 2047 1155 2125 curie
1176 2063 1303 2124 nostre
1325 2045 1501 2133 recordo,
1523 2075 1671 2125 necnon
1685 2046 1818 2124 ballivi
1838 2049 1934 2124 Bitu-

508 2180 661 2258 ricensis
677 2179 864 2258 relacione
884 2181 950 2287 qui
972 2179 1112 2258 dictam
1130 2180 1359 2286 inquestam,
1380 2179 1559 2268 Parisios,
1578 2197 1847 2290 asportaverat,
1865 2208 1933 2257 non

506 2332 685 2420 tanquam
706 2312 926 2419 perfectam,
948 2330 992 2390 ut
1006 2313 1174 2401 dicebat,
1196 2341 1268 2389 nec
1287 2312 1335 2388 ad
1355 2310 1471 2388 finem
1492 2311 1596 2418 quod
1607 2311 1860 2419 judicaretur,
1874 2311 1934 2390 sed

508 2462 550 2523 ut
573 2463 695 2552 partes
710 2475 823 2554 super
844 2475 886 2524 ea
911 2446 1146 2536 audirentur,
1161 2445 1303 2551 quibus
1318 2444 1420 2522 diem
1442 2442 1603 2522 Parisius
1626 2471 1741 2550 super
1760 2443 1836 2522 hoc
1855 2443 1936 2522 assi-

506 2557 696 2685 gnaverat,
719 2597 758 2656 et
776 2597 835 2669 ut,
855 2578 1023 2686 partibus
1038 2577 1194 2665 auditis,
1213 2576 1434 2682 adplenum
1453 2605 1567 2683 super
1581 2577 1655 2654 boc
1670 2576 1776 2654 curia
1795 2594 1933 2666 nostra,

507 2737 622 2816 super
641 2712 812 2819 inquesta
828 2711 1011 2818 predicta,
1026 2711 1067 2787 id
1082 2709 1188 2817 quod
1207 2726 1307 2788 esset
1325 2709 1553 2788 racionabile
1573 2709 1785 2798 ordinaret,
1802 2709 1936 2817 placuit

509 2841 635 2930 nobis,
654 2842 702 2920 dc
722 2841 979 2920 misericordia
993 2859 1030 2920 et
1043 2842 1165 2950 gracia
1185 2841 1347 2948 speciali,
1360 2842 1481 2948 quod,
1493 2869 1572 2920 non
1587 2841 1759 2920 obstante
1769 2842 1934 2950 judicato

508 2972 695 3079 predicto,
718 2974 809 3049 certi
829 3002 899 3080 per
917 3001 985 3050 nos
1006 2974 1281 3080 deputarentur
1294 2973 1540 3052 commissarii
1561 2973 1626 3080 qui
1648 2974 1696 3050 de
1715 2974 1826 3052 totali
1846 2972 1933 3050 lacto

508 3104 692 3211 predicto,
711 3106 892 3212 captionis
915 3106 1103 3186 dictorum
1126 3134 1330 3214 porcorum
1353 3105 1518 3214 dictique
1533 3104 1728 3215 Reginaldi
1751 3104 1935 3184 defensio-

508 3235 639 3324 nibus,
662 3237 701 3313 in
722 3238 943 3347 hujusmodi
964 3239 1102 3318 vocatis
1122 3241 1187 3346 qui
1209 3238 1334 3318 lorent
1353 3238 1530 3316 evocandi
1554 3256 1592 3315 et
1610 3237 1750 3316 auditis
1770 3238 1932 3344 parcium

470 3449 477 3469 ,
507 3369 721 3449 racionibus
742 3370 830 3478 hinc
850 3389 888 3448 et
906 3371 1011 3461 inde,
1034 3370 1082 3448 ad
1100 3369 1218 3449 finem
1235 3370 1382 3448 civilem
1403 3371 1641 3478 inquirerent
1658 3370 1829 3477 plenarie
1849 3369 1935 3447 veri·

507 3517 647 3579 tatem:
665 3503 785 3582 Certis
809 3503 922 3611 igitur
939 3503 1204 3582 commissariis
1224 3532 1292 3610 per
1311 3531 1381 3581 nos
1398 3532 1513 3611 super
1532 3503 1606 3580 biis
1621 3501 1814 3609 deputatis
1832 3518 1869 3578 et
1887 3501 1935 3577 in·

508 3653 639 3740 questa
657 3663 825 3741 percos,
845 3635 984 3712 vocatis
1001 3633 1141 3712 ballivo
1161 3651 1200 3711 et
1212 3650 1455 3740 procuratore
1476 3651 1605 3712 nostro
1619 3632 1932 3717 Bituricensibus,

508 3793 657 3844 necnon
682 3766 890 3844 heredibus
915 3765 1005 3842 dicti
1031 3765 1132 3843 Petri
1157 3765 1206 3844 de
1226 3769 1359 3873 Vogon
1386 3764 1555 3844 defuncti
1577 3784 1615 3844 et
1633 3763 1716 3844 aliis
1739 3764 1933 3844 evocandis

508 3923 621 4002 super
633 3897 828 4003 predictis,
849 3895 959 3986 lacta,
973 3915 1010 3974 et
1025 3898 1072 3974 ad
1092 3917 1258 3976 nostram
1280 3899 1439 3990 curiam,
1457 3897 1786 4005 adjudicandum,
1809 3925 1933 4005 repor-

507 4041 599 4116 tata,
622 4055 664 4104 ea
689 4028 764 4104 visa
784 4044 822 4104 et
842 4029 1043 4138 diligenter
1063 4031 1286 4120 examinata,
1310 4061 1398 4108 cum
1417 4059 1486 4138 per
1504 4059 1586 4109 eam
1608 4030 1803 4109 inventum
1823 4029 1933 4108 luerit

508 4156 738 4236 sufficienter
759 4160 960 4266 probatum
981 4161 1085 4266 quod
1107 4161 1212 4267 porci
1233 4163 1411 4270 predicti,
1432 4180 1588 4270 propter
1606 4190 1770 4270 quorum
1791 4162 1932 4268 capcio-

507 4318 595 4366 nem
626 4292 751 4369 dictus
783 4292 1011 4401 Reginaldus
1035 4293 1157 4401 linerat
1190 4295 1510 4401 condempnatus,
1539 4311 1646 4374 erant
1671 4295 1815 4404 proprii
1844 4293 1930 4370 dicti

507 4421 718 4529 Reginaldi,
740 4441 777 4500 et
794 4425 899 4530 quod
919 4454 997 4504 non
1013 4426 1111 4534 ipse,
1132 4427 1202 4504 sed
1218 4427 1372 4534 quidam
1394 4427 1558 4504 serviens
1576 4444 1720 4516 noster,
1741 4454 1809 4533 per
1826 4423 1929 4504 balli-

507 4581 595 4630 vum
614 4548 906 4648 Bituricensem,
927 4557 1128 4665 deputatus
1149 4560 1197 4637 ad
1221 4558 1446 4665 capiendum
1464 4557 1637 4635 victualia
1659 4558 1776 4636 nostri
1797 4557 1930 4634 exerci-

506 4699 584 4774 tus,
609 4686 727 4764 dictos
751 4716 887 4794 porcos
913 4688 983 4767 sibi
1012 4717 1079 4794 per
1104 4689 1249 4766 dictum
1273 4689 1522 4796 Reginaldum
1548 4690 1736 4768 incusatos
1754 4706 1928 4796 tanquam

506 4842 610 4902 suos,
630 4817 736 4923 signo
753 4837 882 4897 nostro
898 4819 1104 4928 signaverat
1120 4839 1157 4896 et
1173 4837 1318 4897 certum
1332 4820 1504 4927 precium
1520 4837 1697 4928 posuerat
1713 4822 1753 4898 in
1771 4819 1925 4906 eisdem,

505 4946 611 5054 quod
639 4949 808 5056 pretium
835 4952 936 5029 idem
964 4951 1192 5059 Reginaldus
1216 4951 1263 5029 de
1288 4953 1398 5030 dictis
1422 4953 1560 5061 porcis,
1588 4971 1765 5059 tanquam
1790 4952 1836 5028 de
1855 4949 1927 5028 suis

506 5080 664 5189 recepit:
688 5060 847 5189 estquod
869 5083 991 5160 dictus
1007 5084 1141 5162 Petrus
1162 5085 1209 5162 de
1226 5087 1376 5194 Vogon,
1396 5085 1461 5192 qui
1483 5085 1603 5164 dictos
1622 5111 1757 5191 porcos
1772 5081 1926 5164 habebat
