4450 6209
510 692 582 763 126
1090 689 1182 762 tus
1208 687 1346 762 OLlM.

279 855 410 905 Parnm
422 845 466 908 tv,
505 863 546 912 se
565 833 708 912 absolvi
728 863 749 910 a
767 834 956 942 peticione
974 831 1162 940 predicta:
1179 831 1368 924 Tandem,
1385 829 1523 910 auditis
1541 857 1656 938 super
1674 831 1748 908 hoc
1764 835 1931 938 partibus

341 941 405 986 120³.

506 966 719 1058 antedictis,
750 966 837 1044 visis
865 965 1000 1043 litteris
1026 983 1066 1042 et
1092 963 1176 1042 aliis
1206 991 1281 1071 que
1313 963 1411 1040 dicte
1435 979 1560 1070 partes
1594 963 1634 1040 in
1667 963 1771 1041 curia
1807 984 1930 1046 nostra

505 1097 776 1189 exhibuerunt,
795 1126 838 1174 ac
857 1097 1042 1205 inquestis
1060 1125 1175 1205 super
1194 1096 1283 1174 hinc
1302 1095 1390 1172 inde
1410 1094 1627 1204 propositis,
1649 1094 1755 1174 lactis
1775 1096 1931 1204 diligen-

503 1248 573 1319 ter,
605 1229 691 1308 visis
715 1247 755 1307 et
782 1230 1015 1321 examinatis,
1040 1259 1110 1337 per
1135 1229 1238 1308 curie
1268 1245 1396 1307 nostre
1420 1229 1630 1338 judicium,
1660 1229 1750 1306 dicti
1776 1230 1867 1307 socii
1896 1251 1930 1308 et

504 1379 731 1439 mercatores
749 1361 1017 1469 condempnati
1037 1360 1195 1439 luerunt
1210 1361 1259 1438 ad
1272 1359 1514 1440 reddendum
1530 1359 1642 1438 nobis
1658 1379 1828 1466 quartam
1850 1391 1930 1470 par-

502 1511 581 1570 tem
597 1492 816 1600 quindecim
830 1493 997 1570 millium
1011 1493 1194 1572 librarum
1211 1493 1493 1570 Turonensium
1505 1519 1707 1600 parvorum
1721 1491 1769 1570 de
1785 1523 1928 1570 summa

502 1624 686 1730 predicta,
707 1624 881 1702 deductis
898 1644 1026 1703 tamen
1045 1625 1093 1703 de
1121 1625 1343 1733 hujusmodi
1367 1641 1499 1731 quarta
1521 1641 1626 1731 parte
1648 1623 1758 1702 nobis
1785 1623 1929 1733 adjudi-

503 1771 581 1831 cata
596 1771 748 1831 centum
761 1771 797 1830 et
810 1755 942 1863 viginti
952 1755 1136 1833 librarum
1148 1755 1430 1834 Turonensium
1442 1783 1657 1862 parvorum,
1671 1755 1820 1834 racione
1836 1785 1928 1835 com-

503 1885 738 1992 pensacionis
766 1903 899 1994 quarte
925 1889 1041 1994 partis
1066 1887 1319 1994 quarumdam
1344 1914 1580 1964 summarum
1606 1903 1869 1964 contentarum
1892 1890 1926 1964 in

503 2016 733 2122 quibusdam
756 2017 893 2100 litteris
916 2018 1020 2095 curie
1044 2036 1172 2098 nostre
1194 2045 1263 2125 per
1282 2017 1427 2095 dictum
1451 2015 1635 2096 Guiotum
1661 2017 1854 2108 exhibitis,
1882 2019 1926 2096 de

504 2148 645 2254 quibus
665 2150 835 2227 constitit
853 2151 956 2228 curie
975 2167 1102 2228 nostre
1121 2150 1302 2257 predicte.
1323 2152 1366 2227 ln
1387 2149 1510 2257 cujus,
1534 2167 1603 2227 etc.

560 2282 667 2359 Lune
687 2299 775 2390 post
795 2283 975 2361 Sanctum
994 2281 1250 2372 Clementem,
1271 2309 1369 2359 anno
1389 2281 1653 2360 trecentesimo
1671 2281 1803 2359 tercio.

558 2546 651 2622 XVI.
683 2545 760 2622 Per‘
774 2545 987 2652 inquestam
1005 2545 1140 2624 lactum
1163 2572 1277 2654 super
1294 2544 1515 2624 vendicionc
1536 2543 1789 2652 quorumdam
1808 2545 1925 2624 bono-

504 2705 591 2754 rum
614 2677 818 2755 mobilium
840 2677 1018 2757 Esdeline
1042 2679 1079 2755 la
1097 2678 1281 2770 Poilesse,
1305 2705 1375 2784 pro
1398 2676 1529 2756 debito
1552 2677 1681 2784 Regis,
1702 2705 1771 2784 per
1791 2677 1925 2754 Danie-

503 2809 581 2886 lem
607 2807 655 2885 de
679 2810 823 2901 Insula,
845 2826 898 2901 et,
920 2827 965 2886 ut
983 2810 1063 2916 ipsa
1082 2807 1245 2901 dicebat,
1268 2825 1395 2886 contra
1415 2835 1527 2888 usum
1553 2826 1590 2886 et
1617 2809 1924 2887 consuetudinem

503 2939 595 3028 loci,
616 2955 654 3014 et
672 2939 711 3014 in
731 2939 830 3015 dicte
847 2939 1023 3018 Esdeline
1039 2940 1318 3048 prejudiciums
1336 2939 1435 3035 Quia
1452 2940 1549 3018 dicte
1567 2940 1744 3019 Esdelina
1761 2941 1837 3020 hoc
1852 2949 1925 3019 non'

503 3068 691 3176 probavit,
714 3071 831 3148 immo
852 3072 1080 3150 contrarium
1096 3073 1285 3150 invenitur
1300 3099 1379 3150 esse
1399 3073 1621 3181 probatum,
1639 3075 1761 3151 dictus
1776 3073 1920 3158 Daniel,

504 3229 573 3307 per
592 3201 694 3278 curie
709 3201 918 3308 judicium,
939 3233 1054 3312 super
1071 3203 1252 3312 predictis
1272 3205 1393 3282 extitit
1411 3204 1617 3282 absolutus.

558 3333 798 3414 Presentibus
822 3333 1058 3415 thesaurario
1081 3334 1358 3445 Andegavensi,
1381 3336 1492 3414 Petro
1513 3335 1561 3454 de
1587 3334 1865 3427 Bella-Portica,
1892 3353 1924 3412 et

446 3479 451 3486 ’
501 3465 532 3539 l.
555 3464 603 3540 de
623 3464 876 3572 Montignaco.

560 3594 716 3672 Sabbati
737 3613 822 3702 post
840 3597 1021 3674 Sanctum
1039 3598 1196 3686 Lucam,
1214 3626 1313 3678 anno
1332 3598 1599 3677 trecentesimo
1618 3599 1747 3676 tercio.

558 3855 668 3934 XVII.
701 3854 799 3932 Cum
815 3855 1003 3936 Robertus
1014 3859 1050 3935 le
1065 3860 1308 3948 Parmantier,
1327 3861 1414 3938 civis
1428 3860 1730 3953 Silvanectensis,
1746 3863 1812 3968 qui
1828 3891 1920 3969 pays

502 4011 635 4061 sonam
663 3986 802 4064 foreste
829 4006 957 4068 nostre
984 3991 1140 4101 Cuysie,
1168 3973 1259 4069 anni
1279 3992 1474 4070 millesimi
1493 3990 1746 4072 trecentesimi
1772 3995 1917 4072 secundi

502 4114 704 4194 novissime
718 4120 906 4224 preteriti,
923 4149 992 4228 pro
1007 4139 1110 4202 certo
1121 4123 1248 4232 precio
1264 4123 1474 4231 agentibus
1489 4124 1625 4201 nostris
1645 4142 1803 4215 emerat,
1818 4126 1919 4203 nobis

502 4265 730 4353 conquestus
743 4249 876 4330 fuisset
889 4254 992 4361 quod
1008 4253 1104 4361 ipse,
1120 4283 1189 4361 per
1204 4255 1344 4333 lactum
1360 4255 1535 4362 gencium
1551 4272 1779 4346 nostrarum,
1798 4257 1837 4333 in
1855 4258 1920 4332 hu·

496 4379 667 4485 jusmodi
691 4384 1019 4492 quamplurimum
1045 4388 1333 4495 dampnificatus
1356 4387 1497 4477 fuerat,
1517 4414 1586 4492 pro
1609 4415 1653 4464 eo
1673 4388 1778 4494 quod
1797 4405 1918 4496 gentes

502 4527 629 4588 nostre
647 4512 686 4587 in
707 4513 806 4592 dicta
824 4546 1005 4625 payssona
1021 4519 1159 4596 eodem
1178 4536 1348 4625 tempore
1368 4517 1556 4625 porcellos
1570 4534 1719 4596 nostros
1734 4518 1774 4596 in
1790 4543 1917 4626 magno

500 4667 660 4718 numero
684 4667 887 4751 posuerant
913 4667 951 4727 et
973 4667 1174 4728 tenuerant
1198 4668 1327 4728 contra
1346 4649 1577 4727 voluntatem
1602 4650 1736 4756 ipsius,
1763 4651 1917 4757 ideoque

500 4788 646 4875 peteret
663 4775 734 4852 sibi
755 4781 934 4858 ressaisiri
957 4783 1118 4889 dampna
1138 4811 1213 4889 que
1233 4758 1330 4890 ipse,
1352 4809 1420 4888 per
1434 4780 1576 4859 lactum
1593 4782 1769 4889 gencium
1783 4801 1918 4862 nostra·

500 4930 604 4991 rum,
622 4906 851 4986 sustinuerat
868 4913 907 4988 in
924 4914 1122 5020 predictis:
1140 4914 1330 5005 Tandem,
1348 4913 1423 4990 visa
1437 4913 1708 4991 informacione
1725 4942 1839 5021 super
1853 4915 1916 4991 hoc

501 5033 549 5108 de
576 5037 749 5114 mandato
769 5059 899 5119 nostro
918 5043 1026 5133 lacta,
1047 5045 1124 5122 visa
1144 5044 1263 5122 eciam
1285 5044 1447 5151 quadam
1473 5045 1597 5122 littera
1616 5041 1787 5124 Gaufridi
1810 5045 1910 5124 Coca-
