4450 6209
762 714 1031 827 saoneres
1055 736 1125 817 rr
1149 719 1358 820 esoces.
1699 736 1772 811 ror
1891 668 1899 685 ⁸

348 894 423 955 tam
447 892 535 956 anta
556 902 671 983 qrnm
689 894 777 983 post
797 876 1158 985 pronunciaaionen
1179 876 1371 958 diomero
1393 875 1677 984 inquisitorum,
1700 907 1776 957 una
1811 888 1941 945 rarum
1953 890 1996 953 lv.

348 1034 434 1086 eum
460 1006 653 1113 dampnis,
677 1008 826 1090 racione
850 1008 1018 1095 deserere
1044 1007 1193 1090 culture
1210 992 1410 1090 'beorum
1432 1007 1643 1101 bonorum,
1671 1028 1775 1117 post-
1873 982 1935 1023 '³⁰⁹'

347 1166 460 1244 quarn
476 1138 531 1217 -d'e
554 1137 795 1225 ebsolncione
815 1139 933 1247 ipains
955 1140 1186 1233 eonstiteritp
1202 1128 1416 1249 inquiretirr
1439 1140 1643 1234 summarie
1663 1157 1702 1219 et
1726 1143 1774 1221 de

346 1264 482 1376 plenor
500 1297 576 1376 que
595 1271 740 1361 omnia,
761 1288 876 1379 prout
894 1272 1042 1361 inventa
1063 1272 1221 1365 hierint,
1243 1272 1344 1354 dicto
1362 1271 1498 1351 clerico
1511 1272 1772 1373 restituentur,

345 1426 432 1479 cnm
455 1398 569 1481 suerit
583 1402 795 1495 ebsointwr
810 1420 848 1481 et
862 1402 1051 1510 peridem·
1063 1402 1255 1511 judicium
1275 1403 1418 1487 dietum
1433 1402 1506 1487 suit
1512 1464 1528 1505 „
1536 1421 1576 1481 et
1588 1433 1635 1486 ex
1650 1434 1773 1499 causa,

345 1532 465 1637 quod,
488 1531 527 1613 iu
546 1533 670 1614 causis
688 1533 967 1621 eiviteedien
987 1534 1131 1628 elerici,
1149 1535 1267 1628 motis
1280 1553 1323 1615 et
1337 1534 1551 1625 movendis,
1572 1534 1775 1645 dequibus

345 1663 516 1772 cognicio
529 1664 580 1743 nd
594 1664 737 1751 dietum
756 1665 1285 1775 smcsotlum,quoormque
1293 1668 1397 1774 jure,
1417 1667 1554 1765 aebeat
1568 1668 1771 1775 portinere,

344 1792 470 1877 eidem
489 1796 694 1879 senescallo
713 1795 810 1880 alius
828 1798 1005 1906 ydoneus·
1013 1798 1258 1917 adjungetur..
1339 1869 1343 1878 ,
1416 1877 1419 1886 ,

399 1928 559 2008 Veneris
575 1944 660 2015 ente
682 1928 833 2010 Remos
838 1927 1064 2019 Primatum.
1136 1982 1142 1997 ·
1213 1970 1218 1981 ·

399 2058 449 2138 Μ.
470 2058 517 2135 Η.
539 2058 602 2139 de
606 2059 764 2139 Sancto·
764 2058 881 2142 Paulo
899 2061 1194 2167 reportavite...

398 2187 610 2298 Adjunetus
624 2207 681 2269 est
698 2220 785 2272 curn
800 2192 1002 2275 senescallo
1017 2191 1194 2300 magister
1206 2193 1401 2357 iohannes
1412 2194 1461 2276 de
1474 2123 1648 2291 Menoec,
1664 2224 1773 2277 cano·

238 2434 243 2440 ι
342 2322 449 2403 niens
462 2321 695 2403 Pietarcnsis.

398 2586 571 2669 LXXVII.
602 2588 685 2669 Lite
703 2606 823 2681 mon,
843 2616 971 2671 eoram
990 2588 1519 2697 wnemhofetrrgorioensi,
1538 2589 1637 2667 inter
1656 2589 1772 2670 comi-

341 2736 420 2797 tem
434 2719 795 2829 Petrrgor'seensern,
811 2748 857 2801 ex
874 2748 949 2801 una
962 2732 1087 2828 parte,
1099 2730 1146 2802 'et
1156 2720 1404 2808 Lamhortnm
1414 2720 1527 2799 Porto
1542 2746 1585 2813 ao
1600 2719 1769 2828 bajulum

341 2868 513 2929 nostrum
541 2850 899 2961 Petrsgorioensern,
928 2880 971 2931 ex
996 2849 1128 2941 altera,
1158 2879 1278 2958 super.
1296 2878 1343 2929 eo
1364 2850 1470 2957 qnod
1494 2850 1619 2931 dictus
1644 2878 1771 2931 comes

341 2980 489 3063 dicebat
503 2982 624 3091 qnod,
645 2983 727 3090 ipso
743 2983 923 3063 existente
943 2984 985 3064 in
1002 2984 1154 3074 crisim
1174 2982 1324 3070 racione
1344 2983 1454 3062 castri
1474 2982 1523 3062 de
1542 2982 1769 3076 Granholio,

341 3114 536 3194 exercendi
560 3140 709 3195 merum
733 3113 953 3195 erminum
977 3116 1182 3222 imperinm
1203 3115 1243 3191 in
1266 3114 1364 3192 villis
1386 3112 1635 3224 deMongneo
1660 3116 1769 3195 etde

339 3246 476 3331 Bor-ro,
502 3244 734 3351 tenendique
754 3244 807 3323 ibi
833 3244 967 3351 placite
986 3271 1073 3334 snas
1090 3245 1244 3353 quondo
1264 3244 1343 3326 sihi
1356 3243 1542 3351 placebat,
1563 3264 1770 3355 gentesque

339 3373 458 3482 ipsine
468 3375 635 3463 consitis,
646 3402 716 3483 pro
731 3375 898 3455 tenendo
910 3376 1010 3458 diota
1024 3374 1260 3483 placita-sna,
1273 3374 1419 3453 ibidem
1433 3375 1687 3467 accessissent,
1704 3379 1770 3455 sai-

339 3504 461 3586 sinam
486 3535 593 3585 snam
611 3506 819 3613 predictam
843 3507 1123 3600 continuando,
1144 3507 1216 3615 ipsi
1236 3508 1285 3587 ad
1308 3505 1529 3590 instanciam
1548 3506 1639 3585 dicti
1660 3508 1768 3585 Lem·

338 3636 451 3728 berti,
468 3667 538 3745 per
557 3638 702 3719 dictam
719 3637 888 3747 hajnhnn
906 3637 1061 3721 henne
1074 3666 1195 3746 snper·
1209 3636 1284 3719 hoo
1301 3636 1501 3744 prohibiti,
1521 3635 1610 3715 lieet
1629 3636 1677 3715 de
1696 3638 1770 3722 hoc

339 3769 559 3849 mandatum
582 3797 659 3849 non
681 3770 931 3851 haberetnec
953 3788 1200 3879 potestatem,
1222 3786 1266 3849 nt
1290 3767 1460 3857 dicebat,
1481 3796 1502 3845 a
1521 3767 1769 3876 quiquidem

167 3986 169 3989 ,
336 3900 619 4007 prohibicione,
634 3930 680 3981 en
690 3918 795 4009 parte
809 3902 968 4009 predicti
980 3902 1146 3995 comitis,
1161 3902 1213 3982 ed
1225 3900 1371 3982 dictem
1387 3897 1635 3980 senescallum
1649 3902 1771 3979 extitit

338 4031 589 4140 appeihtums
604 4062 721 4141 (prere
740 4034 855 4141 peciit
872 4035 974 4113 idem
994 4063 1123 4115 comes
1138 4032 1377 4141 pronunciari
1393 4032 1518 4139 ipsum
1533 4032 1634 4111 bene
1648 4035 1770 4141 appei

338 4162 449 4255 lasse,
472 4164 692 4271 dictumque
715 4163 884 4273 bajirhmi
903 4164 1003 4247 maio
1028 4183 1068 4245 et
1090 4166 1220 4274 inique
1239 4164 1464 4272 processisse
1488 4163 1536 4242 ad
1554 4162 1768 4246 faciendum

336 4294 640 4402 prohibicionem
658 4294 884 4401 predictam,
901 4295 1245 4403 ipsumquepnniri
1257 4324 1327 4402 pro
1341 4294 1549 4400 premissis,
1565 4324 1608 4371 ec
1623 4294 1767 4373 dictum

338 4426 582 4506 Lambertum
602 4425 874 4533 condempnari
897 4426 948 4505 sd
965 4425 1189 4507 solvendum
1210 4425 1303 4515 sihi,
1320 4424 1469 4506 racione
1488 4424 1766 4530 predictorum,

338 4556 443 4637 mille
458 4558 628 4637 marchas
642 4557 806 4668 argenti,
822 4555 1167 4664 prosuisdampnis
1176 4574 1216 4642 et
1224 4556 1422 4646 interesse3
1436 4554 1538 4633 dieto
1548 4554 1765 4645 lamberto,

179 4764 183 4771 .
336 4718 407 4796 pro
421 4718 479 4780 se,
493 4718 536 4769 ao
548 4704 791 4796 procuratore
806 4702 936 4769 nostro
950 4687 1261 4799 Petregoricensi,
1284 4716 1355 4795 pro
1374 4684 1503 4775 nohis,
1525 4686 1766 4792 inquantum

337 4846 409 4899 nos
420 4820 555 4929 tangit,
566 4821 695 4928 plures
704 4819 874 4905 cociones
886 4820 925 4899 in
938 4817 1496 4927 contrarium-proponentibus,
1507 4833 1545 4898 et
1554 4816 1769 4898 dicentibus

336 4952 460 5059 qnod,
487 4980 573 5031 eum
599 4952 722 5033 dictus
748 4952 988 5043 Lambertns,
1014 4952 1167 5035 racione
1189 4951 1297 5035 besee
1316 4949 1468 5062 justicie
1493 4976 1570 5057 que
1592 4948 1633 5026 in
1660 4948 1768 5045 dictis

337 5081 431 5163 locis
449 5084 497 5163 nd
512 5112 600 5163 enm
622 5084 760 5163 dicitnr
778 5084 985 5192 pertinere,
1002 5101 1149 5163 teneret
1156 5084 1307 5165 ibidem
1320 5081 1453 5191 placita
1467 5109 1549 5173 sua,
1562 5097 1766 5188 gentesque
