4450 6209
508 663 581 738 sco
891 607 895 620 ’
1086 652 1177 725 sss
1207 651 1347 726 ocus.

283 813 467 878 summu,
505 801 672 910 predicta
691 797 740 878 ad
762 796 920 904 plenum
945 792 1086 872 luerint
1104 792 1314 900 persoluta,
1335 809 1376 869 et
1393 791 1548 899 insuper
1565 790 1639 870 luit
1658 792 1806 871 dictum
1827 796 1923 900 qnod

344 906 405 948 tato.

506 934 629 1011 dictus
652 927 857 1010 Gaulridus
880 923 1026 1004 tenebit
1047 924 1254 1031 prisionem
1277 923 1464 1002 firmatam
1489 951 1611 1030 usque
1633 923 1682 1001 ad
1699 923 1922 1003 voluntatem

506 1081 670 1142 nostram
685 1060 724 1138 in
741 1059 825 1138 loco
842 1085 863 1134 a
878 1055 989 1136 nobis
1004 1054 1075 1135 sibi
1091 1055 1329 1163 assignando,
1347 1072 1401 1144 et,
1419 1055 1573 1161 quaudo
1589 1054 1713 1134 dictm
1727 1054 1923 1134 Gauhidus

506 1194 619 1273 exibit
634 1192 772 1270 dictam
785 1187 991 1295 prisionem
1005 1163 1188 1275 nostram,
1204 1186 1284 1293 ipse
1295 1186 1420 1264 statim
1431 1185 1516 1275 ibit,
1529 1185 1712 1275 sectaris,
1729 1185 1779 1263 ad
1790 1185 1920 1264 dictum

505 1327 720 1432 episcopum
743 1320 1106 1428 Petregoricensem,
1129 1318 1201 1424 ipsi
1220 1317 1417 1396 emendam
1438 1316 1625 1397 verbalem
1653 1345 1769 1424 super
1786 1318 1923 1424 predic·

504 1457 552 1536 tis
568 1454 717 1564 injuriis
740 1469 990 1560 praestaturus,
1015 1449 1289 1556 reservavitque
1309 1449 1411 1531 curia
1432 1465 1576 1537 nostra,
1600 1478 1669 1556 per
1692 1448 1801 1526 idem
1829 1448 1924 1556 judi·

505 1587 619 1675 cium,
630 1583 786 1663 cuilibet
802 1583 987 1662 dictarum
1001 1581 1183 1690 parcium,
1195 1609 1308 1686 super
1316 1579 1466 1688 justicia
1480 1579 1569 1658 dicti
1582 1580 1693 1690 burgi
1704 1578 1921 1669 d‘Alamans,

501 1719 564 1825 jus
583 1746 716 1806 suum,
733 1734 810 1793 tam
830 1714 870 1791 in
890 1712 1118 1820 proprietate
1132 1741 1247 1819 quam
1267 1711 1305 1788 in
1326 1710 1573 1817 possessione.

561 1849 661 1926 Jovis
676 1864 762 1924 ante
780 1844 1066 1925 Penthecosten.

561 1980 736 2058 Decanus
755 1975 803 2052 de
819 1973 984 2054 Caesello
1005 1973 1222 2081 reportavit.

563 2240 751 2320 LXXXIII.
783 2239 880 2318 Cum
891 2238 1051 2318 ballivus
1060 2233 1269 2314 Caletensis
1279 2234 1594 2312 assereretvillam
1606 2235 1925 2342 Smcti-Amtdphi

506 2389 543 2449 et
563 2399 696 2450 omnes
715 2369 944 2448 habitatores
964 2367 1152 2476 ejusdem,
1168 2383 1245 2444 tam
1260 2365 1410 2443 nobiles
1428 2394 1543 2471 quam
1559 2365 1765 2456 innobiles,
1787 2395 1866 2446 esse
1884 2367 1926 2444 de

506 2501 653 2580 ballivia
673 2501 880 2593 Caletensi,
902 2517 941 2577 et
960 2528 999 2578 se
1020 2528 1060 2578 ac
1075 2497 1360 2608 predecessores
1374 2523 1464 2574 suos
1483 2525 1563 2576 esse
1578 2515 1617 2576 et
1630 2497 1766 2589 finisse,
1780 2499 1926 2576 nomine

507 2625 605 2714 dicte
625 2633 793 2721 ballivis,
815 2632 855 2709 in
875 2630 1028 2737 pacifica
1046 2629 1281 2736 possessione
1297 2629 1494 2707 exercendi
1514 2628 1658 2707 ibidem
1678 2659 1815 2708 omnes
1833 2649 1926 2709 actus

485 2765 580 2843 ‚alte
597 2783 635 2842 et
650 2765 757 2844 basse
773 2762 942 2872 justicie,
959 2760 1142 2869 quociens
1157 2790 1263 2838 casus
1282 2740 1581 2853 se'obtulerunt3
1601 2762 1713 2852 item,
1735 2791 1777 2841 se
1795 2781 1838 2840 et
1852 2791 1927 2872 prs·

508 2893 722 2972 decessores
741 2922 829 2971 suos
855 2893 1047 3000 predictos
1072 2919 1152 2970 esse
1180 2909 1219 2968 et
1242 2890 1357 2969 hrisse
1381 2892 1421 2970 in
1444 2893 1679 2998 possessione
1704 2895 1923 3002 recipiendi,

508 3025 615 3102 aunis
627 3023 797 3132 singulis,
811 3052 930 3102 unum
941 3023 1116 3102 modium
1128 3050 1243 3103 avene
1255 3051 1370 3130 super
1381 3023 1610 3104 habitatores
1620 3026 1719 3104 dicte
1728 3025 1927 3117 villetam

508 3184 623 3263 quam
637 3155 809 3234 subditos
822 3154 972 3234 ballivis
986 3154 1216 3261 supradicte;
1231 3153 1368 3232 ballivo
1381 3133 1625 3234 Ambianensi
1640 3159 1871 3236 contrarium
1882 3187 1928 3235 as

508 3305 655 3368 serente
666 3306 704 3365 et
720 3287 884 3378 dicente,
897 3286 1051 3367 nomine
1064 3284 1325 3365 Ambianensis
1335 3285 1505 3379 belliue,
1517 3288 1657 3366 dicum
1666 3289 1794 3366 villam
1805 3307 1844 3367 et
1854 3289 1928 3396 ejus

402 3403 405 3414 ’
508 3419 737 3500 habitatores
748 3448 829 3498 esse
842 3436 880 3496 et
891 3417 1006 3496 luisse
1020 3418 1068 3498 de
1078 3417 1193 3496 leode
1207 3418 1255 3496 de
1267 3419 1497 3525 Pinquonio,
1510 3435 1627 3527 etper
1640 3421 1926 3527 consequensda

507 3569 671 3632 ressorto
687 3550 949 3630 Arabianensis
966 3550 1133 3641 ballivis,
1149 3549 1309 3628 maxime
1325 3579 1411 3628 cum
1429 3550 1508 3656 ipse
1523 3568 1562 3628 et
1577 3551 1636 3629 sui
1650 3551 1926 3658 predecessores

508 3683 584 3761 sint
599 3700 638 3760 et
651 3682 794 3760 luerint
808 3683 847 3759 iu
860 3682 1096 3788 possessione
1112 3680 1307 3759 exercendi
1325 3709 1479 3759 omnem
1494 3682 1608 3764 altam
1622 3699 1661 3759 et
1671 3683 1818 3761 bassam
1822 3685 1927 3793 pusti-
2026 3677 2029 3683 ’

509 3813 604 3888 ciam
615 3812 654 3888 in
665 3810 750 3888 villa
762 3810 944 3917 predicta,
958 3827 1037 3888 tam
1051 3837 1122 3915 per
1131 3838 1172 3887 se
1187 3840 1302 3918 quam
1317 3839 1385 3917 per
1394 3841 1484 3890 suos
1497 3812 1718 3903 servientes,
1732 3813 1772 3891 in
1784 3813 1925 3892 casibus

509 3942 575 4046 qui
597 3967 653 4032 se,
672 3939 861 4046 preteritis
874 3940 1128 4046 temporibus,
1146 3939 1384 4032 obtulerunt;
1401 3942 1498 4020 datis
1511 3943 1629 4051 igitur
1648 3973 1669 4020 a
1688 3944 1799 4023 nobis
1821 3945 1926 4022 certis

511 4069 788 4161 commissariis,
811 4070 861 4148 ad
878 4069 1096 4150 instanciam
1120 4072 1310 4150 dictorum
1332 4072 1572 4164 ballivorum,
1594 4077 1748 4154 nomine
1766 4075 1925 4154 ballivis·

509 4229 594 4280 rum
611 4199 885 4308 predictarum,
907 4203 1174 4282 tantummodo
1193 4204 1242 4280 ad
1262 4204 1530 4311 inquirendum
1553 4205 1601 4283 de
1619 4207 1827 4312 premissis,
1843 4233 1921 4283 cum

510 4332 711 4442 diligencia
721 4333 932 4423 veritatem,
943 4332 1158 4442 vocatisque
1170 4363 1297 4413 coram
1307 4335 1397 4442 ipsis
1411 4336 1676 4415 commissariis
1685 4337 1830 4417 ballivis
1846 4361 1925 4444 pre·

511 4464 637 4555 dictis,
649 4463 791 4544 ibidem
808 4464 1021 4571 comparuit
1038 4465 1297 4544 vicedominus
1315 4466 1364 4543 de
1383 4468 1612 4574 Pinquonio,
1624 4497 1795 4548 asserens
1811 4469 1925 4547 dictos

509 4593 637 4674 villam
654 4610 691 4672 et
708 4593 935 4675 habitatores
954 4595 1124 4703 ejusdem
1145 4625 1224 4675 esse
1245 4615 1284 4675 et
1296 4627 1446 4706 semper
1459 4598 1574 4678 fuisse
1588 4600 1636 4677 de
1650 4600 1774 4678 leodis
1790 4600 1867 4678 suis
1879 4598 1922 4674 de

511 4723 742 4829 Pinquonio,
759 4743 798 4804 et
810 4753 878 4831 per
888 4754 1126 4835 consequeus
1136 4728 1184 4805 de
1195 4745 1358 4807 ressorto
1367 4729 1515 4807 ballivis
1526 4719 1922 4837 Ambiauensis,seque
1981 4749 1989 4760 '

513 4869 551 4935 et
566 4881 654 4934 suos
669 4857 951 4960 predecessores
967 4887 1009 4935 ac
1025 4857 1196 4937 subditos
1211 4888 1300 4938 suos
1311 4861 1475 4952 nobiles,
1493 4861 1534 4939 ia
1547 4862 1647 4942 dicta
1659 4863 1745 4941 villa
1759 4861 1922 4940 babitan-

512 5002 589 5073 tes.
603 5011 683 5066 esse
693 5002 732 5062 et
745 4985 858 5064 luisse
871 4988 910 5064 in
925 4989 1160 5096 possessione
1175 4992 1371 5069 exercendi
1385 5021 1538 5070 omnem
1549 5011 1674 5072 actum
1688 4995 1762 5073 alta
1777 4991 1920 5072 ethere
