4450 6209
735 777 1004 885 orontius
1032 796 1096 867 ur
1122 780 1331 869 raucus.
1677 799 1751 872 aso

329 935 471 1015 habere
485 934 647 1013 intendit
662 935 701 1013 in
713 954 812 1015 terra
828 928 1054 1029 Guillerme,
1075 937 1189 1015 amite
1201 965 1285 1026 sue,
1301 953 1340 1015 et
1354 936 1443 1015 dicti
1457 938 1606 1017 comitis
1620 939 1752 1017 Arme·
1791 948 1920 1004 Parnm
1933 950 1976 1011 tv,

330 1067 444 1157 niaci,
459 1096 572 1174 qnam
588 1067 668 1174 ipsa
679 1084 786 1145 tenet
800 1068 839 1144 in
855 1066 1089 1157 Cathalonia,
1106 1068 1275 1175 quamvis
1286 1067 1387 1145 dicta
1399 1069 1606 1149 Guillerma
1618 1071 1667 1147 sit
1677 1070 1754 1148 alli·
1853 1042 1915 1085 lm

330 1215 414 1307 gata
436 1226 523 1276 cum
544 1198 646 1279 dicto
667 1200 803 1277 comite
826 1198 1053 1291 Armeniaci,
1077 1215 1122 1277 ut
1140 1198 1179 1275 in
1199 1227 1289 1276 eum
1308 1228 1434 1277 casum
1455 1201 1495 1278 in
1515 1230 1629 1309 quem
1657 1203 1755 1281 dicta

331 1344 431 1408 terra
446 1330 562 1408 exiret
576 1329 625 1409 de
641 1358 757 1409 manu
771 1331 871 1409 dicte
882 1330 1092 1409 Guillerme
1102 1358 1171 1438 per
1180 1320 1343 1409 mortem
1356 1332 1415 1409 vel
1430 1333 1469 1409 in
1481 1334 1556 1412 vita
1566 1334 1753 1442 ejusdem,

333 1460 444 1539 liceat
454 1462 556 1542 dicto
564 1463 693 1543 comiti
708 1462 815 1553 Furi,
825 1489 894 1571 pro
904 1461 991 1569 jure
1002 1462 1107 1570 quod
1121 1463 1161 1539 in
1178 1491 1221 1539 ea
1232 1462 1396 1540 intendit
1405 1464 1561 1553 habere,
1572 1467 1757 1575 assignare

332 1592 381 1669 ad
397 1592 537 1671 dictam
551 1610 690 1672 terram
702 1594 761 1672 vel
775 1621 858 1671 eam
873 1620 1094 1700 recuperare
1109 1592 1233 1671 modis
1244 1610 1281 1671 et
1292 1593 1362 1672 viis
1374 1595 1513 1701 quibus
1527 1596 1597 1673 sibi
1610 1599 1755 1688 liceret,

333 1724 545 1801 secundm
565 1723 880 1803 consuetudinem
902 1720 1142 1839 Cathalonie,
1165 1752 1243 1801 nou
1267 1724 1438 1803 obstante
1458 1746 1759 1806 assecuramento

222 1952 232 1972 ι
335 1855 527 1963 predicto,
543 1882 656 1962 quam
672 1856 986 1963 protestscionem
1003 1852 1183 1932 dominus
1202 1857 1278 1933 Rex
1298 1883 1375 1933 non
1399 1857 1566 1946 admisit,
1589 1846 1656 1937 sed
1677 1886 1759 1937 eam

211 1959 220 1974 ’
333 2014 507 2094 expresse
523 1986 662 2093 repulit
672 2004 864 2093 tamquam
879 1985 1014 2063 iactam
1029 2002 1159 2064 contra
1171 1985 1488 2066 consuetudinem
1501 1988 1604 2067 curie
1616 1990 1762 2067 domini

335 2118 456 2226 Regis.
478 2118 622 2197 Tamen
642 2117 689 2194 de
709 2115 829 2224 gracia
849 2115 999 2223 speciali
1019 2114 1198 2195 dominus
1212 2119 1288 2194 Rex
1303 2119 1501 2212 concessit,
1519 2119 1607 2197 licet
1622 2148 1699 2199 non
1715 2120 1762 2199 sit

336 2248 444 2327 stilus
464 2248 586 2342 curie,
608 2248 713 2356 quod
734 2248 833 2325 dicta
852 2248 1094 2354 protestacio,
1116 2248 1233 2326 modo
1253 2278 1331 2355 quo
1350 2278 1463 2355 supra
1482 2251 1664 2359 scriptum
1685 2268 1760 2340 est,

337 2382 523 2459 inseratur
537 2380 577 2457 in
587 2379 713 2458 littera
722 2378 1011 2458 assecuramenti
1026 2377 1200 2487 predicti.
1218 2376 1356 2457 Actum
1370 2379 1473 2486 apud
1489 2381 1760 2469 Silvanectum,

338 2512 400 2591 die
420 2512 550 2590 martis
568 2527 655 2619 post
672 2510 964 2601 Penthecosten,
984 2537 1084 2588 anuo
1102 2511 1366 2591 trecentesimo
1387 2538 1501 2588 nono.

394 2776 504 2855 XXV.
536 2773 1003 2868 SenescalloTh010sano,
1028 2774 1213 2853 salutem:
1237 2774 1496 2854 Mandavimus
1517 2776 1636 2867 vobis,
1659 2779 1766 2886 quod

338 2908 526 3015 adjunctis
552 2906 747 2987 vobiscum
774 2907 904 3015 judice
934 2906 1076 3016 majore
1108 2925 1148 2985 et
1178 2907 1362 3015 magistro·
1382 2908 1563 3000 Bardino,
1588 2937 1767 3015 procura-

339 3056 423 3117 tore
446 3054 575 3118 nostro
589 3038 830 3129 Tholosanis‚
851 3038 910 3116 vel
931 3064 1065 3116 eorum
1084 3036 1221 3127 altero,
1238 3037 1394 3115 videatis
1410 3038 1624 3147 judicatum
1645 3041 1683 3117 in
1700 3068 1768 3118 no·

341 3170 490 3248 vissime
509 3170 690 3277 preterito
706 3154 938 3275 parlamento
956 3169 1098 3246 factum
1115 3169 1215 3246 inter
1233 3168 1391 3247 dilectos
1410 3187 1448 3247 et
1464 3169 1600 3247 [ideles
1618 3188 1768 3251 nostros

339 3301 520 3379 comitem
535 3300 645 3393 Furi,
660 3328 705 3378 ex
718 3327 793 3376 una
804 3316 929 3406 parte,
947 3316 986 3376 et
999 3299 1179 3377 comitem
1189 3299 1402 3377 Armeniaci
1413 3317 1453 3377 et
1464 3298 1546 3406 ejus
1558 3318 1766 3391 consortes,

341 3458 387 3508 ex
401 3430 532 3525 altera,
550 3448 607 3521 et,
625 3445 769 3508 servato
785 3447 918 3508 tenore
931 3428 1088 3537 judicati
1103 3428 1280 3536 predicti,
1295 3428 1434 3507 vocatis
1447 3429 1618 3535 partibus
1634 3447 1673 3507 et
1687 3430 1770 3509 aliis

344 3564 557 3653 evocandis,
575 3562 774 3670 inquiratis
789 3560 836 3639 de
853 3561 969 3669 plano
988 3563 1034 3639 de
1053 3560 1227 3667 dampnis
1240 3589 1309 3667 per
1323 3561 1469 3638 dictum
1483 3559 1660 3637 comitem
1676 3564 1769 3639 Fuxi

342 3713 383 3771 et
403 3721 491 3773 suos
508 3693 621 3773 illatis
635 3694 750 3784 villis,
775 3711 814 3771 et
835 3685 1058 3771 hominibus
1073 3692 1164 3770 dicti
1180 3692 1330 3771 comitis
1341 3691 1570 3780 Armeniaci,
1588 3692 1772 3799 archiepi-

341 3827 446 3934 scopi
463 3828 737 3921 Auxitanensis,
755 3843 793 3904 et
807 3826 926 3903 eciam
941 3822 1093 3912 nostris,
1114 3852 1190 3931 que
1204 3823 1293 3902 ville
1307 3824 1501 3901 nominate
1512 3841 1602 3901 sunt
1613 3823 1652 3899 in
1666 3824 1771 3931 judi.-

344 3974 427 4035 cato
443 3958 629 4065 predicto,
647 3976 703 4047 et,
721 3956 897 4063 inquisita
914 3956 966 4034 sic
978 3984 1047 4063 per
1060 3983 1127 4033 vos
1141 3956 1297 4033 veritate
1316 3956 1363 4033 de
1381 3954 1570 4032 dictomm
1587 3954 1772 4060 dampno-

346 4116 431 4165 rum
444 4089 667 4194 quantitate,
684 4086 871 4194 dictisque
886 4086 1059 4191 dampnis
1073 4115 1142 4192 per
1158 4114 1224 4164 vos
1235 4084 1367 4163 taxatis
1383 4112 1504 4192 usque
1520 4085 1568 4160 ad
1586 4112 1771 4161 summam

344 4246 421 4326 que
448 4219 563 4297 luerit
586 4218 742 4296 cuilibet
766 4216 1005 4307 exsolvenda,
1026 4218 1241 4323 predictum
1266 4216 1445 4295 comitem
1468 4214 1564 4292 Furi
1585 4214 1689 4290 omni
1712 4241 1774 4289 ex·

345 4349 545 4427 cusacione
565 4347 758 4456 proposita
778 4364 817 4425 et
835 4346 1006 4453 qualibet
1025 4346 1283 4453 appellacione
1302 4347 1439 4453 rejecta
1459 4343 1659 4421 efficaciter
1673 4370 1774 4419 com-

347 4478 495 4586 pellatis
508 4478 556 4557 ad
567 4478 809 4557 reddendum
823 4478 933 4555 dictis
946 4474 1046 4554 villis
1061 4475 1333 4555 ethominibus
1348 4474 1568 4552 earumdem
1581 4472 1771 4560 villarino,

348 4612 558 4690 secundum
580 4612 686 4718 quod
710 4611 750 4687 in
772 4608 873 4686 dicto
894 4608 1117 4715 exprimitur
1136 4606 1326 4716 judicato,
1348 4604 1510 4711 dampna
1532 4604 1699 4711 predicta
1722 4602 1775 4681 sic

349 4770 417 4850 per
436 4770 501 4820 vos
520 4742 698 4850 inquisita
717 4758 755 4819 et
774 4740 962 4828 estimata,
989 4754 1027 4815 et
1051 4739 1107 4814 ad·
1122 4735 1377 4815 edificandum
1402 4763 1538 4812 omnes
1556 4734 1716 4840 capellas
1736 4750 1776 4811 et

350 4871 587 4949 fundandum
605 4870 827 4979 capellanias
841 4888 879 4948 et
892 4867 1137 4949 assidendum
1152 4866 1325 4947 'redditus
1337 4865 1558 4943 earumdem
1574 4865 1621 4944 de
1637 4866 1776 4973 quibus

352 5001 566 5079 continetur
592 5003 632 5078 in
648 5000 817 5110 judicato
842 4998 1032 5107 predicto,
1062 4999 1113 5075 ita
1136 4996 1242 5105 quod
1264 4997 1360 5074 infra
1383 5023 1542 5085 annum,
1565 5023 1586 5072 a
1607 4994 1669 5072 die
1691 4996 1776 5073 date

353 5132 590 5241 presencium
605 5131 900 5223 numerandum,
920 5129 1089 5237 predicta
1107 5129 1235 5209 omnia
1250 5127 1483 5239 integraliter
1497 5128 1573 5205 sint
1589 5124 1776 5232 completa
