4450 6209
493 696 563 770 704
1067 695 1159 768 Lus
1195 693 1336 766 OLlM.

255 847 385 902 aarum
406 845 449 906 ll·
491 859 527 918 et
540 842 712 930 Petrum,
726 839 849 917 filium
865 836 1015 916 Renerii
1028 837 1253 925 Secourion‚
1272 836 1355 944 ejus
1369 839 1708 945 consanguineum,
1724 869 1767 916 ex
1780 841 1914 920 altera-

326 939 389 982 rm.
491 1002 615 1052 coram
637 971 778 1080 majore
799 989 837 1048 et
858 970 1018 1048 scabinis
1039 969 1126 1048 ville
1145 967 1469 1060 Sancti-Richarii,
1490 988 1593 1048 mota
1612 969 1678 1047 lite
1698 999 1812 1078 super
1829 976 1911 1081 qui-

488 1105 648 1184 busdam
661 1105 776 1182 rebus
790 1101 998 1180 mobilibus
1010 1130 1104 1210 quas
1114 1100 1239 1179 dictus
1247 1101 1395 1193 Petrus,
1408 1101 1510 1180 filius
1525 1101 1681 1182 Galterii
1693 1103 1906 1195 Secourion,

489 1235 637 1314 dicebat
655 1265 675 1312 a
694 1233 918 1323 Laurencio,
941 1231 1126 1310 avunculo
1147 1260 1233 1320 suo,
1259 1231 1300 1308 in
1319 1259 1386 1310 sua
1398 1231 1532 1309 ultima
1547 1232 1740 1310 voluntate
1755 1232 1826 1313 sibi
1844 1235 1910 1312 do-

490 1383 593 1444 natas
622 1365 753 1454 luisse,
777 1365 866 1443 dicti
897 1365 1016 1472 major
1036 1382 1074 1441 et
1102 1361 1261 1452 scabini,
1281 1391 1352 1470 pro
1378 1361 1480 1442 dioto
1502 1365 1614 1440 Petro
1633 1362 1717 1440 filio
1737 1364 1906 1453 Galterii,

490 1515 618 1574 contra
637 1497 780 1574 dictum
797 1499 967 1584 Petrum,
984 1494 1108 1572 filium
1128 1493 1295 1582 Renerii,
1311 1493 1525 1602 judicatum
1537 1523 1650 1572 suum
1661 1495 1855 1583 tulissent,
1873 1516 1910 1573 et

489 1628 591 1704 idem
604 1628 753 1716 Petrus,
772 1625 874 1704 lilius
888 1626 1054 1715 Renerii,
1072 1625 1210 1704 edicto
1220 1624 1403 1734 judicato,
1420 1641 1614 1730 tamquam
1627 1625 1722 1702 falso
1737 1643 1776 1702 et
1786 1655 1907 1732 pravo,

489 1759 537 1836 ad
551 1777 714 1836 nostram
731 1758 873 1834 curiam
894 1757 1140 1863 appellasset:
1161 1754 1386 1834 Constitutis
1404 1754 1561 1832 incuria
1580 1773 1728 1845 nostra,
1750 1756 1790 1832 in
1805 1785 1910 1834 causa

491 1889 589 1967 dicte
610 1887 893 1995 appellaciouis,
914 1887 1024 1967 dictis
1040 1885 1227 1994 partibus,
1254 1903 1293 1962 et
1311 1884 1450 1963 auditis
1469 1886 1559 1963 binc
1581 1885 1671 1963 inde
1690 1888 1906 1992 propositis,

489 2020 643 2127 visoque
664 2047 840 2126 processu
861 2019 1044 2098 dictarum
1065 2018 1254 2124 parcium,
1276 2016 1379 2094 curie
1400 2033 1528 2095 nostre
1544 2017 1583 2093 in
1602 2005 1750 2124 scriptis
1762 2018 1907 2109 tradito,

490 2167 528 2228 et
553 2180 667 2257 super
695 2169 826 2228 tenore
855 2150 945 2228 dicti
974 2148 1132 2257 judicati
1162 2149 1238 2227 visa
1266 2147 1454 2226 relacione
1483 2148 1671 2226 dictorum
1699 2149 1853 2256 majoris
1876 2168 1911 2227 et
1977 2158 1981 2166 '

489 2281 739 2369 scabinorum,
760 2311 829 2388 per
845 2280 1024 2358 ballivum
1040 2280 1350 2371 Ambianensern,
1371 2279 1468 2357 sicut
1486 2279 1522 2356 ei
1535 2278 1758 2356 mandatum
1777 2280 1909 2372 luerat,

490 2413 591 2488 curie
611 2429 738 2490 nostre
759 2411 889 2499 missa,
911 2411 970 2488 cui
990 2410 1169 2489 relacioni
1190 2410 1289 2488 dicte
1308 2426 1433 2516 partes
1452 2408 1568 2486 [idem
1589 2409 1770 2488 adbibere
1789 2412 1912 2490 volue-

490 2562 597 2633 runt,
622 2543 720 2620 inter
751 2560 872 2621 cetera
896 2541 1112 2621 continente
1138 2542 1244 2648 quod
1266 2540 1367 2618 dicte
1390 2557 1532 2647 partes,
1560 2569 1685 2618 coram
1710 2541 1851 2648 majore
1877 2561 1912 2618 et

490 2675 650 2752 scabinis
676 2673 818 2752 eisdem
845 2674 1125 2780 requisiverunt
1148 2673 1219 2752 sibi
1239 2673 1304 2781 jus
1322 2673 1406 2750 fieri
1431 2700 1546 2779 super
1566 2673 1675 2750 dictis
1693 2673 1808 2751 rebus
1828 2703 1912 2752 con-

489 2806 681 2897 tenciosis,
712 2823 789 2882 tam
810 2804 849 2879 in
870 2804 1003 2882 saisina
1023 2833 1137 2911 quam
1157 2804 1196 2880 in
1215 2803 1462 2910 proprietate,
1484 2803 1665 2911 quodque
1685 2805 1774 2882 dicti
1796 2807 1912 2913 major

492 2955 529 3014 et
548 2936 703 3025 scabini,
727 2963 797 3042 pro
825 2935 926 3013 dioto
953 2938 1084 3025 Petro,
1113 2933 1193 3012 lilio
1223 2933 1395 3024 Galterii,
1418 2951 1546 3012 contra
1572 2935 1717 3012 dictum
1741 2937 1909 3027 Petrum,

490 3067 612 3146 lilium
630 3067 798 3158 Renerii,
820 3094 934 3171 super
951 3066 1060 3144 dictis
1078 3066 1192 3145 rebus
1207 3065 1473 3156 contenciosis,
1489 3082 1567 3142 tam
1585 3066 1626 3142 in
1645 3067 1780 3144 saisina
1800 3095 1909 3174 quam

492 3200 530 3277 in
548 3198 793 3306 proprietate,
807 3197 1019 3305 judicatum
1032 3225 1149 3276 suum
1163 3197 1351 3287 tulerunt,
1367 3225 1437 3302 per
1451 3197 1554 3274 curie
1567 3215 1696 3275 nostre
1704 3197 1907 3305 judicium,

493 3330 633 3408 dictum
660 3329 732 3407 fuit
753 3328 943 3436 predictos
971 3330 1153 3437 majorem
1178 3345 1217 3406 et
1245 3327 1418 3405 scabinos
1445 3325 1544 3406 bene
1563 3326 1751 3436 judicasse
1777 3345 1816 3405 et
1838 3328 1909 3404 dic-

491 3477 574 3538 tum
588 3461 756 3551 Petrum,
775 3457 898 3538 [ilium
911 3459 1077 3546 Renerii,
1093 3457 1189 3536 male
1201 3457 1424 3566 appellasse,
1439 3473 1478 3534 et
1489 3456 1596 3564 quod
1610 3457 1691 3565 ipse
1702 3458 1776 3536 boc
1793 3487 1909 3536 emen·

493 3591 609 3668 dabit.

547 3725 724 3802 Mercurii
746 3727 786 3802 in
807 3727 932 3833 vigilia
949 3725 1199 3804 Ascensionis.

548 3989 687 4067 LXVII.
719 3989 841 4093 Super
852 3987 1081 4096 quibusdam
1096 3987 1246 4096 injuriis
1259 4006 1298 4065 et
1312 3987 1485 4094 dampnis
1498 3988 1546 4065 de
1561 3988 1700 4096 quibus
1711 4017 1908 4096 conquere-

491 4118 604 4195 batur
617 4119 750 4196 Petrus
768 4118 956 4207 Gonterii‚
976 4118 1047 4196 sibi
1068 4117 1196 4208 illatis,
1215 4136 1258 4196 ut
1273 4118 1437 4208 dicebat,
1453 4147 1522 4225 per
1538 4119 1748 4197 Jobannem
1765 4120 1906 4227 Dartys,

492 4249 668 4336 militem,
683 4249 918 4356 etquendam
928 4249 1008 4358 ejus
1021 4248 1242 4328 scutiferum
1253 4248 1303 4326 de
1312 4249 1530 4356 Piquardia,
1542 4249 1836 4357 inquestafacta,
1848 4277 1908 4356 per

491 4381 726 4487 prepositum
751 4381 1012 4470 Parisiensem,
1037 4409 1105 4459 seu
1125 4379 1172 4456 de
1196 4379 1372 4458 mandato
1391 4380 1527 4486 ipsius,
1549 4380 1686 4458 auditis
1701 4381 1908 4458 racionibus

492 4541 584 4618 quas
600 4511 721 4591 dictus
735 4512 860 4600 miles,
874 4541 944 4619 pro
960 4541 1016 4603 se,
1033 4541 1078 4590 ex
1093 4539 1169 4588 una
1182 4529 1304 4618 parte,
1322 4530 1360 4590 et
1374 4511 1497 4590 dictus
1511 4514 1659 4602 Petrus,
1675 4541 1719 4589 ex
1729 4512 1818 4604 alia,
1828 4539 1909 4619 pro

490 4670 632 4748 ponere
647 4642 866 4737 voluerunt,
883 4643 1035 4751 visaque
1053 4643 1228 4749 inquesta
1242 4643 1411 4750 predicta
1425 4659 1465 4721 et
1480 4670 1658 4751 processu
1673 4671 1800 4720 coram
1814 4642 1908 4720 dicto

491 4773 682 4881 preposito
703 4803 816 4881 super
839 4775 913 4852 hoc
932 4772 1062 4853 habito
1086 4775 1186 4852 inter
1204 4775 1323 4880 ipsos,
1345 4803 1413 4882 per
1437 4774 1540 4852 curie
1564 4791 1691 4853 nostre
1706 4773 1905 4883 judicium,

492 4902 615 4980 dictus
634 4903 744 4981 miles
764 4905 1060 5014 condempnatus
1079 4904 1152 4981 fuit
1169 4906 1218 4984 ad
1237 4904 1475 4983 reddendum
1497 4905 1598 4984 dicto
1625 4905 1737 4982 Petro
1753 4905 1907 4982 valorem

494 5034 580 5138 equi
605 5035 663 5113 sui
691 5035 819 5124 occisi,
846 5035 938 5114 scito
963 5037 1067 5144 prius
1086 5037 1190 5115 dicto
1208 5035 1333 5116 valore
1357 5065 1425 5143 per
1448 5036 1592 5116 dictum
1611 5036 1842 5143 prepositum
1866 5033 1906 5109 de
