4450 6209
747 719 1013 831 nuoutrcs
1038 738 1104 809 nr
1131 717 1340 811 paoem.
1686 738 1759 813 aas

334 887 433 964 inter
454 886 572 993 ipsos,
595 883 698 962 idem
716 882 876 960 ballivus
895 880 1180 989 pronunciasset
1198 908 1268 957 nos
1286 879 1327 957 in
1349 878 1483 956 saisina
1503 878 1577 957 alte
1598 899 1636 959 et
1654 882 1760 963 basse
1801 886 1930 941 Pmoun
1944 888 1985 953 rt,

330 1016 482 1126 justicie
495 1014 582 1093 ville
598 1014 646 1093 de
666 1011 941 1092 Chante-Melle
958 1038 1155 1089 remancre
1175 1009 1334 1101 debere,
1353 1010 1476 1089 dictus
1493 1012 1609 1119 prior,
1627 1012 1674 1090 ab
1689 1014 1761 1093 hu·
1863 980 1924 1021 Μ’

329 1146 502 1255 jusmodi
513 1144 702 1253 judicato,
724 1144 756 1222 si
776 1160 855 1223 erat
867 1142 1043 1249 aliquod,
1063 1160 1242 1248 tauquam
1258 1170 1279 1217 a
1294 1140 1385 1219 falso
1407 1159 1445 1219 et
1456 1170 1586 1249 pravo,
1609 1144 1657 1223 ad
1677 1176 1762 1226 nos-

333 1294 430 1355 tram
450 1274 594 1354 curiam
613 1274 815 1384 appellavit
833 1273 1010 1352 :Auditis
1029 1272 1144 1383 igitur
1163 1272 1274 1351 dictis
1292 1274 1461 1381 partibus
1480 1273 1520 1351 in
1538 1302 1647 1353 causa
1663 1276 1761 1356 dicte

334 1406 618 1516 appellacionis,
644 1424 683 1484 et
703 1408 790 1485 visis
813 1405 1052 1514 processibus
1077 1404 1291 1497 antedictis,
1321 1434 1408 1483 cum
1432 1424 1625 1513 repertum
1649 1406 1763 1487 luerit

335 1539 479 1617 dictum
492 1537 671 1617 ballivum
690 1566 804 1644 super
821 1537 896 1615 alio
914 1566 1031 1645 quam
1045 1536 1151 1645 quod
1169 1535 1332 1646 petitum
1345 1536 1466 1615 luerat
1474 1536 1681 1645 judicasse,
1696 1570 1764 1648 per

335 1671 439 1749 curie
454 1687 582 1749 nostre
597 1668 787 1778 judicium
803 1668 947 1747 dictum
959 1666 1033 1745 luit
1045 1667 1257 1775 predictum
1270 1666 1484 1775 judicatum
1498 1668 1650 1747 nullum
1665 1700 1760 1765 esse,

336 1801 530 1909 dictosque
544 1828 760 1907 processus,
778 1817 934 1907 propter
948 1797 1118 1877 delectus
1129 1798 1260 1906 plures
1273 1799 1314 1877 in
1330 1800 1474 1879 eisdem
1484 1821 1669 1909 repertos,
1684 1832 1763 1883 non

333 1932 473 2021 valere,
499 1931 614 2023 salva,
638 1948 717 2009 tam
740 1930 850 2008 nobis
872 1958 986 2037 quarn
1013 1930 1113 2009 dicto
1123 1929 1265 2037 priori,
1289 1930 1328 2007 in
1347 1931 1526 2037 predictis
1546 1936 1761 2041 questione,

333 2080 411 2141 tarn
431 2063 470 2139 in
489 2060 725 2169 possessione
740 2089 856 2169 quam
873 2061 914 2139 in
925 2060 1168 2169 proprietate.

391 2193 505 2283 lovis,
525 2209 613 2301 post
626 2192 739 2273 Oculi
758 2193 846 2271 mei.

391 2326 443 2405 Μ.
463 2327 503 2402 Ρ.
524 2325 573 2404 de
591 2323 796 2433 Arreblayo
815 2325 1027 2433 reportavit.

391 2595 482 2673 LVl.
509 2592 624 2693 Cum,
641 2592 682 2671 in
696 2593 947 2701 parlamento,
965 2595 1069 2702 quod
1086 2590 1161 2671 luit
1178 2621 1277 2673 anno
1296 2594 1451 2674 Domini
1468 2593 1672 2676 millesimo
1692 2616 1766 2676 tre⁶

336 2724 541 2805 centesimo
553 2725 732 2833 septimo,
748 2743 922 2833 gerentes
935 2754 976 2805 se
988 2755 1057 2834 pro
1070 2726 1292 2805 consulibus
1306 2726 1394 2805 ville
1409 2728 1457 2805 dc
1471 2727 1682 2818 Nobiliaco,
1696 2758 1766 2836 pro

334 2856 509 2965 pluribus
529 2855 739 2948 violenciis,
758 2857 907 2966 injuriis
929 2886 971 2937 ac
990 2858 1265 2937 inobedienciis
1285 2888 1354 2965 per
1378 2886 1443 2937 eos
1464 2858 1576 2937 illatis
1590 2860 1711 2968 judici
1729 2880 1767 2940 et

335 2989 526 3096 preposito
544 2991 813 3069 communibus
829 2990 976 3069 domini
992 2991 1103 3102 Regis
1121 3007 1159 3068 et
1176 2990 1340 3098 episcopi
1355 2992 1648 3082 Lemovicensis,
1666 2994 1766 3099 apud

334 3119 573 3199 Nobiliacum
589 3123 821 3215 constitutis,
836 3151 906 3230 per
923 3140 1109 3202 arrestum
1124 3123 1228 3202 curie
1245 3141 1371 3205 nostre
1392 3124 1659 3231 condempnati
1675 3124 1767 3203 fuis-

335 3269 418 3331 sent
434 3251 483 3330 ad
498 3251 726 3361 gagiandum
744 3254 964 3346 emendam,
986 3271 1024 3332 ct
1046 3255 1119 3362 ipsi
1139 3256 1347 3362 gagiassent
1362 3256 1538 3345 eandem,
1560 3256 1766 3364 fuissetque

336 3383 496 3474 dictum,
515 3412 584 3490 per
600 3384 742 3461 curiam
762 3402 947 3477 nostram,
970 3384 1076 3493 quod
1090 3387 1231 3464 taracio
1251 3387 1350 3465 dicte
1368 3385 1527 3464 emende
1554 3386 1769 3467 differretur

334 3544 534 3624 quousque
544 3516 1077 3625 larissetpleniusinquisitum
1091 3518 1188 3596 etad
1201 3518 1342 3595 curiam
1353 3535 1518 3595 nostram
1532 3536 1766 3626 reportatum

336 3647 385 3725 de
401 3649 533 3739 modo,
558 3648 737 3756 qualitate
755 3666 794 3727 et
812 3649 1020 3757 quantitate
1046 3678 1267 3729 excessuum
1287 3649 1560 3757 predictorum,
1583 3650 1767 3731 adfinem

334 3781 486 3888 majoris
504 3781 564 3859 vel
581 3782 741 3861 minoris
760 3781 962 3861 taracionis
983 3782 1083 3860 dicte
1107 3780 1269 3860 emende
1289 3780 1482 3860 faciende:
1498 3782 1689 3872 Tandem,
1711 3783 1769 3862 in-

335 3928 467 4018 questa
481 3940 595 4019 super
612 3914 702 4003 hoc,
720 3914 769 3991 de
784 3914 963 3993 mandato
978 3914 1081 3991 curie
1097 3930 1244 4006 nostre,
1266 3912 1453 3992 advocatis
1468 3913 1654 4021 partibus,
1676 3912 1768 3991 lacta

335 4044 411 4121 visa
427 4060 465 4120 et
478 4042 680 4152 diligenter
700 4044 922 4134 examinata,
939 4044 1029 4151 quia
1039 4045 1237 4123 inventum
1251 4063 1307 4123 est
1321 4046 1551 4125 sufficienter
1567 4045 1768 4152 probatum

336 4174 457 4282 quod,
469 4172 602 4283 judice
619 4192 657 4253 et
667 4174 860 4281 preposito
879 4176 1148 4254 communibus
1163 4177 1387 4283 supradictis
1400 4175 1540 4255 intrare
1557 4174 1769 4257 volentibus

338 4306 478 4385 dictam
499 4306 626 4386 villam
646 4305 964 4397 Nobiliacensem,
987 4307 1057 4414 ipsi
1079 4308 1179 4387 dicte
1199 4309 1286 4387 ville
1309 4326 1435 4415 portas
1455 4307 1579 4386 claudi
1600 4306 1770 4386 lecerunt

337 4458 567 4533 contraeas,
594 4438 682 4517 licet
708 4438 802 4517 alios
829 4436 1047 4517 indistincte
1077 4439 1216 4518 intrare
1244 4438 1414 4517 volentes
1442 4438 1703 4526 admitterent,
1729 4440 1769 4516 in

338 4572 459 4651 tribus
489 4589 616 4650 tamen
639 4571 761 4679 portis
786 4569 887 4648 dicte
912 4569 1001 4648 ville
1026 4570 1227 4649 introitum
1253 4547 1488 4680 denegarunt
1507 4570 1666 4659 eisdem,
1688 4598 1769 4647 ver-

336 4703 506 4783 berando
523 4733 641 4812 equos
655 4702 953 4783 tubicinatorum
966 4703 1032 4811 qui
1048 4732 1136 4781 cum
1149 4703 1239 4810 ipsis
1252 4720 1374 4794 erant,
1393 4702 1587 4809 dictosque
1598 4700 1768 4810 judicem

339 4854 377 4913 et
395 4836 628 4943 prepositum
649 4835 820 4917 volentes
843 4865 956 4915 suum
981 4836 1022 4914 in
1046 4834 1146 4912 dicta
1172 4834 1258 4913 villa
1282 4862 1453 4913 exercere
1478 4831 1646 4911 officium
1666 4860 1770 4911 com-

339 4994 473 5056 mune,
496 4968 536 5044 in
558 4968 718 5047 introitu
739 4970 878 5047 domus
904 4969 1117 5047 communis
1142 4968 1181 5045 in
1207 4996 1380 5074 pressura
1401 4966 1577 5077 gencium
1601 4965 1769 5074 pulsave-

340 5116 446 5189 runt,
472 5099 675 5210 pluresque
695 5101 785 5179 alias
810 5100 966 5209 injurias
989 5100 1081 5209 ipsis
1105 5116 1145 5178 et
1164 5100 1303 5181 nostris
1329 5099 1576 5179 servientibus
1598 5124 1768 5175 commu·
1894 5178 1898 5185 ,
