4450 6209
488 698 564 771 52⁰
1063 700 1155 773 LES
1188 696 1328 772 OLIM.

261 856 390 907 Panum
404 850 447 913 tv,
486 838 612 923 dictus
637 838 750 938 abbps
768 838 953 918 offerebat
976 867 1100 917 eoram
1122 839 1232 918 nobis
1257 866 1298 917 se
1323 837 1508 946 legittime
1533 838 1800 945 probaturum,
1827 868 1915 949 pro-

323 944 386 989 mi
486 988 657 1055 curatore
666 989 801 1051 nostro
815 989 854 1049 et
866 971 976 1049 dictis
988 971 1176 1080 religiosis
1192 998 1213 1047 e
1228 969 1584 1053 contradicentibus
1599 970 1738 1049 dictam
1756 969 1917 1051 domum

485 1129 566 1182 esee
583 1103 624 1181 in
633 1132 752 1181 runnu
771 1120 913 1191 nostra,
935 1120 1127 1208 tamquam
1148 1102 1263 1208 partis
1278 1129 1356 1179 non
1374 1118 1569 1208 tamquam
1586 1101 1812 1210 superioris:
1828 1103 1914 1181 Visa

484 1232 600 1338 igitur
627 1235 815 1342 inquesta,
840 1261 955 1339 super
978 1232 1052 1311 hoc
1081 1232 1329 1311 demandato
1352 1252 1481 1311 nostro
1506 1232 1617 1322 locta¹
1643 1234 1732 1339 quis
1755 1261 1833 1317 nou
1857 1248 1915 1311 est

483 1364 703 1471 probatum,
725 1395 770 1444 ex
787 1382 893 1473 parte
914 1365 1005 1443 dieti
1025 1362 1187 1456 abbatis,
1209 1364 1347 1445 dictam
1367 1365 1527 1444 domum
1548 1364 1710 1470 positam
1728 1363 1846 1442 luisse
1865 1364 1916 1441 ad

482 1526 640 1577 manum
651 1516 816 1588 nosuam
826 1514 1021 1603 tamquam
1029 1495 1252 1603 superioris,
1268 1524 1337 1602 per
1349 1497 1453 1575 cirria
1471 1512 1601 1575 nostre
1611 1496 1820 1603 judicium,
1837 1496 1914 1573 dio-

480 1646 566 1708 tum
585 1627 658 1709 fuit
671 1631 778 1737 quod
800 1658 914 1735 super
938 1629 1037 1706 dicta
1057 1657 1191 1705 manus
1211 1627 1452 1736 apposicione
1470 1626 1518 1708 de
1542 1646 1668 1706 cetero
1686 1655 1763 1705 non
1786 1626 1913 1705 andie-

481 1777 562 1853 tur,
582 1760 692 1839 salvis
710 1760 892 1838 omnibus
907 1759 1021 1839 bonis
1039 1758 1254 1839 racionibus
1275 1759 1365 1837 dicti
1391 1755 1534 1835 abbatis
1555 1773 1593 1836 et
1619 1758 1658 1835 in
1684 1758 1911 1865 proprietate

485 1909 522 1970 et
536 1892 670 1971 saisina
689 1891 964 2001 proponendis,
986 1891 1026 1967 in
1040 1918 1150 1971 causa
1168 1889 1364 1999 principali
1387 1888 1563 1996 predicta.

539 2024 640 2100 lovis
657 2039 743 2130 post
761 2024 991 2101 Brandones.

540 2156 584 2237 R,
606 2158 654 2235 de
675 2155 871 2264 Tyboutot
888 2154 1102 2262 reportavit.

539 2422 632 2501 xlx.
670 2421 770 2500 Cum
790 2420 1063 2498 denunciatum
1081 2418 1214 2499 luisset
1234 2418 1383 2497 dilectis
1408 2436 1446 2497 et
1465 2418 1644 2499 lidelibus
1664 2418 1809 2497 clericis
1828 2446 1913 2497 nos-

484 2553 553 2631 tris
572 2554 750 2662 magistro
768 2550 932 2630 iohanni
952 2551 1000 2629 de
1023 2549 1196 2658 Auxeyo,
1216 2551 1358 2629 cantori
1378 2548 1661 2643 Aurelianensi,¹
1679 2567 1717 2628 et
1736 2550 1912 2658 magistro

484 2685 665 2765 Nicholao
685 2685 734 2762 de
749 2684 976 2773 lusarchiis,
998 2701 1090 2761 tunc
1107 2683 1301 2789 preposito
1323 2683 1370 2760 de
1389 2682 1578 2791 Ansersyo
1597 2682 1639 2759 in
1654 2680 1812 2761 ecclesia
1826 2683 1915 2762 cas

486 2819 654 2907 notensi,
688 2816 887 2920 adportes
917 2815 1221 2894 senescalliarum
1241 2814 1456 2893 Tholosane
1489 2832 1528 2893 et
1559 2815 1911 2894 Carcassonensisa

485 2946 618 3034 nobis,
640 2974 755 3051 super
773 2944 1045 3024 reformecione
1070 2946 1211 3051 patrie,
1228 2946 1444 3039 destinatis,
1461 2946 1567 3055 quod
1582 2946 1715 3023 Petrus
1734 2943 1910 3037 Jordani,

486 3077 644 3155 vicarius
666 3076 941 3176 Montis-olivi,
971 3104 1040 3181 pro
1061 3075 1195 3154 abbate
1218 3075 1308 3154 dicti
1336 3075 1430 3165 loci,
1457 3076 1554 3155 duos
1579 3074 1754 3154 homines
1779 3074 1828 3152 de
1849 3072 1913 3151 Al·

487 3236 593 3299 sum,
616 3208 766 3298 fratres,
794 3226 833 3287 et
850 3237 971 3287 unum
990 3208 1038 3285 de
1053 3206 1278 3288 Villa-Sicca
1298 3208 1434 3314 laqueo
1453 3204 1634 3313 suspendi
1653 3204 1808 3298 lecerat,
1834 3234 1912 3285 non

487 3340 740 3432 obstantibus,
767 3340 886 3419 immo
907 3340 1059 3447 spretis,
1085 3338 1406 3447 appellacionibus
1430 3338 1479 3417 ad
1502 3364 1572 3417 nos
1591 3337 1822 3445 interpositis
1847 3366 1916 3443 per

485 3474 696 3579 predictos,
724 3472 884 3581 predicti
909 3490 1038 3550 cantor
1061 3490 1100 3550 et
1121 3472 1336 3580 prepositus
1360 3471 1633 3553 commisemnt
1651 3472 1762 3549 Petro
1784 3470 1910 3577 Regis,

485 3606 622 3683 vicario
643 3605 875 3695 Cabardesii,
893 3622 932 3682 et
948 3604 1126 3713 magistro
1143 3603 1253 3680 Petro
1273 3601 1435 3681 Balaroti
1458 3602 1638 3691 Saxiachi‚
1659 3601 1805 3680 notario
1825 3628 1912 3679 nos-

486 3754 558 3825 tro,
576 3755 631 3827 ut,
647 3765 763 3842 super
775 3737 1075 3815 denunciacione
1089 3733 1268 3842 predicta,
1287 3734 1532 3841 inquirerent,
1545 3734 1682 3813 vocatis
1698 3733 1910 3822 evocandis,

487 3896 576 3945 oum
599 3866 813 3973 diligencia,
836 3865 1048 3956 veritatem,
1062 3866 1128 3973 qui
1151 3865 1426 3972 inquisiverunt
1444 3894 1558 3973 super
1573 3864 1770 3973 predictis,
1785 3882 1911 3943 vocato

487 3996 535 4076 ad
557 3997 631 4077 boc
649 4014 893 4103 procuratore
907 4014 1054 4090 nostro,
1074 4014 1112 4075 et
1130 3998 1342 4105 inquestem
1365 4026 1477 4104 super
1494 3999 1569 4077 boc
1590 3996 1723 4077 lectam
1752 3996 1801 4075 ad
1828 4025 1914 4075 nos-

486 4147 584 4209 tram
609 4130 751 4207 curiam
774 4130 1025 4207 remiserunt:
1041 4131 1138 4225 ,Qua
1159 4131 1293 4209 visset
1315 4131 1518 4239 diligenter
1540 4129 1914 4237 inspecta‚qnia1e·

486 4277 638 4366 portum
651 4279 708 4340 est
722 4263 828 4369 quod
846 4262 969 4341 daus
983 4264 1116 4343 Petrus
1135 4262 1309 4353 Jordani,
1325 4263 1483 4343 vicarius
1502 4262 1593 4341 dicti
1609 4260 1763 4351 abbatis,
1781 4261 1914 4369 magis-

486 4409 591 4473 trum
614 4395 906 4504 Berengerium,
933 4395 1123 4473 notarium
1151 4407 1350 4487 nostrum,
1376 4411 1413 4473 et
1441 4392 1685 4473 Remundum
1709 4392 1801 4500 Elye
1826 4392 1918 4469 lecit

489 4526 695 4604 enormiter
712 4526 917 4615 verberari,
934 4555 1005 4632 pro
1029 4554 1075 4605 eo
1095 4525 1272 4619 videlicet
1290 4526 1395 4632 quod
1420 4526 1491 4632 ipsi
1510 4525 1558 4603 ad
1579 4554 1649 4603 nos
1663 4523 1910 4632 appellabant,

487 4682 557 4759 pro
574 4657 685 4735 dietis
697 4659 985 4765 condempnatis
1004 4687 1026 4736 a
1044 4658 1236 4737 sentencia
1253 4658 1453 4765 suspendii.
1465 4659 1506 4735 in
1525 4658 1626 4763 ipsos
1639 4658 1736 4751 lata,
1751 4653 1914 4764 appella·

489 4785 655 4880 cionem,
676 4789 818 4895 abipso
832 4789 968 4869 vicario
986 4792 1036 4867 ad
1048 4819 1119 4871 nos
1134 4790 1411 4897 interpositam,
1426 4789 1745 4896 contempnendo,
1763 4786 1914 4895 etquod

490 4918 611 4997 dictos
622 4918 798 4997 homines
809 4922 1080 5003 condemnatos
1092 4922 1273 5028 suspendi
1287 4920 1392 5012 lecit,
1407 4949 1485 4999 non
1500 4919 1737 5001 obstantibus
1748 4918 1912 5027 appelln-

489 5048 1244 5158 ciooibussupradirtis‚percur·ienostre
1251 5052 1457 5161 judicium,
1473 5052 1597 5131 dictus
1606 5048 1911 5153 Peuuslordani,
