4450 6209
412 729 485 802 156
998 729 1090 802 Lus
1123 729 1264 805 OLIM.

197 878 329 932 Pffluss’ss
341 876 386 941 tv,
482 872 674 952 XXXVIII.
705 871 748 947 In
767 870 893 948 rotulo
908 871 1023 978 hujus
1038 873 1260 980 parlamenti
1279 875 1537 981 scriptumest
1556 891 1740 954 arrestum
1759 880 1865 985 quod

259 970 322 1015 lm
424 1033 624 1112 processus
642 1003 911 1110 magistrorum
929 1004 1189 1084 nundinarum
1202 1007 1405 1114 Campanie
1422 1035 1535 1113 super
1554 1007 1689 1113 pannis
1709 1011 1866 1115 portatis

424 1167 494 1244 per
512 1135 767 1214 Perccvallum
786 1136 836 1212 de
853 1136 992 1227 Ianua,
1009 1155 1167 1245 propter
1186 1138 1355 1218 desectus
1375 1139 1415 1218 in
1436 1139 1489 1216 eis
1507 1156 1695 1247 repertos,
1714 1169 1792 1221 non
1803 1144 1866 1251 ju-

426 1268 664 1357 dicabuntur,
693 1266 889 1346 reservatis
920 1283 1047 1346 tamen
1079 1269 1418 1376 reprobacionibus
1446 1269 1591 1348 ibidem
1618 1271 1866 1354 existentibus

424 1398 788 1506 superquibusdam
807 1399 1164 1492 consuetudinibus3
1187 1419 1225 1480 et
1244 1401 1379 1482 iterato
1404 1430 1519 1509 super
1544 1403 1689 1482 eisdem
1712 1433 1865 1484 consuc-

424 1530 624 1608 tudinibus
655 1546 693 1609 et
723 1559 839 1638 super
868 1530 1037 1612 articulis
1067 1533 1238 1639 parcium
1269 1534 1310 1612 in
1341 1533 1495 1628 eisdem,
1518 1535 1705 1656 contentis
1738 1536 1864 1644 inqui-

425 1679 543 1742 retur.

483 1929 644 2008 XXXIX.
666 1928 753 2010 Visa
774 1931 950 2039 inquesta
969 1934 1200 2041 superfacto
1219 1934 1310 2014 false
1330 1952 1483 2016 monete
1503 1935 1681 2044 imposito
1700 1937 1863 2016 Iohanni

428 2060 475 2138 dc
492 2060 831 2154 Sancto-Martium
850 2064 968 2142 nichil
985 2063 1183 2145 inventum
1202 2067 1276 2145 fuit
1295 2085 1424 2148 contra
1444 2068 1570 2175 ipsum
1589 2067 1808 2174 probatum,
1827 2085 1866 2148 et

426 2191 533 2282 ideo,
550 2222 620 2299 per
635 2195 779 2272 curiam
793 2196 1013 2274 mandatum
1028 2197 1102 2276 fuit
1121 2201 1313 2306 preposito
1327 2199 1526 2278 Parisiensi
1543 2191 1735 2279 ctbaIIivo
1753 2199 1865 2278 Aure-

425 2324 586 2402 lianensi
611 2327 717 2432 quod
741 2327 823 2434 ejus
848 2356 984 2435 corpus
1013 2347 1053 2406 ct
1075 2331 1175 2410 bona
1198 2321 1399 2411 recredant
1422 2332 1494 2410 sub
1517 2332 1665 2439 ydoneo
1685 2332 1863 2412 concione

427 2455 475 2537 de
502 2434 637 2548 stando
661 2459 759 2566 juri3
786 2439 1070 2566 verumptamen
1092 2469 1306 2570 prepositus
1332 2463 1477 2544 domini
1502 2465 1613 2571 Regis
1643 2463 1690 2542 de
1716 2465 1863 2544 Monte-

425 2587 530 2696 Argi,
552 2590 619 2696 qui
635 2619 753 2696 super
771 2591 845 2668 hoc
868 2592 1004 2671 debuit
1021 2594 1166 2685 audiri,
1188 2595 1358 2676 nonfuit
1381 2596 1550 2687 auditus,
1577 2595 1667 2674 Iicet
1689 2612 1859 2686 vocatnS,

426 2718 517 2827 quia
535 2721 809 2800 infirmabatur.

484 2853 613 2931 Martis
632 2871 718 2932 unte
738 2856 917 2935 Sanctum
937 2857 1181 2965 Dyonisium,
1203 2887 1301 2936 anno
1317 2857 1584 2937 trecentesimo
1604 2857 1752 2964 quinto.
