4450 6209
497 704 572 779 snt
1071 706 1163 781 LES
1192 705 1335 781 otttt.

270 858 457 923 Pmmssll,
494 848 603 927 miles
628 848 677 927 ab
697 846 893 930 audiencia
917 846 1007 927 dicti
1033 849 1140 927 ducis
1169 848 1216 927 ad
1245 865 1412 927 nostram
1442 849 1582 927 curiam
1610 846 1851 955 appellasset,
1880 864 1916 923 et

331 952 393 994 Μ’
493 980 600 1087 quod
630 981 756 1061 adbuc
779 981 963 1086 penderet
992 980 1091 1059 dicta
1110 979 1337 1087 appellacio‚
1369 980 1448 1087 ipse
1476 980 1524 1057 de
1554 979 1753 1086 predictis,
1779 980 1915 1057 vocatis

494 1112 710 1203 evocandis,
728 1128 985 1217 cognosceret,
1009 1129 1048 1189 et
1066 1113 1097 1190 si
1118 1112 1189 1191 sibi
1210 1110 1354 1217 liquide
1374 1127 1560 1192 constaret
1577 1111 1625 1187 de
1642 1110 1837 1215 predictis,
1856 1139 1911 1200 ea,

490 1261 605 1347 prout
625 1244 672 1322 de
692 1242 782 1351 ipsis
796 1242 867 1321 sibi
884 1242 1063 1349 liqueret,
1082 1244 1131 1321 ad
1146 1260 1281 1321 statum
1297 1241 1428 1319 reduci
1442 1242 1614 1320 debitum
1631 1241 1785 1331 laceret,
1802 1242 1915 1319 idem·

489 1402 566 1481 que
585 1375 745 1453 ballivus
763 1392 894 1455 noster
913 1376 1148 1453 Turonensis
1167 1404 1279 1483 super
1298 1374 1478 1481 predictis
1497 1371 1676 1481 magistro
1690 1372 1843 1451 Andree
1866 1374 1912 1451 de

489 1505 525 1581 Ia
545 1508 684 1585 Bosere
712 1507 904 1587 commisit
927 1506 1025 1585 vices
1047 1536 1151 1597 snas3
1173 1508 1238 1613 qui
1263 1507 1440 1613 magister
1457 1504 1643 1595 Andreas,
1668 1505 1807 1583 vocatis
1830 1532 1913 1583 evo-

490 1637 639 1727 candis,
655 1636 704 1714 de
715 1636 896 1743 predictis
911 1635 1104 1743 inquisivit
1122 1638 1334 1743 diligenter,
1350 1653 1387 1713 et
1403 1638 1696 1743 inquestam'per
1708 1637 1834 1741 ipsum
1846 1634 1912 1713 sac-

488 1784 566 1846 tam
581 1768 683 1845 curie
706 1785 833 1849 nostre
853 1768 999 1846 remisit
1012 1767 1279 1875 judicandam:
1297 1766 1383 1846 Visa
1403 1766 1521 1875 igitur
1539 1767 1711 1873 inquesta
1729 1766 1910 1872 predicta,

491 1899 578 2003 quia
597 1916 791 2004 repertum
816 1916 888 1988 cst,
916 1928 984 2005 per
1011 1898 1285 1978 consessionem
1315 1898 1566 2003 procuratoris
1593 1898 1699 1975 ducis
1723 1898 1911 1977 Britannia

491 2045 529 2104 et
560 2030 747 2134 parcium·
761 2030 1034 2136 predictarum,
1067 2028 1206 2107 dictam
1240 2028 1506 2135 appellacionis
1538 2058 1705 2119 cansam,
1741 2047 1911 2136 tempore

490 2159 767 2237 commissionis
790 2177 918 2236 nostre
945 2160 1110 2237 incuria
1135 2177 1263 2238 nostra
1282 2159 1470 2266 pendere,
1498 2177 1536 2237 ct
1560 2160 1704 2239 dictum
1725 2159 1912 2238 Andream

491 2291 745 2368 intencionem
762 2319 886 2381 snam,
907 2307 1093 2395 quantum
1112 2292 1160 2367 ad
1175 2290 1348 2367 saisinam
1366 2291 1532 2396 ponendi
1547 2319 1701 2398 peccora
1723 2310 1760 2369 et
1775 2294 1912 2370 anima-

489 2420 538 2498 lia
557 2450 624 2498 sua
645 2421 686 2498 in
706 2419 830 2500 insula
850 2446 924 2525 que
944 2418 1083 2497 dicitnr
1099 2419 1319 2526 Magna-Isla
1338 2419 1565 2499 sufficienter
1584 2421 1814 2529 probavisse,
1837 2423 1911 2501 dic-

489 2569 661 2641 tumeat,
683 2580 753 2660 per
774 2550 877 2629 curie
898 2567 1024 2628 nostre
1039 2549 1246 2656 judicium,
1263 2551 1476 2657 predictum
1496 2550 1685 2630 Andream
1704 2554 1751 2633 de
1769 2557 1910 2635 Varena

490 2681 629 2760 debere
647 2683 782 2790 reponi
801 2682 841 2757 in
861 2681 996 2759 saisina
1016 2682 1183 2789 predicta
1209 2682 1433 2790 depascendi
1457 2712 1613 2789 peccora
1634 2703 1672 2763 et
1692 2703 1813 2765 cetera
1835 2690 1911 2767 ani-

489 2812 603 2889 malia
625 2842 689 2891 sua
710 2812 750 2889 in
776 2812 897 2890 insula
921 2811 1110 2917 predicta,
1138 2813 1281 2891 dictum
1302 2842 1390 2893 vero
1415 2811 1575 2893 militem
1602 2814 1648 2893 ab
1672 2816 1909 2923 impeticione

430 2969 437 2980 ·
488 2944 657 3048 predicta
673 2942 763 3019 dicti
777 2942 945 3032 Andree,
963 2971 1077 3050 super
1090 2972 1253 3049 garenna
1266 2945 1403 3027 foreste
1420 2945 1467 3023 de
1490 2945 1653 3038 Celario,
1671 2949 1773 3027 curia
1786 2969 1910 3029 nostra

490 3072 660 3151 absolvit.

546 3205 645 3287 Iovis
665 3224 752 3311 post
771 3209 1036 3291 Reminiseere.

542 3337 715 3418 Decanus
735 3338 958 3423 Casletensis
972 3342 1229 3453 [reportavitl.

542 3604 667 3683 XXIII.
699 3607 782 3686 Lite
804 3622 923 3696 mota,
944 3606 984 3683 in
1008 3607 1111 3685 curia
1131 3626 1274 3701 noema,
1297 3609 1394 3689 inter
1416 3609 1664 3690 Guillclmum
1687 3610 1735 3690 de
1761 3616 1907 3705 Menin,

486 3735 702 3814 Lochinurn
717 3735 865 3826 Paulin,
883 3735 1131 3816 Guillclmum
1151 3738 1198 3816 de
1220 3741 1486 3847 Lsmpernesse
1504 3760 1541 3820 et
1558 3744 1767 3823 Iohannem
1785 3746 1910 3825 Wala-

486 3864 606 3952 wein,
626 3865 834 3972 burgenses
849 3865 897 3943 de
912 3868 1039 3974 Ypria,
1060 3898 1104 3945 ea
1122 3886 1227 3974 parte
1245 3900 1336 3960 una,
1355 3890 1392 3949 et
1408 3873 1581 3951 dilectam
1602 3893 1641 3953 et
1655 3876 1812 3955 fidelem
1827 3904 1910 3955 nos·

485 4010 584 4070 tram
603 3995 829 4073 comitissam
843 3996 1144 4079 Attrebatensem
1165 4019 1203 4078 et
1226 4003 1308 4110 ejus
1323 4003 1557 4112 pedagiarios
1577 4007 1625 4086 de
1643 4006 1845 4114 Bapalmis,
1868 4038 1910 4086 cx

488 4123 619 4216 altera,
644 4154 756 4233 super
775 4155 821 4207 eo
847 4132 954 4238 quod
973 4132 1063 4208 dicti
1088 4132 1310 4243 burgenses,
1333 4130 1596 4217 assererites‘se
1617 4166 1698 4216 esse
1718 4139 1757 4215 in
1778 4126 1909 4216 saisina

488 4255 651 4353 ducendi
671 4286 740 4367 per
760 4288 863 4339 mare
880 4262 963 4339 vina
984 4280 1024 4340 et
1041 4282 1269 4344 mercaturas
1286 4294 1543 4376 quascumque
1563 4270 1611 4347 de
1625 4259 1795 4357 Francia,
1817 4273 1910 4349 Bur-

485 4386 627 4493 gondia
644 4405 687 4468 et
697 4418 940 4499 quacumque
958 4393 1031 4469 alia
1045 4412 1146 4473 terra
1160 4397 1199 4473 in
1219 4395 1433 4499 Flandriam
1448 4398 1568 4476 libere
1584 4418 1622 4477 et
1638 4400 1779 4507 absque
1795 4401 1911 4507 peda-

485 4519 535 4627 gii
562 4538 756 4600 constnme
782 4539 818 4599 et
848 4524 1048 4605 exactionis
1064 4526 1226 4605 alterius
1255 4528 1488 4636 prestacione
1516 4532 1615 4611 dicte
1641 4533 1828 4610 comitisse
1852 4534 1910 4610 vel

486 4648 801 4746 alterifacienda,
831 4683 971 4761 eosque
1001 4655 1172 4737 turbatos
1201 4686 1281 4737 esse
1304 4662 1498 4740 iraeadem
1526 4662 1659 4741 saisina
1680 4690 1748 4769 per
1771 4664 1907 4741 dictam

485 4781 712 4862 comitissam
731 4812 799 4863 seu
818 4786 900 4894 ejus
917 4789 1171 4894 pedagiarios,
1191 4791 1491 4897 capinnd'obona
1508 4793 1752 4902 burgensium
1768 4794 1910 4900 predic·

485 4926 629 5001 torum,
645 4942 760 5019 quare
775 4917 1240 5022 petebantrecredenciam
1255 4923 1443 5001 dictorum
1455 4918 1665 5016 bonorum,
1674 4954 1744 5031 per
1753 4952 1905 5001 manum

485 5044 893 5141 castrametamur,
922 5048 961 5125 in
984 5058 1119 5155 puram
1140 5052 1454 5135 deliberacionem
1482 5057 1663 5145 converti,
1685 5073 1724 5133 et
1741 5056 1780 5133 in
1800 5056 1908 5163 quin-
