<?xml version="1.0" encoding="UTF-8"?>
<!DOCTYPE html PUBLIC "-//W3C//DTD XHTML 1.0 Transitional//EN"
    "http://www.w3.org/TR/xhtml1/DTD/xhtml1-transitional.dtd">
<html xmlns="http://www.w3.org/1999/xhtml" xml:lang="en" lang="en">
 <head>
  <title>
</title>
<meta http-equiv="Content-Type" content="text/html;charset=utf-8" />
  <meta name='ocr-system' content='tesseract 3.04.00' />
  <meta name='ocr-capabilities' content='ocr_page ocr_carea ocr_par ocr_line ocrx_word'/>
</head>
<body>
  <div class='ocr_page' id='page_1' title='image "./lesolimouregist00parigoog_0640.png"; bbox 0 0 4450 6209; ppageno 0'>
   <div class='ocr_carea' id='block_1_1' title="bbox 758 697 1772 808">
    <p class='ocr_par' dir='ltr' id='par_1_1' title="bbox 758 697 1772 808">
     <span class='ocr_line' id='line_1_1' title="bbox 758 697 1772 808; baseline -0.001 -17"><span class='ocrx_word' id='word_1_1' title='bbox 758 697 1027 808; x_wconf 77' lang='lat' dir='ltr'><strong>ruounrns</strong></span> <span class='ocrx_word' id='word_1_2' title='bbox 1055 718 1117 790; x_wconf 83' lang='grc' dir='ltr'><strong>ιιι·</strong></span> <span class='ocrx_word' id='word_1_3' title='bbox 1146 699 1355 792; x_wconf 73' lang='lat' dir='ltr'><strong>procus.</strong></span> <span class='ocrx_word' id='word_1_4' title='bbox 1695 715 1772 792; x_wconf 72' lang='grc' dir='ltr'><strong>ιιι·</strong></span> 
     </span>
    </p>
   </div>
   <div class='ocr_carea' id='block_1_2' title="bbox 235 853 1994 4785">
    <p class='ocr_par' dir='ltr' id='par_1_2' title="bbox 235 853 1994 3995">
     <span class='ocr_line' id='line_1_2' title="bbox 344 853 1994 968; baseline -0.004 -30"><span class='ocrx_word' id='word_1_5' title='bbox 344 877 439 938; x_wconf 90' lang='lat' dir='ltr'><strong>esset</strong></span> <span class='ocrx_word' id='word_1_6' title='bbox 459 859 687 950; x_wconf 84' lang='lat' dir='ltr'><strong>laciendum,</strong></span> <span class='ocrx_word' id='word_1_7' title='bbox 711 889 778 966; x_wconf 93' lang='lat' dir='ltr'><strong>pro</strong></span> <span class='ocrx_word' id='word_1_8' title='bbox 803 861 916 938; x_wconf 86' lang='lat' dir='ltr'><strong>tantis</strong></span> <span class='ocrx_word' id='word_1_9' title='bbox 937 859 1149 938; x_wconf 83' lang='lat' dir='ltr'>excessibus</span> <span class='ocrx_word' id='word_1_10' title='bbox 1171 877 1209 937; x_wconf 93' lang='lat' dir='ltr'><strong>et</strong></span> <span class='ocrx_word' id='word_1_11' title='bbox 1230 860 1376 968; x_wconf 89' lang='lat' dir='ltr'><strong>injuriis</strong></span> <span class='ocrx_word' id='word_1_12' title='bbox 1403 858 1602 936; x_wconf 79' lang='lat' dir='ltr'>emendam</span> <span class='ocrx_word' id='word_1_13' title='bbox 1624 853 1768 936; x_wconf 91' lang='lat' dir='ltr'><strong>civilem</strong></span> <span class='ocrx_word' id='word_1_14' title='bbox 1808 865 1938 931; x_wconf 57' lang='lat' dir='ltr'><strong>rumim</strong></span> <span class='ocrx_word' id='word_1_15' title='bbox 1951 863 1994 928; x_wconf 84' lang='lat' dir='ltr'><strong>tv,</strong></span> 
     </span>
     <span class='ocr_line' id='line_1_3' title="bbox 339 957 1933 1100; baseline -0.003 -30"><span class='ocrx_word' id='word_1_16' title='bbox 339 1008 548 1099; x_wconf 83' lang='lat' dir='ltr'><strong>prestarent</strong></span> <span class='ocrx_word' id='word_1_17' title='bbox 568 992 810 1100; x_wconf 76' lang='lat' dir='ltr'><strong>condignam3</strong></span> <span class='ocrx_word' id='word_1_18' title='bbox 828 993 917 1098; x_wconf 91' lang='lat' dir='ltr'><strong>ipsis</strong></span> <span class='ocrx_word' id='word_1_19' title='bbox 933 991 1100 1098; x_wconf 89' lang='lat' dir='ltr'><strong>predicta</strong></span> <span class='ocrx_word' id='word_1_20' title='bbox 1121 992 1345 1099; x_wconf 78' lang='lat' dir='ltr'><strong>negantibus</strong></span> <span class='ocrx_word' id='word_1_21' title='bbox 1366 1009 1404 1068; x_wconf 88' lang='lat' dir='ltr'><strong>et</strong></span> <span class='ocrx_word' id='word_1_22' title='bbox 1427 990 1537 1098; x_wconf 92' lang='lat' dir='ltr'><strong>plura</strong></span> <span class='ocrx_word' id='word_1_23' title='bbox 1553 991 1601 1068; x_wconf 93' lang='lat' dir='ltr'><strong>ad</strong></span> <span class='ocrx_word' id='word_1_24' title='bbox 1625 991 1683 1067; x_wconf 90' lang='lat' dir='ltr'><strong>sui</strong></span> <span class='ocrx_word' id='word_1_25' title='bbox 1702 991 1770 1066; x_wconf 85' lang='lat' dir='ltr'><strong>de·</strong></span> <span class='ocrx_word' id='word_1_26' title='bbox 1869 957 1933 999; x_wconf 57' lang='lat' dir='ltr'><strong>lm</strong></span> 
     </span>
     <span class='ocr_line' id='line_1_4' title="bbox 340 1123 1772 1232; baseline -0.001 -30"><span class='ocrx_word' id='word_1_27' title='bbox 340 1127 551 1204; x_wconf 79' lang='lat' dir='ltr'><strong>sensionem</strong></span> <span class='ocrx_word' id='word_1_28' title='bbox 560 1126 875 1232; x_wconf 82' lang='lat' dir='ltr'><strong>proponentibus,</strong></span> <span class='ocrx_word' id='word_1_29' title='bbox 890 1125 1027 1202; x_wconf 91' lang='lat' dir='ltr'><strong>deinde</strong></span> <span class='ocrx_word' id='word_1_30' title='bbox 1041 1123 1236 1231; x_wconf 92' lang='lat' dir='ltr'><strong>productis</strong></span> <span class='ocrx_word' id='word_1_31' title='bbox 1247 1124 1422 1232; x_wconf 88' lang='lat' dir='ltr'><strong>pluribus</strong></span> <span class='ocrx_word' id='word_1_32' title='bbox 1436 1125 1611 1214; x_wconf 88' lang='lat' dir='ltr'><strong>testibus,</strong></span> <span class='ocrx_word' id='word_1_33' title='bbox 1624 1140 1700 1200; x_wconf 91' lang='lat' dir='ltr'><strong>tarn</strong></span> <span class='ocrx_word' id='word_1_34' title='bbox 1715 1153 1772 1200; x_wconf 93' lang='lat' dir='ltr'><strong>su·</strong></span> 
     </span>
     <span class='ocr_line' id='line_1_5' title="bbox 338 1255 1774 1365; baseline -0.002 -30"><span class='ocrx_word' id='word_1_35' title='bbox 338 1281 409 1364; x_wconf 84' lang='lat' dir='ltr'><strong>per</strong></span> <span class='ocrx_word' id='word_1_36' title='bbox 421 1258 599 1365; x_wconf 87' lang='lat' dir='ltr'><strong>predictis</strong></span> <span class='ocrx_word' id='word_1_37' title='bbox 617 1257 817 1364; x_wconf 90' lang='lat' dir='ltr'><strong>propositis</strong></span> <span class='ocrx_word' id='word_1_38' title='bbox 834 1275 963 1335; x_wconf 90' lang='lat' dir='ltr'><strong>contra</strong></span> <span class='ocrx_word' id='word_1_39' title='bbox 978 1285 1056 1347; x_wconf 89' lang='lat' dir='ltr'><strong>eos,</strong></span> <span class='ocrx_word' id='word_1_40' title='bbox 1076 1285 1187 1363; x_wconf 91' lang='lat' dir='ltr'><strong>quarn</strong></span> <span class='ocrx_word' id='word_1_41' title='bbox 1202 1285 1317 1362; x_wconf 90' lang='lat' dir='ltr'><strong>super</strong></span> <span class='ocrx_word' id='word_1_42' title='bbox 1326 1255 1611 1333; x_wconf 80' lang='lat' dir='ltr'><strong>defensionibus</strong></span> <span class='ocrx_word' id='word_1_43' title='bbox 1626 1283 1774 1333; x_wconf 88' lang='lat' dir='ltr'><strong>eorum—</strong></span> 
     </span>
     <span class='ocr_line' id='line_1_6' title="bbox 340 1388 1773 1497; baseline -0.002 -30"><span class='ocrx_word' id='word_1_44' title='bbox 340 1391 445 1480; x_wconf 86' lang='lat' dir='ltr'><strong>dem,</strong></span> <span class='ocrx_word' id='word_1_45' title='bbox 463 1391 550 1468; x_wconf 91' lang='lat' dir='ltr'><strong>visis</strong></span> <span class='ocrx_word' id='word_1_46' title='bbox 574 1390 775 1497; x_wconf 89' lang='lat' dir='ltr'><strong>diligenter</strong></span> <span class='ocrx_word' id='word_1_47' title='bbox 796 1389 1104 1496; x_wconf 89' lang='lat' dir='ltr'><strong>deposicionibus</strong></span> <span class='ocrx_word' id='word_1_48' title='bbox 1131 1389 1319 1466; x_wconf 89' lang='lat' dir='ltr'><strong>dictorum</strong></span> <span class='ocrx_word' id='word_1_49' title='bbox 1338 1389 1495 1465; x_wconf 91' lang='lat' dir='ltr'><strong>testium</strong></span> <span class='ocrx_word' id='word_1_50' title='bbox 1521 1406 1559 1465; x_wconf 90' lang='lat' dir='ltr'><strong>et</strong></span> <span class='ocrx_word' id='word_1_51' title='bbox 1579 1389 1711 1465; x_wconf 89' lang='lat' dir='ltr'><strong>ceteris</strong></span> <span class='ocrx_word' id='word_1_52' title='bbox 1733 1388 1773 1464; x_wconf 91' lang='lat' dir='ltr'><strong>in</strong></span> 
     </span>
     <span class='ocr_line' id='line_1_7' title="bbox 339 1519 1772 1630; baseline -0.001 -32"><span class='ocrx_word' id='word_1_53' title='bbox 339 1523 511 1630; x_wconf 86' lang='lat' dir='ltr'><strong>inquesta</strong></span> <span class='ocrx_word' id='word_1_54' title='bbox 523 1523 691 1628; x_wconf 90' lang='lat' dir='ltr'><strong>predicta</strong></span> <span class='ocrx_word' id='word_1_55' title='bbox 702 1522 899 1611; x_wconf 89' lang='lat' dir='ltr'><strong>contentis,</strong></span> <span class='ocrx_word' id='word_1_56' title='bbox 915 1521 1004 1628; x_wconf 88' lang='lat' dir='ltr'><strong>quia</strong></span> <span class='ocrx_word' id='word_1_57' title='bbox 1017 1519 1114 1598; x_wconf 92' lang='lat' dir='ltr'><strong>nihil</strong></span> <span class='ocrx_word' id='word_1_58' title='bbox 1129 1538 1324 1628; x_wconf 89' lang='lat' dir='ltr'><strong>repertum</strong></span> <span class='ocrx_word' id='word_1_59' title='bbox 1339 1537 1395 1597; x_wconf 90' lang='lat' dir='ltr'><strong>est</strong></span> <span class='ocrx_word' id='word_1_60' title='bbox 1410 1520 1554 1598; x_wconf 88' lang='lat' dir='ltr'><strong>ibidem</strong></span> <span class='ocrx_word' id='word_1_61' title='bbox 1569 1520 1772 1627; x_wconf 87' lang='lat' dir='ltr'><strong>probatum</strong></span> 
     </span>
     <span class='ocr_line' id='line_1_8' title="bbox 340 1651 1772 1760; baseline -0.001 -30"><span class='ocrx_word' id='word_1_62' title='bbox 340 1671 468 1732; x_wconf 91' lang='lat' dir='ltr'><strong>contra</strong></span> <span class='ocrx_word' id='word_1_63' title='bbox 483 1653 765 1760; x_wconf 87' lang='lat' dir='ltr'><strong>prenominatos</strong></span> <span class='ocrx_word' id='word_1_64' title='bbox 784 1651 1292 1742; x_wconf 81' lang='lat' dir='ltr'><strong>Johannem,·Alexandrum‚</strong></span> <span class='ocrx_word' id='word_1_65' title='bbox 1316 1651 1566 1730; x_wconf 91' lang='lat' dir='ltr'><strong>Guillelmum</strong></span> <span class='ocrx_word' id='word_1_66' title='bbox 1587 1669 1626 1728; x_wconf 90' lang='lat' dir='ltr'><strong>et</strong></span> <span class='ocrx_word' id='word_1_67' title='bbox 1644 1654 1772 1760; x_wconf 91' lang='lat' dir='ltr'><strong>Hugo-</strong></span> 
     </span>
     <span class='ocr_line' id='line_1_9' title="bbox 339 1783 1772 1898; baseline -0.001 -36"><span class='ocrx_word' id='word_1_68' title='bbox 339 1786 474 1862; x_wconf 91' lang='lat' dir='ltr'><strong>ninum</strong></span> <span class='ocrx_word' id='word_1_69' title='bbox 494 1815 561 1862; x_wconf 88' lang='lat' dir='ltr'><strong>seu</strong></span> <span class='ocrx_word' id='word_1_70' title='bbox 577 1785 743 1893; x_wconf 86' lang='lat' dir='ltr'><strong>aliquem</strong></span> <span class='ocrx_word' id='word_1_71' title='bbox 755 1783 1005 1873; x_wconf 83' lang='lat' dir='ltr'><strong>eorumdem,</strong></span> <span class='ocrx_word' id='word_1_72' title='bbox 1019 1811 1088 1890; x_wconf 89' lang='lat' dir='ltr'><strong>per</strong></span> <span class='ocrx_word' id='word_1_73' title='bbox 1101 1783 1292 1898; x_wconf 85' lang='lat' dir='ltr'><strong>judicium</strong></span> <span class='ocrx_word' id='word_1_74' title='bbox 1309 1783 1413 1860; x_wconf 89' lang='lat' dir='ltr'><strong>curie</strong></span> <span class='ocrx_word' id='word_1_75' title='bbox 1428 1801 1566 1874; x_wconf 87' lang='lat' dir='ltr'><strong>nostre,</strong></span> <span class='ocrx_word' id='word_1_76' title='bbox 1586 1812 1720 1860; x_wconf 89' lang='lat' dir='ltr'><strong>omnes</strong></span> <span class='ocrx_word' id='word_1_77' title='bbox 1735 1801 1772 1860; x_wconf 92' lang='lat' dir='ltr'><strong>et</strong></span> 
     </span>
     <span class='ocr_line' id='line_1_10' title="bbox 338 1913 1769 2023; baseline -0.003 -29"><span class='ocrx_word' id='word_1_78' title='bbox 338 1914 474 2023; x_wconf 83' lang='lat' dir='ltr'><strong>singuli</strong></span> <span class='ocrx_word' id='word_1_79' title='bbox 495 1915 746 2022; x_wconf 85' lang='lat' dir='ltr'><strong>prenominati</strong></span> <span class='ocrx_word' id='word_1_80' title='bbox 766 1943 879 2022; x_wconf 91' lang='lat' dir='ltr'><strong>super</strong></span> <span class='ocrx_word' id='word_1_81' title='bbox 898 1913 1088 2021; x_wconf 89' lang='lat' dir='ltr'><strong>premissis</strong></span> <span class='ocrx_word' id='word_1_82' title='bbox 1112 1931 1243 1990; x_wconf 87' lang='lat' dir='ltr'><strong>contra</strong></span> <span class='ocrx_word' id='word_1_83' title='bbox 1263 1913 1365 2019; x_wconf 90' lang='lat' dir='ltr'><strong>ipsos</strong></span> <span class='ocrx_word' id='word_1_84' title='bbox 1382 1913 1587 2021; x_wconf 89' lang='lat' dir='ltr'><strong>propositis</strong></span> <span class='ocrx_word' id='word_1_85' title='bbox 1606 1913 1769 1992; x_wconf 88' lang='lat' dir='ltr'><strong>absoluti</strong></span> 
     </span>
     <span class='ocr_line' id='line_1_11' title="bbox 337 2043 1769 2154; baseline 0 -31"><span class='ocrx_word' id='word_1_86' title='bbox 337 2047 506 2137; x_wconf 83' lang='lat' dir='ltr'><strong>suerunt;</strong></span> <span class='ocrx_word' id='word_1_87' title='bbox 523 2064 708 2154; x_wconf 89' lang='lat' dir='ltr'><strong>quantum</strong></span> <span class='ocrx_word' id='word_1_88' title='bbox 728 2074 815 2122; x_wconf 89' lang='lat' dir='ltr'><strong>vero</strong></span> <span class='ocrx_word' id='word_1_89' title='bbox 837 2045 881 2120; x_wconf 89' lang='lat' dir='ltr'><strong>ad</strong></span> <span class='ocrx_word' id='word_1_90' title='bbox 903 2045 1046 2121; x_wconf 88' lang='lat' dir='ltr'><strong>dictum</strong></span> <span class='ocrx_word' id='word_1_91' title='bbox 1063 2043 1304 2150; x_wconf 78' lang='lat' dir='ltr'><strong>Michaelem,</strong></span> <span class='ocrx_word' id='word_1_92' title='bbox 1318 2074 1405 2122; x_wconf 90' lang='lat' dir='ltr'><strong>curn</strong></span> <span class='ocrx_word' id='word_1_93' title='bbox 1420 2045 1502 2153; x_wconf 87' lang='lat' dir='ltr'><strong>ejus</strong></span> <span class='ocrx_word' id='word_1_94' title='bbox 1515 2043 1769 2124; x_wconf 86' lang='lat' dir='ltr'><strong>deffensiones</strong></span> 
     </span>
     <span class='ocr_line' id='line_1_12' title="bbox 338 2175 1770 2284; baseline 0.002 -31"><span class='ocrx_word' id='word_1_95' title='bbox 338 2179 485 2255; x_wconf 89' lang='lat' dir='ltr'><strong>invente</strong></span> <span class='ocrx_word' id='word_1_96' title='bbox 505 2177 648 2276; x_wconf 84' lang='lat' dir='ltr'><strong>suerint</strong></span> <span class='ocrx_word' id='word_1_97' title='bbox 672 2178 711 2254; x_wconf 92' lang='lat' dir='ltr'><strong>in</strong></span> <span class='ocrx_word' id='word_1_98' title='bbox 731 2177 906 2284; x_wconf 89' lang='lat' dir='ltr'><strong>inquesta</strong></span> <span class='ocrx_word' id='word_1_99' title='bbox 924 2175 1108 2282; x_wconf 82' lang='lat' dir='ltr'><strong>predicta,</strong></span> <span class='ocrx_word' id='word_1_100' title='bbox 1132 2203 1202 2252; x_wconf 90' lang='lat' dir='ltr'><strong>nec</strong></span> <span class='ocrx_word' id='word_1_101' title='bbox 1224 2175 1433 2252; x_wconf 88' lang='lat' dir='ltr'><strong>inveniatur</strong></span> <span class='ocrx_word' id='word_1_102' title='bbox 1454 2176 1561 2283; x_wconf 91' lang='lat' dir='ltr'><strong>quod</strong></span> <span class='ocrx_word' id='word_1_103' title='bbox 1581 2205 1696 2284; x_wconf 90' lang='lat' dir='ltr'><strong>super</strong></span> <span class='ocrx_word' id='word_1_104' title='bbox 1716 2179 1770 2256; x_wconf 86' lang='lat' dir='ltr'><strong>eis</strong></span> 
     </span>
     <span class='ocr_line' id='line_1_13' title="bbox 337 2305 1770 2414; baseline 0 -29"><span class='ocrx_word' id='word_1_105' title='bbox 337 2308 689 2414; x_wconf 63' lang='lat' dir='ltr'><strong>produxeristestes</strong></span> <span class='ocrx_word' id='word_1_106' title='bbox 710 2334 814 2396; x_wconf 87' lang='lat' dir='ltr'><strong>suos,</strong></span> <span class='ocrx_word' id='word_1_107' title='bbox 837 2334 908 2382; x_wconf 88' lang='lat' dir='ltr'><strong>nee</strong></span> <span class='ocrx_word' id='word_1_108' title='bbox 923 2305 1027 2412; x_wconf 92' lang='lat' dir='ltr'><strong>quod</strong></span> <span class='ocrx_word' id='word_1_109' title='bbox 1043 2305 1145 2382; x_wconf 93' lang='lat' dir='ltr'><strong>diem</strong></span> <span class='ocrx_word' id='word_1_110' title='bbox 1165 2305 1213 2382; x_wconf 89' lang='lat' dir='ltr'><strong>ad</strong></span> <span class='ocrx_word' id='word_1_111' title='bbox 1234 2305 1308 2382; x_wconf 89' lang='lat' dir='ltr'><strong>boc</strong></span> <span class='ocrx_word' id='word_1_112' title='bbox 1327 2305 1519 2398; x_wconf 87' lang='lat' dir='ltr'><strong>habuerit,</strong></span> <span class='ocrx_word' id='word_1_113' title='bbox 1537 2307 1683 2385; x_wconf 88' lang='lat' dir='ltr'><strong>dictum</strong></span> <span class='ocrx_word' id='word_1_114' title='bbox 1698 2309 1770 2385; x_wconf 88' lang='lat' dir='ltr'><strong>suit</strong></span> 
     </span>
     <span class='ocr_line' id='line_1_14' title="bbox 338 2434 1769 2547; baseline 0 -30"><span class='ocrx_word' id='word_1_115' title='bbox 338 2439 444 2547; x_wconf 94' lang='lat' dir='ltr'><strong>quod</strong></span> <span class='ocrx_word' id='word_1_116' title='bbox 464 2440 555 2545; x_wconf 89' lang='lat' dir='ltr'><strong>ipse,</strong></span> <span class='ocrx_word' id='word_1_117' title='bbox 572 2438 707 2515; x_wconf 90' lang='lat' dir='ltr'><strong>vocatis</strong></span> <span class='ocrx_word' id='word_1_118' title='bbox 729 2437 938 2526; x_wconf 85' lang='lat' dir='ltr'><strong>evocandis,</strong></span> <span class='ocrx_word' id='word_1_119' title='bbox 949 2437 1180 2542; x_wconf 87' lang='lat' dir='ltr'><strong>reciperetur</strong></span> <span class='ocrx_word' id='word_1_120' title='bbox 1194 2434 1241 2513; x_wconf 94' lang='lat' dir='ltr'><strong>ad</strong></span> <span class='ocrx_word' id='word_1_121' title='bbox 1252 2436 1541 2542; x_wconf 88' lang='lat' dir='ltr'><strong>producendum</strong></span> <span class='ocrx_word' id='word_1_122' title='bbox 1553 2455 1668 2516; x_wconf 89' lang='lat' dir='ltr'><strong>testes</strong></span> <span class='ocrx_word' id='word_1_123' title='bbox 1681 2468 1769 2518; x_wconf 87' lang='lat' dir='ltr'><strong>suos</strong></span> 
     </span>
     <span class='ocr_line' id='line_1_15' title="bbox 337 2567 1771 2677; baseline -0.002 -28"><span class='ocrx_word' id='word_1_124' title='bbox 337 2569 755 2677; x_wconf 77' lang='lat' dir='ltr'><strong>super-defensionibus</strong></span> <span class='ocrx_word' id='word_1_125' title='bbox 772 2569 849 2646; x_wconf 94' lang='lat' dir='ltr'><strong>suis</strong></span> <span class='ocrx_word' id='word_1_126' title='bbox 868 2567 1062 2677; x_wconf 78' lang='lat' dir='ltr'><strong>predictis3</strong></span> <span class='ocrx_word' id='word_1_127' title='bbox 1086 2586 1272 2676; x_wconf 92' lang='lat' dir='ltr'><strong>quantum</strong></span> <span class='ocrx_word' id='word_1_128' title='bbox 1294 2596 1382 2645; x_wconf 90' lang='lat' dir='ltr'><strong>vero</strong></span> <span class='ocrx_word' id='word_1_129' title='bbox 1403 2569 1451 2645; x_wconf 92' lang='lat' dir='ltr'><strong>ad</strong></span> <span class='ocrx_word' id='word_1_130' title='bbox 1472 2569 1616 2647; x_wconf 89' lang='lat' dir='ltr'><strong>dictum</strong></span> <span class='ocrx_word' id='word_1_131' title='bbox 1636 2573 1771 2648; x_wconf 81' lang='lat' dir='ltr'><strong>Henri-</strong></span> 
     </span>
     <span class='ocr_line' id='line_1_16' title="bbox 338 2700 1769 2811; baseline 0.001 -32"><span class='ocrx_word' id='word_1_132' title='bbox 338 2732 440 2792; x_wconf 88' lang='lat' dir='ltr'><strong>cum‚</strong></span> <span class='ocrx_word' id='word_1_133' title='bbox 459 2700 738 2811; x_wconf 90' lang='lat' dir='ltr'><strong>fidejussorem,</strong></span> <span class='ocrx_word' id='word_1_134' title='bbox 757 2703 823 2808; x_wconf 90' lang='lat' dir='ltr'><strong>qui</strong></span> <span class='ocrx_word' id='word_1_135' title='bbox 840 2701 1019 2808; x_wconf 90' lang='lat' dir='ltr'><strong>proponit</strong></span> <span class='ocrx_word' id='word_1_136' title='bbox 1031 2729 1069 2778; x_wconf 89' lang='lat' dir='ltr'><strong>se</strong></span> <span class='ocrx_word' id='word_1_137' title='bbox 1086 2700 1232 2777; x_wconf 90' lang='lat' dir='ltr'><strong>dictum</strong></span> <span class='ocrx_word' id='word_1_138' title='bbox 1244 2701 1457 2778; x_wconf 87' lang='lat' dir='ltr'><strong>Johannem</strong></span> <span class='ocrx_word' id='word_1_139' title='bbox 1472 2700 1663 2809; x_wconf 90' lang='lat' dir='ltr'><strong>Piquardi,</strong></span> <span class='ocrx_word' id='word_1_140' title='bbox 1680 2731 1769 2810; x_wconf 88' lang='lat' dir='ltr'><strong>pos·</strong></span> 
     </span>
     <span class='ocr_line' id='line_1_17' title="bbox 336 2831 1767 2941; baseline 0 -30"><span class='ocrx_word' id='word_1_141' title='bbox 336 2853 396 2912; x_wconf 85' lang='lat' dir='ltr'><strong>tea</strong></span> <span class='ocrx_word' id='word_1_142' title='bbox 411 2835 450 2910; x_wconf 92' lang='lat' dir='ltr'><strong>in</strong></span> <span class='ocrx_word' id='word_1_143' title='bbox 466 2834 613 2941; x_wconf 91' lang='lat' dir='ltr'><strong>judicio</strong></span> <span class='ocrx_word' id='word_1_144' title='bbox 630 2834 841 2912; x_wconf 84' lang='lat' dir='ltr'><strong>exhibuisse</strong></span> <span class='ocrx_word' id='word_1_145' title='bbox 858 2862 983 2910; x_wconf 91' lang='lat' dir='ltr'><strong>coram</strong></span> <span class='ocrx_word' id='word_1_146' title='bbox 1000 2832 1100 2910; x_wconf 89' lang='lat' dir='ltr'><strong>dicto</strong></span> <span class='ocrx_word' id='word_1_147' title='bbox 1124 2831 1328 2921; x_wconf 83' lang='lat' dir='ltr'><strong>Michaele,</strong></span> <span class='ocrx_word' id='word_1_148' title='bbox 1349 2850 1386 2908; x_wconf 92' lang='lat' dir='ltr'><strong>et</strong></span> <span class='ocrx_word' id='word_1_149' title='bbox 1399 2832 1455 2922; x_wconf 86' lang='lat' dir='ltr'><strong>se,</strong></span> <span class='ocrx_word' id='word_1_150' title='bbox 1472 2831 1654 2940; x_wconf 81' lang='lat' dir='ltr'><strong>profacto</strong></span> <span class='ocrx_word' id='word_1_151' title='bbox 1669 2834 1767 2913; x_wconf 87' lang='lat' dir='ltr'><strong>dicte</strong></span> 
     </span>
     <span class='ocr_line' id='line_1_18' title="bbox 338 2963 1766 3075; baseline 0.001 -33"><span class='ocrx_word' id='word_1_152' title='bbox 338 2965 607 3075; x_wconf 85' lang='lat' dir='ltr'><strong>fidejussionis,</strong></span> <span class='ocrx_word' id='word_1_153' title='bbox 629 2995 715 3044; x_wconf 91' lang='lat' dir='ltr'><strong>cum</strong></span> <span class='ocrx_word' id='word_1_154' title='bbox 736 2965 858 3044; x_wconf 88' lang='lat' dir='ltr'><strong>dictus</strong></span> <span class='ocrx_word' id='word_1_155' title='bbox 878 2967 1068 3045; x_wconf 88' lang='lat' dir='ltr'><strong>Johannes</strong></span> <span class='ocrx_word' id='word_1_156' title='bbox 1093 2963 1315 3072; x_wconf 80' lang='lat' dir='ltr'><strong>aufugisset,</strong></span> <span class='ocrx_word' id='word_1_157' title='bbox 1337 2981 1469 3071; x_wconf 89' lang='lat' dir='ltr'><strong>postea</strong></span> <span class='ocrx_word' id='word_1_158' title='bbox 1482 2993 1551 3072; x_wconf 90' lang='lat' dir='ltr'><strong>per</strong></span> <span class='ocrx_word' id='word_1_159' title='bbox 1568 2964 1766 3045; x_wconf 91' lang='lat' dir='ltr'><strong>biennium</strong></span> 
     </span>
     <span class='ocr_line' id='line_1_19' title="bbox 338 3096 1769 3206; baseline 0.001 -31"><span class='ocrx_word' id='word_1_160' title='bbox 338 3099 534 3176; x_wconf 88' lang='lat' dir='ltr'><strong>detentum</strong></span> <span class='ocrx_word' id='word_1_161' title='bbox 547 3101 586 3174; x_wconf 94' lang='lat' dir='ltr'><strong>in</strong></span> <span class='ocrx_word' id='word_1_162' title='bbox 601 3099 766 3206; x_wconf 88' lang='lat' dir='ltr'><strong>prisione</strong></span> <span class='ocrx_word' id='word_1_163' title='bbox 781 3098 907 3188; x_wconf 86' lang='lat' dir='ltr'><strong>luisse,</strong></span> <span class='ocrx_word' id='word_1_164' title='bbox 922 3116 960 3174; x_wconf 91' lang='lat' dir='ltr'><strong>et</strong></span> <span class='ocrx_word' id='word_1_165' title='bbox 972 3127 1011 3174; x_wconf 87' lang='lat' dir='ltr'><strong>se</strong></span> <span class='ocrx_word' id='word_1_166' title='bbox 1024 3097 1125 3174; x_wconf 91' lang='lat' dir='ltr'><strong>bona</strong></span> <span class='ocrx_word' id='word_1_167' title='bbox 1138 3125 1204 3174; x_wconf 91' lang='lat' dir='ltr'><strong>sua</strong></span> <span class='ocrx_word' id='word_1_168' title='bbox 1218 3096 1363 3174; x_wconf 92' lang='lat' dir='ltr'><strong>ibidem</strong></span> <span class='ocrx_word' id='word_1_169' title='bbox 1378 3098 1667 3204; x_wconf 91' lang='lat' dir='ltr'><strong>consumpsisse,</strong></span> <span class='ocrx_word' id='word_1_170' title='bbox 1681 3129 1769 3206; x_wconf 86' lang='lat' dir='ltr'><strong>sup·</strong></span> 
     </span>
     <span class='ocr_line' id='line_1_20' title="bbox 337 3227 1767 3336; baseline 0.001 -30"><span class='ocrx_word' id='word_1_171' title='bbox 337 3230 478 3336; x_wconf 89' lang='lat' dir='ltr'><strong>plicans</strong></span> <span class='ocrx_word' id='word_1_172' title='bbox 503 3229 573 3306; x_wconf 91' lang='lat' dir='ltr'><strong>sibi</strong></span> <span class='ocrx_word' id='word_1_173' title='bbox 596 3259 710 3336; x_wconf 90' lang='lat' dir='ltr'><strong>super</strong></span> <span class='ocrx_word' id='word_1_174' title='bbox 728 3231 802 3307; x_wconf 92' lang='lat' dir='ltr'><strong>hoc</strong></span> <span class='ocrx_word' id='word_1_175' title='bbox 823 3227 1117 3306; x_wconf 90' lang='lat' dir='ltr'><strong>misericorditer</strong></span> <span class='ocrx_word' id='word_1_176' title='bbox 1141 3228 1305 3333; x_wconf 88' lang='lat' dir='ltr'><strong>providi,</strong></span> <span class='ocrx_word' id='word_1_177' title='bbox 1326 3229 1496 3335; x_wconf 87' lang='lat' dir='ltr'><strong>precepit</strong></span> <span class='ocrx_word' id='word_1_178' title='bbox 1519 3228 1620 3307; x_wconf 87' lang='lat' dir='ltr'><strong>curia</strong></span> <span class='ocrx_word' id='word_1_179' title='bbox 1640 3248 1767 3310; x_wconf 90' lang='lat' dir='ltr'><strong>nostra</strong></span> 
     </span>
     <span class='ocr_line' id='line_1_21' title="bbox 337 3356 1766 3469; baseline 0.001 -32"><span class='ocrx_word' id='word_1_180' title='bbox 337 3363 442 3469; x_wconf 90' lang='lat' dir='ltr'><strong>quod</strong></span> <span class='ocrx_word' id='word_1_181' title='bbox 457 3362 578 3438; x_wconf 87' lang='lat' dir='ltr'><strong>dictus</strong></span> <span class='ocrx_word' id='word_1_182' title='bbox 593 3362 792 3450; x_wconf 88' lang='lat' dir='ltr'><strong>Henricus‚</strong></span> <span class='ocrx_word' id='word_1_183' title='bbox 811 3360 893 3467; x_wconf 92' lang='lat' dir='ltr'><strong>qui,</strong></span> <span class='ocrx_word' id='word_1_184' title='bbox 909 3361 1058 3437; x_wconf 90' lang='lat' dir='ltr'><strong>racione</strong></span> <span class='ocrx_word' id='word_1_185' title='bbox 1072 3359 1173 3435; x_wconf 93' lang='lat' dir='ltr'><strong>dicte</strong></span> <span class='ocrx_word' id='word_1_186' title='bbox 1187 3356 1456 3466; x_wconf 88' lang='lat' dir='ltr'><strong>fidejussionis,</strong></span> <span class='ocrx_word' id='word_1_187' title='bbox 1475 3361 1634 3468; x_wconf 90' lang='lat' dir='ltr'><strong>graviter</strong></span> <span class='ocrx_word' id='word_1_188' title='bbox 1649 3379 1688 3438; x_wconf 91' lang='lat' dir='ltr'><strong>et</strong></span> <span class='ocrx_word' id='word_1_189' title='bbox 1699 3363 1766 3439; x_wconf 92' lang='lat' dir='ltr'><strong>diu</strong></span> 
     </span>
     <span class='ocr_line' id='line_1_22' title="bbox 336 3489 1768 3601; baseline 0 -30"><span class='ocrx_word' id='word_1_190' title='bbox 336 3523 405 3600; x_wconf 90' lang='lat' dir='ltr'><strong>per</strong></span> <span class='ocrx_word' id='word_1_191' title='bbox 427 3521 613 3571; x_wconf 89' lang='lat' dir='ltr'><strong>carcerem</strong></span> <span class='ocrx_word' id='word_1_192' title='bbox 636 3492 759 3571; x_wconf 87' lang='lat' dir='ltr'><strong>suerat</strong></span> <span class='ocrx_word' id='word_1_193' title='bbox 785 3510 993 3570; x_wconf 86' lang='lat' dir='ltr'><strong>maceratus</strong></span> <span class='ocrx_word' id='word_1_194' title='bbox 1018 3507 1055 3568; x_wconf 90' lang='lat' dir='ltr'><strong>et</strong></span> <span class='ocrx_word' id='word_1_195' title='bbox 1073 3489 1185 3568; x_wconf 92' lang='lat' dir='ltr'><strong>bonis</strong></span> <span class='ocrx_word' id='word_1_196' title='bbox 1208 3490 1287 3568; x_wconf 88' lang='lat' dir='ltr'><strong>suis</strong></span> <span class='ocrx_word' id='word_1_197' title='bbox 1307 3509 1552 3598; x_wconf 88' lang='lat' dir='ltr'><strong>consumptus</strong></span> <span class='ocrx_word' id='word_1_198' title='bbox 1570 3511 1609 3570; x_wconf 95' lang='lat' dir='ltr'><strong>et</strong></span> <span class='ocrx_word' id='word_1_199' title='bbox 1630 3494 1768 3601; x_wconf 87' lang='lat' dir='ltr'><strong>depau-</strong></span> 
     </span>
     <span class='ocr_line' id='line_1_23' title="bbox 337 3622 1769 3732; baseline 0 -30"><span class='ocrx_word' id='word_1_200' title='bbox 337 3642 506 3731; x_wconf 91' lang='lat' dir='ltr'><strong>peratus,</strong></span> <span class='ocrx_word' id='word_1_201' title='bbox 526 3653 640 3732; x_wconf 90' lang='lat' dir='ltr'><strong>super</strong></span> <span class='ocrx_word' id='word_1_202' title='bbox 656 3624 728 3702; x_wconf 90' lang='lat' dir='ltr'><strong>boc</strong></span> <span class='ocrx_word' id='word_1_203' title='bbox 749 3625 945 3700; x_wconf 86' lang='lat' dir='ltr'><strong>dimitatur</strong></span> <span class='ocrx_word' id='word_1_204' title='bbox 958 3625 998 3700; x_wconf 92' lang='lat' dir='ltr'><strong>in</strong></span> <span class='ocrx_word' id='word_1_205' title='bbox 1017 3649 1124 3730; x_wconf 90' lang='lat' dir='ltr'><strong>pace,</strong></span> <span class='ocrx_word' id='word_1_206' title='bbox 1143 3638 1182 3698; x_wconf 91' lang='lat' dir='ltr'><strong>et</strong></span> <span class='ocrx_word' id='word_1_207' title='bbox 1200 3622 1367 3729; x_wconf 87' lang='lat' dir='ltr'><strong>precepit</strong></span> <span class='ocrx_word' id='word_1_208' title='bbox 1383 3623 1549 3732; x_wconf 89' lang='lat' dir='ltr'><strong>insuper,</strong></span> <span class='ocrx_word' id='word_1_209' title='bbox 1570 3623 1618 3701; x_wconf 94' lang='lat' dir='ltr'><strong>de</strong></span> <span class='ocrx_word' id='word_1_210' title='bbox 1639 3625 1769 3704; x_wconf 87' lang='lat' dir='ltr'><strong>volun·</strong></span> 
     </span>
     <span class='ocr_line' id='line_1_24' title="bbox 336 3753 1768 3865; baseline 0.001 -31"><span class='ocrx_word' id='word_1_211' title='bbox 336 3773 410 3834; x_wconf 89' lang='lat' dir='ltr'><strong>tate</strong></span> <span class='ocrx_word' id='word_1_212' title='bbox 445 3757 590 3834; x_wconf 91' lang='lat' dir='ltr'><strong>domini</strong></span> <span class='ocrx_word' id='word_1_213' title='bbox 622 3758 732 3865; x_wconf 87' lang='lat' dir='ltr'><strong>Regis</strong></span> <span class='ocrx_word' id='word_1_214' title='bbox 762 3775 800 3834; x_wconf 88' lang='lat' dir='ltr'><strong>et</strong></span> <span class='ocrx_word' id='word_1_215' title='bbox 835 3757 883 3834; x_wconf 90' lang='lat' dir='ltr'><strong>de</strong></span> <span class='ocrx_word' id='word_1_216' title='bbox 915 3756 1055 3862; x_wconf 88' lang='lat' dir='ltr'><strong>gracia,</strong></span> <span class='ocrx_word' id='word_1_217' title='bbox 1087 3753 1192 3861; x_wconf 89' lang='lat' dir='ltr'><strong>quod</strong></span> <span class='ocrx_word' id='word_1_218' title='bbox 1224 3754 1304 3861; x_wconf 92' lang='lat' dir='ltr'><strong>ipse</strong></span> <span class='ocrx_word' id='word_1_219' title='bbox 1339 3773 1543 3862; x_wconf 88' lang='lat' dir='ltr'><strong>reponatur</strong></span> <span class='ocrx_word' id='word_1_220' title='bbox 1572 3757 1611 3832; x_wconf 90' lang='lat' dir='ltr'><strong>in</strong></span> <span class='ocrx_word' id='word_1_221' title='bbox 1643 3755 1768 3835; x_wconf 90' lang='lat' dir='ltr'><strong>officio</strong></span> 
     </span>
     <span class='ocr_line' id='line_1_25' title="bbox 235 3883 1765 3995; baseline 0.005 -35"><span class='ocrx_word' id='word_1_222' title='bbox 235 3957 238 3960; x_wconf 83' lang='grc'><strong>,</strong></span> <span class='ocrx_word' id='word_1_223' title='bbox 338 3889 565 3994; x_wconf 88' lang='lat' dir='ltr'><strong>sergenterie</strong></span> <span class='ocrx_word' id='word_1_224' title='bbox 586 3890 717 3994; x_wconf 92' lang='lat' dir='ltr'><strong>inquo</strong></span> <span class='ocrx_word' id='word_1_225' title='bbox 737 3889 814 3995; x_wconf 92' lang='lat' dir='ltr'><strong>ipse</strong></span> <span class='ocrx_word' id='word_1_226' title='bbox 837 3905 931 3980; x_wconf 87' lang='lat' dir='ltr'><strong>erat,</strong></span> <span class='ocrx_word' id='word_1_227' title='bbox 952 3905 1124 3994; x_wconf 87' lang='lat' dir='ltr'><strong>tempore</strong></span> <span class='ocrx_word' id='word_1_228' title='bbox 1141 3883 1398 3993; x_wconf 81' lang='lat' dir='ltr'><strong>fidejussionis</strong></span> <span class='ocrx_word' id='word_1_229' title='bbox 1410 3887 1596 3994; x_wconf 86' lang='lat' dir='ltr'><strong>predicte,</strong></span> <span class='ocrx_word' id='word_1_230' title='bbox 1621 3888 1765 3968; x_wconf 88' lang='lat' dir='ltr'><strong>ibidem</strong></span> 
     </span>
    </p>

    <p class='ocr_par' dir='ltr' id='par_1_3' title="bbox 338 4019 1279 4128">
     <span class='ocr_line' id='line_1_26' title="bbox 338 4019 1279 4128; baseline 0 -32"><span class='ocrx_word' id='word_1_231' title='bbox 338 4019 522 4128; x_wconf 91' lang='lat' dir='ltr'><strong>quamdiu</strong></span> <span class='ocrx_word' id='word_1_232' title='bbox 543 4019 700 4098; x_wconf 93' lang='lat' dir='ltr'><strong>domino</strong></span> <span class='ocrx_word' id='word_1_233' title='bbox 715 4020 806 4128; x_wconf 85' lang='lat' dir='ltr'><strong>Regi</strong></span> <span class='ocrx_word' id='word_1_234' title='bbox 826 4019 1011 4126; x_wconf 87' lang='lat' dir='ltr'><strong>placuerit</strong></span> <span class='ocrx_word' id='word_1_235' title='bbox 1025 4046 1279 4096; x_wconf 89' lang='lat' dir='ltr'><strong>remansurus.</strong></span> 
     </span>
    </p>

    <p class='ocr_par' dir='ltr' id='par_1_4' title="bbox 393 4147 1226 4256">
     <span class='ocr_line' id='line_1_27' title="bbox 393 4147 1226 4256; baseline -0.001 -29"><span class='ocrx_word' id='word_1_236' title='bbox 393 4152 499 4228; x_wconf 90' lang='lat' dir='ltr'><strong>Lune</strong></span> <span class='ocrx_word' id='word_1_237' title='bbox 517 4168 601 4256; x_wconf 88' lang='lat' dir='ltr'><strong>post</strong></span> <span class='ocrx_word' id='word_1_238' title='bbox 620 4149 966 4248; x_wconf 82' lang='lat' dir='ltr'><strong>Annunciaeionem</strong></span> <span class='ocrx_word' id='word_1_239' title='bbox 987 4147 1226 4228; x_wconf 89' lang='lat' dir='ltr'><strong>dominicam.</strong></span> 
     </span>
    </p>

    <p class='ocr_par' dir='ltr' id='par_1_5' title="bbox 392 4282 755 4390">
     <span class='ocr_line' id='line_1_28' title="bbox 392 4282 755 4390; baseline -0.006 -30"><span class='ocrx_word' id='word_1_240' title='bbox 392 4282 523 4390; x_wconf 86' lang='lat' dir='ltr'><strong>Voyssi</strong></span> <span class='ocrx_word' id='word_1_241' title='bbox 543 4283 755 4389; x_wconf 86' lang='lat' dir='ltr'><strong>reportavit.</strong></span> 
     </span>
    </p>

    <p class='ocr_par' dir='ltr' id='par_1_6' title="bbox 336 4412 1769 4785">
     <span class='ocr_line' id='line_1_29' title="bbox 393 4412 1766 4522; baseline 0 -30"><span class='ocrx_word' id='word_1_242' title='bbox 393 4415 569 4521; x_wconf 89' lang='lat' dir='ltr'><strong>Magister</strong></span> <span class='ocrx_word' id='word_1_243' title='bbox 585 4415 624 4490; x_wconf 91' lang='lat' dir='ltr'><strong>P.</strong></span> <span class='ocrx_word' id='word_1_244' title='bbox 644 4414 872 4521; x_wconf 87' lang='lat' dir='ltr'><strong>Champion,</strong></span> <span class='ocrx_word' id='word_1_245' title='bbox 892 4413 1021 4522; x_wconf 90' lang='lat' dir='ltr'><strong>legum</strong></span> <span class='ocrx_word' id='word_1_246' title='bbox 1039 4413 1190 4502; x_wconf 85' lang='lat' dir='ltr'><strong>doctor,</strong></span> <span class='ocrx_word' id='word_1_247' title='bbox 1208 4412 1387 4518; x_wconf 88' lang='lat' dir='ltr'><strong>magister</strong></span> <span class='ocrx_word' id='word_1_248' title='bbox 1398 4414 1430 4488; x_wconf 87' lang='lat' dir='ltr'><strong>J.</strong></span> <span class='ocrx_word' id='word_1_249' title='bbox 1448 4413 1496 4488; x_wconf 91' lang='lat' dir='ltr'><strong>de</strong></span> <span class='ocrx_word' id='word_1_250' title='bbox 1508 4413 1638 4504; x_wconf 89' lang='lat' dir='ltr'><strong>Duno,</strong></span> <span class='ocrx_word' id='word_1_251' title='bbox 1652 4414 1766 4492; x_wconf 84' lang='lat' dir='ltr'><strong>advo·</strong></span> 
     </span>
     <span class='ocr_line' id='line_1_30' title="bbox 338 4541 1768 4653; baseline 0.003 -33"><span class='ocrx_word' id='word_1_252' title='bbox 338 4561 457 4633; x_wconf 90' lang='lat' dir='ltr'><strong>catus,</strong></span> <span class='ocrx_word' id='word_1_253' title='bbox 475 4562 512 4622; x_wconf 90' lang='lat' dir='ltr'><strong>et</strong></span> <span class='ocrx_word' id='word_1_254' title='bbox 525 4543 751 4623; x_wconf 89' lang='lat' dir='ltr'><strong>Guillelmus</strong></span> <span class='ocrx_word' id='word_1_255' title='bbox 766 4545 814 4623; x_wconf 95' lang='lat' dir='ltr'><strong>de</strong></span> <span class='ocrx_word' id='word_1_256' title='bbox 827 4545 1023 4633; x_wconf 88' lang='lat' dir='ltr'><strong>Medunta,</strong></span> <span class='ocrx_word' id='word_1_257' title='bbox 1035 4545 1186 4653; x_wconf 89' lang='lat' dir='ltr'><strong>juratus</strong></span> <span class='ocrx_word' id='word_1_258' title='bbox 1200 4543 1346 4622; x_wconf 91' lang='lat' dir='ltr'><strong>domini</strong></span> <span class='ocrx_word' id='word_1_259' title='bbox 1363 4543 1490 4651; x_wconf 83' lang='lat' dir='ltr'><strong>Regis,</strong></span> <span class='ocrx_word' id='word_1_260' title='bbox 1508 4541 1678 4622; x_wconf 84' lang='lat' dir='ltr'><strong>lecerunt</strong></span> <span class='ocrx_word' id='word_1_261' title='bbox 1690 4546 1768 4624; x_wconf 89' lang='lat' dir='ltr'><strong>dic·</strong></span> 
     </span>
     <span class='ocr_line' id='line_1_31' title="bbox 336 4674 1769 4785; baseline 0.001 -33"><span class='ocrx_word' id='word_1_262' title='bbox 336 4693 414 4752; x_wconf 90' lang='lat' dir='ltr'><strong>tam</strong></span> <span class='ocrx_word' id='word_1_263' title='bbox 433 4675 645 4784; x_wconf 87' lang='lat' dir='ltr'><strong>inquestam</strong></span> <span class='ocrx_word' id='word_1_264' title='bbox 666 4705 753 4754; x_wconf 92' lang='lat' dir='ltr'><strong>cum</strong></span> <span class='ocrx_word' id='word_1_265' title='bbox 772 4676 927 4768; x_wconf 88' lang='lat' dir='ltr'><strong>ballivo,</strong></span> <span class='ocrx_word' id='word_1_266' title='bbox 950 4692 988 4753; x_wconf 92' lang='lat' dir='ltr'><strong>et</strong></span> <span class='ocrx_word' id='word_1_267' title='bbox 1007 4676 1184 4785; x_wconf 89' lang='lat' dir='ltr'><strong>magister</strong></span> <span class='ocrx_word' id='word_1_268' title='bbox 1203 4674 1383 4755; x_wconf 90' lang='lat' dir='ltr'><strong>Salomon</strong></span> <span class='ocrx_word' id='word_1_269' title='bbox 1401 4675 1674 4754; x_wconf 85' lang='lat' dir='ltr'><strong>administrarit</strong></span> <span class='ocrx_word' id='word_1_270' title='bbox 1688 4703 1769 4755; x_wconf 90' lang='lat' dir='ltr'><strong>om·</strong></span> 
     </span>
    </p>
   </div>
   <div class='ocr_carea' id='block_1_3' title="bbox 338 4808 1573 4977">
    <p class='ocr_par' dir='ltr' id='par_1_7' title="bbox 338 4808 1573 4977">
     <span class='ocr_line' id='line_1_32' title="bbox 338 4808 1007 4916; baseline 0.003 -33"><span class='ocrx_word' id='word_1_271' title='bbox 338 4836 405 4884; x_wconf 89' lang='lat' dir='ltr'><strong>nes</strong></span> <span class='ocrx_word' id='word_1_272' title='bbox 425 4824 550 4887; x_wconf 89' lang='lat' dir='ltr'><strong>testes.</strong></span> <span class='ocrx_word' id='word_1_273' title='bbox 572 4809 633 4887; x_wconf 84' lang='lat' dir='ltr'><strong>Sic</strong></span> <span class='ocrx_word' id='word_1_274' title='bbox 651 4827 819 4916; x_wconf 88' lang='lat' dir='ltr'><strong>reportat</strong></span> <span class='ocrx_word' id='word_1_275' title='bbox 839 4808 1007 4888; x_wconf 89' lang='lat' dir='ltr'><strong>ballivus.</strong></span> 
     </span>
     <span class='ocr_line' id='line_1_33' title="bbox 1535 4929 1573 4977; baseline 0 -4"><span class='ocrx_word' id='word_1_276' title='bbox 1535 4929 1573 4977; x_wconf 70' lang='lat' dir='ltr'><strong>a·</strong></span> 
     </span>
    </p>
   </div>
   <div class='ocr_carea' id='block_1_4' title="bbox 394 5041 1764 5180">
    <p class='ocr_par' dir='ltr' id='par_1_8' title="bbox 394 5041 1764 5180">
     <span class='ocr_line' id='line_1_34' title="bbox 394 5041 1764 5180; baseline 0.001 -32"><span class='ocrx_word' id='word_1_277' title='bbox 394 5072 484 5148; x_wconf 88' lang='lat' dir='ltr'><strong>XLl.</strong></span> <span class='ocrx_word' id='word_1_278' title='bbox 522 5071 618 5150; x_wconf 91' lang='lat' dir='ltr'><strong>Cum</strong></span> <span class='ocrx_word' id='word_1_279' title='bbox 641 5074 813 5180; x_wconf 90' lang='lat' dir='ltr'><strong>inquesta</strong></span> <span class='ocrx_word' id='word_1_280' title='bbox 831 5072 996 5180; x_wconf 87' lang='lat' dir='ltr'><strong>quedam</strong></span> <span class='ocrx_word' id='word_1_281' title='bbox 1021 5099 1089 5180; x_wconf 91' lang='lat' dir='ltr'><strong>per</strong></span> <span class='ocrx_word' id='word_1_282' title='bbox 1112 5071 1347 5180; x_wconf 86' lang='lat' dir='ltr'><strong>prepositum</strong></span> <span class='ocrx_word' id='word_1_283' title='bbox 1366 5041 1637 5151; x_wconf 65' lang='lat' dir='ltr'><strong>bituricedsem</strong></span> <span class='ocrx_word' id='word_1_284' title='bbox 1657 5072 1764 5161; x_wconf 86' lang='lat' dir='ltr'><strong>sacta,</strong></span> 
     </span>
    </p>
   </div>
   <div class='ocr_carea' id='block_1_5' title="bbox 425 5227 1639 5310">
    <p class='ocr_par' dir='ltr' id='par_1_9' title="bbox 425 5227 1639 5310">
     <span class='ocr_line' id='line_1_35' title="bbox 425 5227 1639 5310; baseline 0.002 -23"><span class='ocrx_word' id='word_1_285' title='bbox 425 5248 474 5288; x_wconf 78' lang='lat' dir='ltr'><strong>urs</strong></span> <span class='ocrx_word' id='word_1_286' title='bbox 496 5247 578 5290; x_wconf 86' lang='grc' dir='ltr'><strong>οιιιι.</strong></span> <span class='ocrx_word' id='word_1_287' title='bbox 604 5250 650 5295; x_wconf 91' lang='grc' dir='ltr'><strong>ιιι.</strong></span> <span class='ocrx_word' id='word_1_288' title='bbox 1600 5227 1639 5310; x_wconf 84' lang='grc'><strong>69</strong></span> 
     </span>
    </p>
   </div>
   <div class='ocr_carea' id='block_1_6' title="bbox 0 0 2230 6209">
    <p class='ocr_par' dir='ltr' id='par_1_10' title="bbox 0 0 2230 6209">
     <span class='ocr_line' id='line_1_36' title="bbox 0 0 2230 6209; baseline 0 2"><span class='ocrx_word' id='word_1_289' title='bbox 0 0 2230 6209; x_wconf 95' lang='lat' dir='ltr'><strong> </strong></span> 
     </span>
    </p>
   </div>
  </div>
 </body>
</html>
