4450 6209
484 672 559 750 [188
821 690 832 707 ’
1067 680 1159 753 LES
1190 680 1330 756 OLlM.

254 846 386 903 enom
398 844 442 907 tv,
480 818 709 927 petebatque
724 848 902 928 expensas
913 849 982 928 per
997 850 1087 899 eum
1097 820 1212 901 factas
1226 825 1265 901 in
1278 825 1444 931 prisione
1456 827 1636 934 prepositi
1652 828 1909 925 SanctiQuin·

316 939 381 983 ¹³⁰⁹·
480 949 571 1039 tini,
585 951 625 1027 in
636 979 712 1058 qna
725 951 874 1029 dicebat
882 979 922 1030 se
933 950 1050 1029 fuisse
1064 980 1134 1059 per
1146 953 1279 1032 decem
1293 956 1536 1063 septimanas,
1553 957 1601 1033 ad
1614 956 1833 1039 instanciam
1844 960 1911 1039 fia-

479 1099 583 1159 trum
606 1084 879 1188 predictorum,
902 1110 991 1161 eum
1012 1086 1185 1192 expensis
1198 1086 1277 1164 litis
1289 1086 1435 1178 habite,
1461 1106 1537 1165 tam
1558 1116 1685 1166 eoram
1704 1090 1807 1169 dioto
1831 1121 1910 1199 pre-

480 1214 605 1320 posito
619 1243 734 1321 quam
749 1244 874 1293 coram
894 1213 1034 1294 ballivo
1050 1217 1356 1309 Viromandensi‚
1378 1246 1528 1299 necnon
1548 1237 1587 1297 et
1606 1247 1784 1333 expensas
1801 1220 1909 1301 factas

480 1346 519 1421 in
538 1346 803 1453 prosequendo
817 1345 960 1423 curiam
975 1365 1142 1427 nostram
1158 1348 1206 1426 ad
1220 1349 1500 1457 impetrandum
1520 1348 1662 1429 litteras
1681 1378 1797 1458 super
1810 1380 1909 1433 amo-

480 1476 588 1553 cione
605 1476 826 1555 saisinamm
841 1477 1118 1583 predictarum
1143 1479 1252 1557 dictis
1268 1478 1447 1558 fratribus
1468 1480 1696 1559 eontrarium
1715 1486 1910 1561 asserenti-

478 1608 568 1699 bus,
585 1625 623 1685 et
639 1608 855 1687 dicentibus
876 1608 1019 1687 dictum
1040 1611 1253 1689 tohannem
1271 1639 1349 1691 non
1370 1638 1451 1689 esse
1468 1611 1701 1691 audiendum
1715 1613 1764 1692 ad
1783 1632 1911 1723 peten-

480 1740 571 1817 dum
591 1768 767 1846 expensas
785 1740 973 1847 predictas
994 1769 1063 1848 pro
1083 1771 1131 1821 eo
1151 1743 1258 1850 quia,
1283 1772 1351 1851 pro
1373 1744 1568 1851 predictis,
1591 1762 1716 1851 egerat
1743 1746 1784 1821 in
1810 1748 1909 1823 curia

480 1888 606 1949 nostra
625 1889 754 1949 contra
771 1872 955 1951 Iacobum
969 1872 1151 1962 Deledin‚
1167 1891 1257 1951 tunc
1270 1874 1507 1981 prepositum
1522 1874 1857 1968 Sancti-antini‚
1875 1894 1910 1953 et

479 2003 696 2081 obtinuerat
712 2021 842 2081 contra
861 2032 949 2081 eum
962 2034 971 2079 ε
984 2004 1072 2082 Visa
1090 2005 1204 2112 igitur
1223 2005 1419 2113 inquens,
1439 2004 1488 2082 de
1509 2005 1684 2083 mandato
1704 2023 1834 2084 nomo
1848 2038 1908 2085 su-

477 2162 546 2238 per
565 2134 637 2211 boc
654 2134 764 2225 faeta,
779 2163 848 2241 per
863 2136 967 2212 curie
988 2152 1115 2214 nostre
1131 2136 1322 2244 judicium
1341 2136 1466 2214 dietus
1478 2134 1668 2213 tohannes
1681 2134 1753 2213 fuit
1771 2165 1793 2213 a
1812 2136 1908 2216 dicta

479 2264 712 2370 obligacione
731 2266 838 2345 mille
859 2265 1043 2345 libr-amm
1066 2267 1279 2357 absolutus,
1300 2266 1532 2373 hrenumque
1559 2265 1648 2343 dicti
1672 2265 1805 2345 fratres
1824 2296 1909 2345 oon-

478 2396 671 2505 dempnati
692 2397 794 2475 dioto
813 2398 976 2477 Jobanni
993 2398 1034 2475 in
1053 2415 1209 2475 centum
1225 2415 1265 2475 et
1275 2396 1445 2505 quinque
1459 2395 1592 2475 solidis
1607 2396 1905 2488 Turonensibus‚

477 2556 574 2635 quos
588 2528 776 2607 invenitur
790 2559 858 2638 per
871 2530 1010 2608 dictam
1024 2530 1238 2637 inquestam
1255 2528 1397 2605 dictum
1415 2526 1625 2607 Jobanuem
1639 2525 1725 2633 pius
1739 2528 1905 2615 solvisse,

479 2678 516 2736 et
535 2659 574 2735 in
594 2661 780 2769 sexaginta
799 2661 907 2739 libris
925 2660 1213 2738 Turonensibus
1237 2688 1307 2767 pro
1333 2657 1504 2765 dampnis
1529 2656 1784 2765 predictarum
1808 2661 1906 2737 saisi-

477 2818 637 2881 aarum„
645 2791 833 2869 solvendis
853 2792 978 2868 eidem
997 2790 1159 2868 Jobanni
1186 2792 1223 2867 in
1246 2789 1420 2897 pecunia,
1446 2817 1521 2895 que
1537 2787 1721 2868 eurrebat
1739 2807 1906 2898 tempore

383 2914 389 2925 ’
477 2920 680 2999 solucionis
702 2940 740 2998 et
759 2921 979 3000 saisinarum
998 2921 1271 3028 predictarum,
1290 2937 1328 2999 et
1344 2920 1392 2998 ad
1406 2917 1645 2997 reddendum
1660 2920 1788 2999 eidem
1803 2951 1905 3030 cyro-

476 3051 663 3159 graphum
681 3054 906 3159 predictum.
930 3055 987 3130 De
1008 3052 1092 3131 aliis
1115 3079 1203 3131 vero
1230 3081 1299 3159 per
1322 3052 1468 3128 dictum
1485 3049 1695 3129 Jobannem
1714 3080 1905 3160 snprape·

476 3184 569 3273 titis,
590 3181 745 3262 fuerunt
768 3185 857 3263 dicti
882 3186 1013 3262 fratres
1032 3213 1100 3292 per
1120 3184 1222 3261 idem
1244 3200 1370 3261 nostre
1391 3182 1493 3259 curie
1510 3181 1700 3289 judicium
1722 3182 1902 3271 absoluti,

476 3317 557 3397 aliis
573 3311 754 3432 judicatis
779 3318 879 3395 dicte
900 3316 1005 3393 curie
1025 3334 1154 3393 nostre
1176 3317 1274 3393 inter
1296 3314 1414 3392 dictas
1435 3328 1558 3420 partes
1579 3313 1690 3402 datis,
1712 3331 1751 3391 et
1766 3344 1835 3421 pro
1857 3316 1905 3393 al-

475 3468 555 3527 tera
573 3448 794 3529 earumdem
810 3467 940 3526 contra
956 3447 1100 3525 dictum
1115 3446 1364 3554 prepositum,
1386 3444 1667 3523 remanentibus
1690 3445 1730 3521 in
1752 3475 1818 3523 sua
1841 3446 1902 3522 fir·

474 3583 615 3661 mitate.

534 3718 639 3792 Lune
657 3731 744 3818 post
757 3715 893 3791 Ramos
912 3712 1137 3789 Palmariam.

533 3846 583 3921 M.
604 3847 644 3920 P.
666 3846 830 3950 Mangon
850 3848 1065 3948 reportavit.

529 4107 618 4186 XCI.
650 4105 735 4186 Lite
751 4124 870 4198 mota,
891 4107 931 4182 in
950 4135 1060 4185 causa
1080 4105 1349 4212 appellacionis
1366 4104 1407 4180 in
1425 4102 1529 4182 ouria
1544 4120 1687 4192 nostra,
1707 4104 1805 4181 inter
1825 4130 1902 4181 ma-

472 4241 631 4350 gistrum
650 4238 898 4319 Guillelmum
915 4239 963 4315 de
990 4237 1228 4345 Kanquanel‚
1244 4265 1287 4312 ex
1305 4253 1409 4342 parte
1432 4262 1526 4325 una,
1547 4254 1586 4315 et
1607 4234 1768 4313 Alanum
1791 4234 1903 4312 beau·

472 4372 667 4481 bourgois‚
699 4401 742 4448 ex
771 4370 905 4459 altera,
937 4398 1052 4477 super
1079 4396 1125 4446 eo
1152 4366 1258 4474 quod
1288 4366 1438 4445 dicebat
1466 4366 1589 4445 dictus
1614 4365 1754 4443 Alanus
1779 4366 1900 4471 quod,

472 4504 562 4610 ipsis
590 4502 824 4611 litigantibus
850 4528 975 4581 eoram
999 4499 1174 4608 gentibus
1200 4499 1306 4577 ducis
1330 4497 1536 4585 britannie,
1563 4498 1756 4605 petitaque
1782 4495 1829 4572 ab
1854 4524 1898 4573 eo

472 4635 655 4712 dilacione
675 4635 723 4712 ad
737 4632 957 4710 babendum
972 4658 1085 4709 suum
1105 4628 1324 4720 consilium,
1346 4626 1554 4707 secundum
1572 4627 1644 4706 ioci
1658 4625 1901 4706 consuetudi-

472 4792 574 4853 nem,
596 4781 727 4872 gentes
745 4764 837 4841 dicti
852 4763 976 4852 ducis,
991 4762 1065 4839 boc
1082 4760 1350 4839 nonobstante
1371 4777 1409 4838 et
1426 4786 1503 4837 non
1521 4779 1695 4837 contessa
1714 4756 1898 4836 dilacione

470 4894 657 5002 predicta,
679 4896 719 4970 in
738 4922 845 4972 eausa
864 4892 1030 5000 predicta
1047 4891 1334 4999 procedendum
1354 4918 1434 4968 esse
1450 4889 1655 4997 judicando
1675 4888 1899 4997 pronuncia-

470 5044 573 5118 runt;
595 5054 616 5103 a
640 5053 716 5133 quo
736 5026 925 5134 judicato,
945 5043 1124 5129 tanquam
1152 5022 1246 5101 falso
1271 5040 1309 5101 et
1331 5048 1460 5129 pravo,
1488 5021 1535 5098 ad
1560 5037 1726 5100 nostram
1753 5019 1898 5097 curiam
