4450 6209
515 676 587 753 tta
1088 680 1178 753 tas
1209 677 1351 753 Otltt.

288 837 418 891 Parum
431 834 473 899 tv,
513 840 599 929 post
618 839 656 900 et
675 840 803 901 contra
823 820 1066 899 interdictum
1078 840 1117 898 et
1129 820 1433 928 prohibicionem
1453 818 1717 933 praetonat
1728 821 1811 927 ipso
1827 822 1936 899 Petro

349 928 411 973 Μ’
514 955 552 1031 in
573 954 717 1032 dictum
737 954 919 1033 Garinum
940 970 977 1031 et
996 953 1087 1031 alios
1107 954 1147 1031 in
1167 952 1269 1045 dicto
1288 935 1547 1059 procuratorio
1567 968 1781 1044 contentos,
1802 978 1873 1029 seu
1889 951 1935 1030 ab

513 1086 657 1165 eisdem
678 1110 826 1163 causam
847 1084 1047 1173 hebentes,
1061 1083 1189 1175 lactas,
1202 1102 1241 1163 et
1260 1102 1471 1164 conuectos
1488 1111 1604 1191 super
1620 1085 1675 1162 eis
1688 1084 1842 1162 habitos
1854 1103 1935 1190 post

512 1216 657 1295 dictum
673 1216 933 1307 interdictum,
947 1214 1125 1295 declarari
1142 1222 1229 1295 esse‘
1237 1216 1375 1306 nullos,
1393 1233 1433 1295 et
1442 1216 1559 1295 dictas
1569 1216 1798 1295 hereditates
1807 1215 1935 1293 adeas

512 1349 600 1426 dem
615 1348 805 1455 pertinere
826 1346 984 1436 debore,
1008 1364 1045 1425 et
1063 1348 1187 1426 dictos
1207 1364 1396 1453 emptores
1415 1346 1463 1423 ad
1480 1346 1763 1426 restitucionem
1777 1346 1934 1453 premis-

510 1508 637 1558 sorum
653 1478 724 1557 sibi
740 1478 1028 1584 condempnari,
1043 1506 1116 1558 una
1133 1505 1220 1557 cum
1235 1477 1420 1559 trucnbus
1431 1478 1521 1563 iude
1532 1477 1767 1586 perceptiset
1777 1478 1846 1584 qui
1859 1503 1935 1583 per·

511 1611 583 1717 cipi
604 1626 835 1719 potuerunt,¹
848 1609 949 1687 dicto
969 1608 1128 1699 Garino,
1147 1609 1303 1688 nomine
1315 1638 1395 1717 quo
1412 1598 1543 1717 supra,
1558 1607 1692 1686 multis
1703 1609 1931 1695 nacionibus,

512 1742 659 1820 dicente
676 1741 856 1848 premissa
876 1738 960 1817 fieri
980 1768 1057 1818 non
1082 1741 1239 1831 debere,
1262 1760 1301 1821 et
1316 1741 1423 1848 quod
1443 1741 1566 1819 dictus
1580 1741 1729 1831 Petrus,
1745 1757 1827 1819 toto
1844 1757 1934 1816 tem·

510 1872 601 1979 pore
621 1872 696 1950 vite
710 1900 794 1962 suc,
811 1870 1074 1949 nonobstante
1091 1871 1192 1949 dicto
1212 1872 1435 1965 interdicto,
1451 1873 1481 1951 si
1500 1894 1668 1979 unquam
1684 1871 1825 1949 lactum
1842 1871 1930 1959 luit,

511 2004 713 2093 vendebat,
739 1998 904 2093 emebat,
927 2018 966 2079 et
990 2001 1079 2081 alias
1104 2001 1363 2093 contrahebat,
1385 2021 1564 2110 tanquam
1585 1999 1771 2079 discretus
1790 2020 1830 2079 et
1850 2001 1933 2077 dili-
2006 2097 2010 2105 .

510 2162 603 2243 gens
622 2164 749 2213 rerum
766 2161 920 2214 suarum
937 2133 1228 2223 administrator,
1247 2150 1285 2211 et
1296 2134 1543 2243 quodgantes
1555 2134 1701 2213 domini
1715 2134 1829 2245 Regis
1847 2162 1931 2211 con·

509 2283 650 2346 tractus
662 2267 763 2373 ipsos
777 2264 989 2373 sigillabant
1000 2282 1133 2343 etcum
1150 2263 1286 2343 eodem
1297 2265 1585 2358 contrahebant,
1600 2267 1710 2355 item,
1722 2266 1830 2374 quod
1845 2293 1933 2343 uxor

509 2400 628 2505 ipsius
647 2399 748 2477 Petri
770 2398 879 2477 dictis
897 2398 1152 2476 contractibus
1173 2420 1285 2475 suum
1308 2397 1462 2504 prebuit
1479 2424 1690 2488 mensum
1711 2398 1807 2476 lacta
1824 2399 1932 2506 igitur

509 2558 623 2637 super
643 2530 836 2636 premissis
859 2530 1047 2636 inquesta,
1068 2530 1192 2608 dictus
1209 2529 1386 2619 ballivus,
1405 2556 1474 2637 per
1494 2555 1606 2607 suum
1622 2528 1833 2638 judicium,
1850 2558 1932 2638 pro·

510 2662 699 2739 nunciavit
719 2661 835 2741 dictas
854 2660 1074 2771 domicellos
1092 2661 1348 2765 intencionem
1361 2686 1468 2740 suam
1485 2690 1601 2769 super
1619 2662 1694 2740 hiis
1708 2662 1931 2740 sufficienter

510 2792 739 2900 probavisse,
757 2809 795 2869 et
808 2790 1062 2879 vendiciones,
1079 2793 1381 2896 permutaciones
1393 2821 1461 2871 seu
1475 2792 1725 2871 alienaciones
1735 2794 1928 2900 predictas,

510 2939 722 3001 contractus
746 2920 935 3029 predictos
958 2921 1097 2999 dehere
1117 2921 1285 3001 totaliter
1308 2922 1485 3014 anullari,
1507 2943 1546 3003 et
1565 2925 1683 3002 dictas
1706 2924 1930 3005 hereditates

510 3052 649 3131 dehere
665 3053 799 3132 reverti
813 3053 852 3131 in
869 3068 967 3131 statu
981 3052 1050 3131 illo
1070 3053 1109 3129 in
1131 3071 1331 3161 quoerant
1344 3071 1515 3162 tempore
1530 3056 1716 3135 dictamm
1734 3056 1930 3136 alienacio·

508 3212 600 3263 num
621 3200 659 3263 et
678 3202 937 3264 contractuum
953 3184 1227 3291 predictorum,
1251 3210 1328 3263 non
1342 3184 1579 3267 obstantibus
1591 3188 1795 3297 propositis
1809 3218 1854 3267 cx
1868 3190 1929 3266 ad·

506 3342 631 3406 verso,
655 3344 676 3393 a
700 3344 776 3423 quo
796 3315 984 3424 judicato,
1012 3333 1192 3422 tanquam
1216 3314 1309 3394 falso
1334 3331 1374 3395 et
1394 3342 1523 3422 pravo,
1550 3317 1674 3397 dictus
1697 3320 1860 3399 Garinus
1882 3318 1928 3396 ad

508 3463 674 3525 nostram
685 3446 845 3545 curiam,
858 3474 935 3553 quo
949 3474 1062 3553 supra
1074 3446 1246 3539 nomine,
1259 3446 1474 3554 appellavitt
1486 3449 1636 3527 Auditis
1643 3450 1761 3557 igitur
1768 3451 1809 3528 in
1823 3477 1928 3529 causa

507 3576 606 3655 dicte
632 3576 901 3684 appellacionis
919 3576 1098 3684 predictis
1121 3577 1307 3684 partibus,
1329 3595 1370 3657 et
1389 3606 1519 3657 earum
1543 3580 1758 3659 racionihns
1780 3582 1927 3688 plenius

505 3707 727 3800 intellectis,
750 3736 793 3785 ac
808 3709 887 3784 viso
908 3708 1110 3815 diligenter
1122 3734 1299 3813 processu
1319 3708 1506 3815 predicto,
1518 3738 1588 3817 per
1605 3713 1709 3790 curie
1726 3731 1854 3791 nostre
1866 3714 1926 3821 ju·

506 3837 648 3915 dicium
665 3839 809 3916 dictum
823 3834 897 3915 suit
910 3838 1122 3945 predictum
1141 3837 1321 3917 ballivum
1338 3841 1438 3919 hene
1450 3841 1640 3949 judicasse
1653 3861 1693 3922 et
1705 3845 1850 3923 dictum
1860 3844 1914 3925 Ga

504 3970 652 4061 riuum,
672 3999 750 4079 quo
767 3998 878 4079 supra
894 3971 1065 4059 nomine,
1083 3970 1182 4050 male
1203 3972 1426 4079 appellasse,
1442 3992 1481 4053 et
1500 3975 1606 4083 quod
1618 3976 1699 4084 ipse
1713 3978 1788 4057 hoc
1802 4005 1925 4056 emen*

504 4101 621 4180 dabit.

558 4233 755 4311 Dominica
777 4252 862 4342 post
876 4236 1136 4315 Candelosam.

558 4366 658 4473 Roya
678 4367 893 4473 reportavit.
1085 4364 1086 4367 ’

1388 4520 1408 4555 O

554 4628 697 4707 XXXV.
727 4629 810 4707 Lite
832 4648 934 4707 mota
949 4654 1076 4710 coram
1095 4630 1236 4712 ballivo
1253 4633 1528 4726 Aurelianensi,
1550 4635 1917 4724 interBeuedictam,

499 4756 665 4835 relictam
686 4760 881 4837 Benedicti
903 4760 950 4838 de
971 4761 1147 4853 Gontart,
1169 4780 1208 4841 et
1229 4764 1370 4855 liberos
1389 4766 1579 4874 ejusdem,
1597 4786 1764 4876 ex'parte
1777 4797 1868 4859 una,
1887 4785 1922 4845 et

500 4914 601 4964 nunc
619 4888 842 4969 defunctum
860 4892 1072 4971 Johannem
1101 4893 1137 4971 le
1166 4895 1304 4987 Picnrt,
1327 4897 1421 4975 dum
1439 4898 1594 4992 viveret,
1616 4916 1655 4977 et
1669 4899 1856 4977 Th0mam
1876 4898 1919 4974 de

500 5018 707 5125 Magduno,
723 5020 1016 5131 ejus-generum,
1030 5054 1074 5103 ex
1093 5025 1223 5117 altera,
1238 5046 1352 5134 super
1370 5056 1417 5107 eo
1436 5030 1540 5137 quod
1560 5029 1657 5110 dicta
1671 5030 1873 5109 benedicta
1885 5045 1920 5106 et
