4450 6209
752 714 1021 824 uaoutrns
1046 734 1112 807 ur
1138 713 1344 809 raucus.
1682 737 1756 812 aaa

337 876 571 957 Bernardnm
585 877 634 955 dc
648 876 817 986 Campis,
833 874 976 953 incolas
994 875 1043 954 de
1061 874 1216 968 Villata,
1230 893 1385 983 propter
1404 877 1606 984 quamdam
1625 880 1757 986 conju·
1795 890 1924 945 aarum
1943 892 1986 956 lt,

336 1010 527 1087 racionem
541 1036 655 1116 quam
672 1008 745 1116 ipsi
758 1007 889 1086 fecisse
899 1006 1134 1109 dicebantur,
1148 1034 1342 1114 perquam
1357 1038 1397 1088 se
1412 1009 1572 1089 invicem
1582 1010 1756 1089 astrinxe-
1856 982 1918 1027 Μ’

333 1157 420 1218 rant
428 1140 647 1249 juramento
655 1138 761 1248 quod
773 1155 902 1217 contra
914 1165 1048 1216 omncs
1062 1137 1238 1216 homines
1251 1138 1300 1216 de
1314 1140 1459 1219 mundo
1474 1142 1644 1249 expensis
1658 1169 1756 1221 com·

333 1270 516 1349 munibus
537 1298 579 1350 se
597 1270 773 1379 juvarent
786 1329 800 1359 ,.
818 1287 874 1360 et,
896 1296 966 1375 pro
985 1296 1096 1376 posse
1113 1297 1201 1358 suo,
1226 1269 1354 1347 uillam
1371 1270 1420 1349 dc
1438 1272 1590 1365 Villata,
1616 1301 1689 1383 que
1714 1274 1754 1351 in

331 1401 466 1480 vicaria
484 1399 652 1480 'l'holose
670 1398 793 1508 posita
812 1399 1014 1477 inmediate
1035 1417 1074 1477 et
1093 1399 1134 1476 in
1152 1399 1320 1479 solidum
1334 1401 1446 1480 nobis
1464 1403 1594 1483 subest
1608 1403 1754 1483 bastidc

331 1530 665 1639 Sancti-Sulpicii,
689 1530 797 1639 cujus
818 1558 905 1638 pars
928 1528 1056 1607 media
1079 1528 1129 1607 ad
1148 1557 1218 1609 nos
1241 1547 1280 1607 ct
1302 1560 1387 1637 pars
1411 1532 1483 1611 alia
1507 1534 1556 1613 ad
1570 1533 1754 1642 hospitale

331 1661 649 1742 Sanctidohannis
661 1660 965 1769 lerosolymitani
978 1658 1146 1737 noscitur
1159 1660 1362 1766 pertinere,
1377 1663 1418 1739 in
1429 1664 1547 1741 nostri
1556 1665 1654 1773 juris
1668 1692 1755 1772 prc-

304 1792 513 1899 .judieium
538 1792 754 1871 subicerent
778 1789 818 1865 in
842 1788 1067 1899 octingentis
1094 1787 1201 1867 libris
1227 1790 1460 1871 Turonensis
1483 1808 1636 1873 monete
1661 1811 1753 1873 amc

330 1922 533 2012 currentis,
556 1921 667 2000 nobis
685 1918 932 2029 applicandis,
949 1946 1018 2026 per
1035 1948 1142 1997 suam
1163 1917 1398 1997 diffinitivam
1419 1922 1648 2000 sentenciam
1667 1950 1752 2003 con·

330 2052 587 2162 dampnasset,
608 2052 735 2130 dictus
745 2048 934 2128 Amaldus
953 2047 1105 2139 Briscti,
1118 2077 1187 2129 suo
1201 2066 1240 2127 ct
1259 2048 1451 2129 dictorum
1469 2051 1751 2160 conjuratorum

328 2202 621 2292 concentumque
646 2210 803 2262 suonam
821 2180 1080 2288 procuratorio
1099 2180 1274 2271 nomine,
1296 2182 1344 2261 ad
1365 2182 1508 2261 curiam
1526 2182 1753 2289 appellacio-

327 2342 423 2394 num
438 2315 692 2393 Tholosanam
716 2342 737 2390 a
754 2312 854 2391 dicta
871 2311 1062 2391 sentencia
1079 2310 1297 2419 appellavit,
1315 2312 1435 2420 judex
1454 2332 1549 2391 vero
1566 2314 1666 2393 dicte
1690 2344 1751 2395 cu-

325 2445 381 2525 rie
397 2446 696 2554 appellaeionum
705 2508 719 2537 „
729 2443 770 2521 in
782 2442 881 2521 dieu
895 2470 1006 2522 musa
1019 2440 1285 2552 appellacionis
1299 2442 1524 2550 procedens,
1538 2444 1689 2553 cognito
1700 2445 1748 2523 dc

325 2604 369 2657 ea
387 2594 426 2656 et
443 2579 484 2655 in
504 2604 548 2656 ea
563 2575 759 2669 concluso,
781 2603 824 2651 ac
841 2572 1013 2681 predicto
1033 2572 1201 2653 Amaldo
1220 2574 1448 2655 sentenciam
1463 2573 1551 2653 ferri
1572 2603 1657 2653 curn
1673 2575 1748 2653 ins-

323 2709 445 2789 tancia
464 2708 698 2817 postulante,
716 2705 925 2814 predictam
944 2704 1035 2783 dicti
1057 2704 1183 2784 vicarii
1203 2706 1433 2785 sentenciam
1452 2706 1704 2797 confirmavit3
1726 2736 1749 2783 a

324 2867 400 2947 qua
424 2837 614 2919 sentencia
638 2836 916 2951 confirmatoria
941 2836 1065 2915 dictus
1082 2833 1271 2915 Arnaldns
1289 2836 1442 2929 Briseti,
1460 2866 1533 2919 suo
1554 2856 1592 2917 ct
1609 2866 1746 2945 procu-

321 2971 462 3049 ratorio
478 2971 634 3049 nomine
648 2997 726 3077 qno
739 2998 868 3077 supra,
882 2969 1016 3047 iterato
1035 2966 1084 3046 nd
1098 2984 1266 3047 posnam
1285 2969 1427 3047 curiam
1445 2968 1666 3076 appellavit:
1683 2969 1747 3049 Vi-

320 3100 371 3180 sis
384 3101 501 3212 igitur
518 3130 587 3209 par
602 3101 746 3180 curiam
759 3116 927 3178 nostram
943 3099 1140 3205 utriusque
1156 3127 1264 3177 cause
1280 3099 1535 3205 processibus,
1554 3126 1623 3206 per
1642 3101 1746 3179 curie

303 3245 448 3311 ‘nostre
461 3231 669 3340 judicium,
690 3230 834 3309 dictum
848 3228 922 3306 fuit
934 3229 1124 3336 predictos
1137 3228 1317 3307 vicariurn
1333 3247 1371 3307 ct
1385 3230 1556 3337 judicem
1570 3229 1669 3308 hene
1679 3230 1746 3338 ju-

322 3364 462 3443 dicasse
486 3383 525 3442 et
547 3364 690 3441 dictum
716 3360 971 3468 appadantem
995 3359 1094 3438 male
1114 3358 1336 3466 appellasse,
1359 3375 1397 3439 ct
1414 3360 1521 3467 quod
1541 3360 1640 3439 dicta
1660 3388 1743 3437 con-

321 3493 550 3601 dempnacio
565 3491 809 3571 mandabitur
828 3490 1060 3569 exconcioni..

375 3626 435 3705 De
451 3626 560 3734 cujus
576 3622 770 3703 solucione
789 3621 949 3701 lecimus
967 3620 1129 3729 graciam
1150 3618 1255 3725 quod
1277 3644 1344 3725 pcr
1362 3620 1548 3700 terminos
1566 3620 1741 3711 solvatur,

318 3755 495 3836 videlicet
512 3784 580 3863 per
597 3771 762 3863 qrratuor
779 3778 916 3844 annos,
937 3748 1112 3858 quolibet
1133 3775 1231 3825 anno
1252 3747 1421 3827 ducente.
1434 3747 1532 3832 libre
1544 3752 1742 3829 Turonen-

318 3889 369 3967 sis
381 3902 536 3965 monete
549 3902 643 3963 tunc
652 3884 853 3972 currentis,
863 3881 984 3989 prima
996 3908 1088 3991 paga
1104 3880 1145 3959 in
1158 3879 1313 3957 instanti
1328 3878 1423 3959 festo
1437 3880 1746 3962 OmniumSanc*
1814 3960 1816 3966 ,

316 4003 443 4096 tolum
459 4016 675 4123 incipiente.
1098 4021 1100 4025 ’
1916 3986 1922 3995 .

372 4147 571 4229 Dominica
589 4164 675 4254 post
692 4143 841 4223 octabas
853 4142 1005 4221 Pascha.

225 4372 229 4380 Ι
371 4277 416 4359 G.
437 4280 488 4357 dc
506 4279 602 4357 Usco
615 4274 834 4386 reportavit.
882 4328 885 4335 -

371 4536 464 4622 XCV
467 4544 495 4620 1.
527 4541 645 4631 Cum,
660 4533 970 4618 informacionem
989 4531 1212 4644 quamdam,
1232 4532 1281 4613 ad
1298 4533 1518 4614 instanciam
1539 4531 1739 4623 consulum

313 4671 770 4760 caturcensiumtaeum,
793 4696 907 4776 snper
926 4695 972 4745 co
990 4666 1097 4776 quod
1116 4665 1186 4774 ipsi
1214 4665 1389 4743 dicebant
1411 4662 1584 4773 bajulum
1604 4662 1738 4743 Catur-

313 4831 464 4881 ceasem
477 4801 518 4879 in
537 4802 700 4880 novitate
722 4828 789 4879 sua
809 4797 949 4878 debere
969 4798 1059 4904 ipsis
1073 4796 1299 4905 presentari,
1319 4810 1522 4873 etcertum
1542 4793 1596 4871 cis
1616 4790 1737 4873 iacere

309 4937 580 5045 juramentum,
592 4933 663 5040 ipsi
676 4930 851 5010 consules
860 4930 980 5009 videri
993 4945 1169 5037 peterent
1184 4944 1221 5005 ct
1227 4926 1408 5035 judicari,
1425 4942 1463 5005 at
1478 4953 1498 5003 a
1512 4940 1643 5003 contra
1654 4953 1737 5031 pro·
1833 5014 1842 5031 .

314 5083 463 5146 curator
482 5065 645 5175 episcopi
664 5062 918 5155 Caturcensis,
935 5060 985 5139 ad
998 5059 1115 5141 linem
1132 5057 1327 5139 anrrllandi
1343 5057 1481 5139 dictam
1496 5054 1735 5135 informacio-
