4450 6209
768 722 1052 845 ‚nuousrss
1078 740 1142 815 ar
1168 724 1376 816 raocns.
1714 742 1788 821 aas

372 882 561 963 defensam
576 886 646 965 rite
662 886 807 995 etjuste
828 885 940 965 brisso
962 885 1086 965 datam
1107 900 1146 966 et
1163 910 1392 973 concessam,
1408 900 1448 962 et
1463 883 1584 964 dictos
1599 885 1789 994 appellan-
1825 899 1955 955 Psuuu
1967 900 2011 967 tv,

367 1036 425 1097 tes
442 1018 540 1097 male
555 1018 778 1127 appellasse,
797 1035 835 1096 et
846 1017 951 1125 quod
964 1016 1062 1095 dicta
1078 1016 1230 1093 marcha
1245 1044 1314 1095 seu
1329 1015 1481 1095 defensa
1498 1015 1788 1095 demandabitur
1887 992 1949 1036 m

370 1149 686 1242 erecueioni,non
697 1146 930 1229 obstantibus
944 1144 1200 1253 appellacione
1213 1163 1251 1225 et
1261 1145 1343 1225 aliis
1354 1147 1554 1254 propositis
1567 1174 1610 1224 ex
1620 1146 1787 1227 adverso.

425 1281 467 1359 ln
486 1279 628 1357 octabis
647 1280 798 1361 Pascbe.

427 1412 528 1517 Roya
547 1410 762 1517 reportavit.

427 1672 502 1753 XC.
533 1673 630 1752 Cum
649 1675 837 1754 lohannes
853 1674 1037 1755 Peissonis
1058 1690 1096 1751 et
1116 1672 1336 1781 Aymericus
1359 1672 1407 1751 de
1426 1671 1576 1761 Castro,
1593 1672 1690 1751 cives
1706 1672 1810 1752 Can'

371 1830 624 1895 cassonenscs,
647 1834 773 1885 coram
793 1805 997 1885 senescallo
1015 1802 1260 1883 Belli-Cadri
1283 1801 1566 1909 proposuissent
1585 1802 1688 1909 quod
1710 1804 1793 1884 Mu-

371 1935 451 2012 cius
473 1936 666 2015 sarraceni
692 1954 731 2014 et
753 1935 1004 2043 Blanquinus,
1032 1934 1113 2039 ejus
1139 1932 1242 2013 lilius
1268 1910 1540 2040 emancipatus,
1566 1951 1794 2013 mercatores

371 2062 596 2157 Florentini,
622 2067 725 2175 apud
751 2070 981 2147 Nemausum
1014 2065 1107 2147 olim
1134 2080 1425 2153 commorantes,
1451 2080 1559 2143 erant
1580 2062 1724 2143 eisdem
1753 2064 1793 2141 i'n

372 2194 523 2275 duobus
549 2195 719 2275 millibus
746 2194 853 2276 libris
881 2197 1169 2276 Turonensibus
1192 2194 1391 2279 efficaciter
1415 2192 1587 2301 obligati,
1615 2221 1657 2271 ex
1683 2222 1792 2271 causa

372 2327 595 2405 commando
617 2326 761 2407 eisdem
779 2324 889 2417 facte,
907 2326 1231 2432 promiseruntque
1255 2322 1399 2407 eisdem
1419 2352 1460 2403 se
1480 2323 1618 2401 dictarn
1633 2325 1792 2429 pecunie

370 2484 558 2535 summam
584 2457 686 2564 apud
705 2458 934 2537 Nemausum
957 2456 1169 2546 soluturos,
1191 2455 1262 2563 ipsi
1280 2471 1424 2543 tamen,
1448 2482 1536 2531 cum
1559 2453 1674 2535 rebus
1697 2456 1790 2546 suis,

371 2586 487 2666 fracto
507 2604 649 2667 arrecto
670 2605 800 2667 nostro
818 2604 973 2693 propter
995 2588 1069 2665 hoc
1087 2614 1201 2694 super
1221 2586 1277 2664 eis
1294 2582 1407 2677 lacto,
1432 2582 1480 2664 de
1499 2610 1616 2691 regno
1637 2585 1792 2664 Francis

370 2716 608 2826 aufugerant,
629 2735 668 2797 et
687 2718 735 2797 ad
754 2718 1005 2807 Florenciam,
1030 2746 1140 2799 causa
1157 2718 1213 2799 ibi
1234 2715 1425 2805 morandi,
1446 2742 1485 2792 se
1503 2716 1790 2807 transtulerant;

370 2850 654 2955 proposuissent
669 2850 785 2929 eciam
798 2848 905 2956 quod
917 2866 1097 2955 potestas,
1116 2849 1331 2955 capitaneus
1350 2863 1389 2923 et
1407 2845 1551 2951 priores
1561 2844 1791 2939 Florentini,

371 3007 439 3086 per
450 2997 594 3058 nostras
607 2997 647 3058 et
657 2978 851 3061 senescalli
866 2980 1025 3087 predicti
1046 2979 1205 3068 litteras,
1221 2976 1404 3087 legittime
1419 2993 1459 3053 et
1473 2976 1657 3053 instanter
1668 2978 1795 3083 requi·

369 3109 431 3186 siti
448 3126 494 3186 ut
513 3109 632 3187 diuos
651 3110 822 3189 Mucium
843 3126 884 3185 et
903 3110 1179 3215 Blanquinum,
1199 3108 1296 3185 cives
1315 3134 1420 3195 suos,
1443 3106 1546 3213 apud
1564 3108 1793 3186 Nemausum

371 3238 625 3327 remitterent,
648 3237 811 3317 facturos
831 3239 936 3344 quod
951 3240 1101 3346 justicia
1119 3237 1313 3328 suaderet,
1329 3254 1406 3315 tam
1421 3264 1534 3341 super
1548 3234 1728 3315 fractione
1743 3266 1795 3315 ar·

369 3370 459 3447 resti
470 3368 628 3475 predicti
640 3396 756 3477 quam
768 3395 881 3474 super
895 3368 996 3448 dicto
1013 3368 1162 3457 debito,
1179 3365 1384 3456 noluerunt
1396 3366 1471 3443 hoe
1487 3364 1624 3457 facere,
1640 3394 1794 3474 respon-

373 3500 505 3578 dentes
518 3499 622 3606 quod
642 3499 691 3577 de
707 3499 780 3580 boc
800 3498 916 3579 nichil
930 3497 1112 3589 facerent,
1132 3514 1277 3575 nostras
1295 3514 1333 3574 et
1346 3494 1538 3575 senescalli
1554 3494 1712 3603 predicti
1731 3494 1794 3573 lit·

370 3648 467 3709 teras
480 3630 702 3723 retinentes,
717 3630 1001 3738 proposuissent
1018 3630 1136 3709 eciam
1148 3628 1270 3736 quod,
1284 3626 1452 3705 mcundo
1465 3654 1534 3733 per
1545 3626 1687 3704 litteras
1701 3626 1791 3708 dicti

372 3760 581 3851 senescalli,
596 3762 851 3868 incorporatus
867 3761 905 3837 in
927 3761 1071 3839 eisdem
1091 3758 1231 3847 nostris
1252 3755 1404 3846 litteris,
1418 3784 1532 3862 super
1548 3756 1726 3863 predictis
1746 3756 1794 3835 ad

374 3889 517 3969 dictum
530 3888 777 3969 senescallum
786 3890 927 3980 missis,
942 3891 1042 3969 inter
1055 3906 1178 3967 cetera
1189 3886 1470 3966 continentibus
1482 3871 1605 3991 quod,
1620 3885 1693 3963 nisi
1704 3887 1794 3965 dicti
1870 3877 1872 3880 ⁵

372 4036 550 4127 pensas,
572 4022 786 4129 capitaneus
805 4036 844 4098 et
855 4021 1002 4127 priores
1015 4018 1243 4110 Florentini,
1261 4046 1330 4126 per
1343 4017 1486 4095 litteras
1499 4015 1589 4095 dicti
1600 4017 1794 4096 senescalli

372 4151 562 4259 requisiti,
579 4152 686 4259 quod
706 4152 827 4229 dictos
846 4152 1016 4231 Mucium
1038 4168 1076 4229 et
1088 4149 1345 4256 Blanquinum
1363 4148 1538 4226 Nemansi
1557 4148 1795 4227 remitterent

372 4310 486 4392 super
508 4282 686 4392 predictis
704 4281 783 4390 juri
806 4280 1011 4388 parituros,
1035 4297 1162 4387 aperte
1187 4280 1309 4357 dictus
1332 4277 1557 4355 senescallus
1582 4277 1795 4384 prediceret

373 4414 515 4495 eisdem
534 4414 657 4524 quod,
675 4412 800 4491 dando
818 4428 858 4493 et
876 4410 1326 4496 concedendomarcham
1338 4425 1378 4497 et
1391 4408 1473 4487 aliis
1482 4407 1581 4514 juris
1594 4407 1791 4494 remediis,

372 4543 1129 4653 procederctcontraipsosjuxtalormaro
1140 4541 1326 4627 betarum
1338 4538 1549 4620 litterarum
1559 4555 1791 4628 nostrarum,

372 4677 543 4783 requisiti
563 4676 668 4784 quod
694 4675 820 4755 dictos
833 4676 1005 4759 Mucium
1022 4692 1060 4753 et
1074 4673 1352 4779 Blanquinum,
1375 4670 1471 4748 cives
1490 4696 1598 4768 suos,
1617 4670 1795 4749 Nemausi

374 4806 610 4893 ‘remitterent
624 4807 702 4915 juri
722 4807 926 4914 parituros,
947 4806 1156 4893 noluerunt
1175 4805 1250 4881 boc
1272 4801 1412 4894 lacere,
1435 4800 1552 4880 dictas
1576 4799 1717 4879 litteras
1736 4829 1795 4879 se-

374 4936 524 5017 nescalli
539 4940 657 5021 nostri
672 4940 877 5019 retinentes
889 4974 899 5031 ς
913 4954 1085 5046 petentes
1101 4934 1192 5016 dicti
1213 4934 1404 5011 lohannes
1418 4949 1457 5011 et
1471 4931 1689 5040 Aymericus
1701 4960 1723 5008 a
1737 4960 1795 5009 se-

375 5068 537 5157 nescallo
549 5070 718 5176 predicto
730 5071 850 5179 quod,
866 5098 956 5157 cum
967 5068 1058 5148 dicti
1068 5082 1246 5185 potestas
1268 5064 1496 5172 capitaneus,
1512 5064 1703 5171 etpriorcs
1713 5061 1795 5138 Flo

483 5242 533 5285 aas
554 5242 640 5285 ostar.
663 5243 708 5286 111.
1648 5220 1688 5286 Ma
