4450 6209
690 829 697 842 ,
778 737 1043 844 suoutrss
1068 755 1132 827 sr
1158 735 1363 829 proces.
1709 756 1781 828 cor

363 921 440 972 non
465 893 604 988 existit,
626 895 885 982 omnimodam
910 896 1022 974 altam
1044 914 1084 974 et
1100 897 1246 975 bassam
1262 895 1452 1004 justiciam
1471 896 1512 972 in
1542 896 1644 973 dicto
1665 913 1784 974 castro
1822 904 1953 958 esrum
1966 905 2010 967 lv.

363 1042 402 1102 et
414 1025 495 1131 ejus
503 1026 762 1131 pertinenciis,
779 1044 978 1135 essentque
990 1027 1029 1104 in
1041 1029 1278 1136 possessione
1291 1027 1461 1138 ejusdem
1469 1028 1639 1136 justicie,
1654 1044 1785 1135 gentes
1884 993 1948 1037 lm

363 1171 490 1234 nostre
512 1157 703 1235 senescalli
719 1158 990 1250 Ruthenensis‚
1010 1160 1058 1237 de
1073 1162 1310 1268 possessione
1331 1159 1430 1238 dicte
1440 1159 1611 1268 justicie,
1630 1177 1784 1266 excepto

364 1286 448 1366 loco
464 1286 529 1394 qui
550 1306 606 1366 est
625 1289 722 1367 infra
738 1290 946 1370 clausuram
968 1291 1061 1369 dicti
1081 1293 1208 1381 castri,
1228 1293 1307 1369 sine
1325 1319 1435 1368 cause
1451 1292 1687 1399 cognicione,
1712 1290 1787 1367 dis·

365 1417 565 1496 saisierunt
592 1422 746 1500 eosdem
776 1440 816 1501 et
839 1423 1011 1502 detinent
1031 1423 1255 1513 dissaisitos,
1285 1441 1323 1500 et
1340 1422 1438 1499 infra
1464 1421 1675 1499 clausuram
1700 1450 1787 1526 pre·

366 1547 502 1625 dictam
525 1568 694 1630 nostram
721 1553 886 1632 assisiam
912 1571 1121 1632 tenuerunt
1149 1553 1321 1631 indebite
1342 1552 1448 1630 etde
1473 1580 1587 1641 novo,
1602 1579 1705 1640 enos,
1738 1552 1788 1628 ad

365 1706 498 1756 eorum
524 1681 762 1774 instanciam,
782 1702 860 1763 tres
878 1686 1162 1764 commissiones
1187 1684 1391 1762 senescallo
1419 1683 1651 1761 Ruthenensi
1677 1711 1789 1788 super

365 1807 439 1887 hoc
467 1811 637 1892 misimus
663 1816 884 1906 successive,
907 1817 1128 1895 mandantes
1148 1817 1280 1894 eidem>
1295 1815 1400 1922 quod
1420 1814 1468 1892 de
1487 1812 1698 1920 premissis,
1725 1841 1789 1890 vo-

364 1957 446 2018 cato
461 1935 702 2050 procuratore
719 1963 848 2024 nostro
865 1963 906 2023 et
921 1946 1003 2024 aliis
1018 1948 1232 2036 evocandis,
1250 1975 1400 2038 necnon
1419 1974 1534 2052 super
1550 1944 1675 2022 valore
1695 1944 1786 2022 dicti

364 2071 473 2148 castri
501 2089 539 2150 et
565 2075 882 2181 pertinenciarum
910 2077 1095 2185 ejusdem,
1123 2097 1161 2155 et
1189 2096 1317 2156 utrum
1347 2077 1511 2184 quedam
1537 2076 1784 2183 composicio,

364 2231 478 2310 quam
508 2207 670 2310 predicti·
698 2200 917 2285 condomini
951 2208 1040 2285 dicti
1056 2210 1178 2287 castri
1206 2208 1406 2286 nobiscum
1434 2207 1562 2284 facere
1589 2207 1785 2295 volebant,

363 2351 506 2436 posset,
530 2335 611 2413 sine
629 2355 758 2416 nostro
780 2355 819 2416 et
842 2339 965 2417 alieno
987 2340 1209 2447 prejudicio,
1235 2338 1335 2430 lieri,
1364 2339 1557 2416 veritatem
1579 2336 1789 2444 inquireret

366 2465 578 2574 diligenter,
602 2487 640 2547 et
663 2471 879 2578 inquestam
896 2499 1011 2579 quam
1033 2472 1122 2550 inde
1146 2472 1285 2550 laceret
1307 2473 1355 2550 ad
1375 2489 1542 2550 nostram
1561 2470 1706 2547 curiam
1730 2497 1788 2546 re-

363 2598 535 2675 mitteret
550 2597 823 2706 judicandam:
850 2604 959 2679 Facta
983 2601 1100 2709 igitur
1125 2602 1298 2710 inquesta
1322 2631 1435 2708 super
1458 2602 1650 2709 premissis
1676 2618 1715 2678 et
1739 2600 1788 2677 ad

364 2745 530 2806 nostram
549 2731 690 2808 curiam
713 2750 900 2838 reportata
918 2762 961 2811 ac
980 2734 1183 2840 diligenter
1201 2734 1385 2840 inspecta,
1407 2732 1496 2838 quia
1515 2762 1584 2839 per
1604 2761 1687 2811 eam
1707 2761 1786 2810 non

363 2878 517 2967 apparet
544 2863 649 2968 quod
662 2844 664 2850 ¹
679 2864 798 2941 vocati
828 2863 970 2943 firerim
997 2864 1045 2942 ad
1073 2866 1146 2942 hoc
1173 2880 1394 2973 procurator
1417 2880 1546 2940 noster
1569 2881 1608 2940 et
1632 2862 1695 2939 alii
1719 2864 1786 2969 qui

362 2989 513 3070 fuerant
531 2995 728 3085 evocandi,
751 3023 823 3073 nec
841 2995 918 3073 litis
938 2997 1255 3075 contestacionem
1280 2996 1320 3072 in
1343 3023 1386 3072 ea
1405 2993 1521 3074 firisse
1543 2992 1694 3083 lacum,
1716 3022 1788 3070 nec

362 3123 529 3202 articulis
556 3126 873 3204 condominorum
898 3127 1159 3232 predictorum
1183 3144 1313 3204 contra
1334 3154 1403 3203 nos
1428 3124 1577 3203 traditis
1609 3151 1678 3231 per
1700 3152 1788 3230 pro-

364 3269 575 3332 curatorem
599 3273 770 3334 nostrum
790 3255 905 3353 luisse
924 3283 1167 3363 responsum,
1189 3258 1307 3333 immo
1323 3255 1420 3363 juris
1441 3255 1615 3332 ordinem
1634 3253 1675 3330 in
1695 3253 1788 3331 mul-

364 3385 413 3462 tis
431 3384 513 3464 aliis
527 3414 604 3463 non
622 3386 736 3464 fuisse
755 3401 959 3477 servatum,
978 3415 1047 3494 per
1063 3387 1166 3465 curie
1185 3401 1313 3465 nostre
1329 3385 1534 3494 judicium,
1551 3382 1789 3468 dictumsuit

365 3517 571 3624 predictam
591 3516 972 3623 inquestamdebsre
995 3515 1097 3596 refici
1118 3545 1186 3623 per
1207 3534 1330 3596 certos
1349 3515 1622 3594 commissarios
1645 3515 1693 3591 ad
1715 3515 1788 3591 hoc

364 3675 385 3724 a
404 3665 530 3728 nostra
549 3650 651 3727 curia
669 3647 916 3755 deputandos.

420 3778 595 3860 Mercurii
613 3779 792 3884 predicta.

421 3911 472 3988 M.
491 3911 536 3990 G.
559 3911 607 3987 de
621 3912 716 3988 Usco
736 3912 946 4016 reportavit.

422 4041 504 4121 Non
525 4057 581 4118 est
597 4040 691 4118 facta
706 4041 935 4130 commissi0‚
954 4044 1042 4148 quia
1062 4044 1192 4121 nullus
1212 4043 1318 4151 petit.

420 4306 494 4384 LV.
526 4303 629 4383 Mota
640 4303 724 4395 lite,
740 4329 864 4381 coram
878 4302 1070 4412 preposito
1084 4300 1298 4392 Parisicnsi,
1318 4303 1416 4379 inter
1430 4303 1585 4378 Petrum
1604 4300 1653 4377 de
1669 4301 1789 4376 Ponti-

365 4466 444 4516 sara
455 4437 756 4525 etLaurcnciam
771 4433 852 4544 ejus
863 4463 1033 4538 uxorem,
1047 4461 1183 4541 prose,
1199 4431 1391 4510 etdiotum
1400 4433 1564 4521 Petrum,
1580 4447 1788 4508 curatorem

366 4568 494 4647 datum
509 4568 638 4646 liberis
652 4566 818 4675 magistri
834 4565 1032 4646 Guillelmi
1043 4563 1185 4642 ¹Juliani
1203 4563 1417 4641 minoribus
1429 4562 1555 4651 annis,
1572 4577 1732 4650 actores,
1747 4560 1787 4636 in

363 4717 546 4808 quantum
565 4699 687 4808 tangit
705 4698 916 4808 quemlibet
934 4699 1122 4805 ipsorum,
1140 4723 1185 4772 ex
1199 4721 1273 4774 uua
1291 4710 1414 4802 parte,
1433 4710 1472 4770 et
1483 4691 1694 4772 lohanuem
1714 4690 1790 4768 dic-

363 4847 446 4908 tum
458 4831 640 4910 Chacerat
654 4848 693 4910 et
708 4833 920 4911 Johannam
937 4831 973 4908 la
984 4826 1249 4917 Chasubliere‚
1265 4824 1583 4935 garantisatricem
1597 4822 1715 4930 ipsius
1732 4822 1791 4898 Jo

367 4959 516 5052 hannis,
532 4963 761 5055 defensores,
778 4991 822 5042 ex
835 4963 905 5042 alia
915 4979 1031 5070 parte,
1050 4987 1223 5069 supereo
1235 4959 1342 5066 quod
1355 4956 1446 5035 dicti
1460 4973 1617 5047 actores,
1633 4953 1789 5032 nomine

366 5118 442 5198 quo
460 5121 589 5200 supra,
605 5094 892 5202 proponebant,
915 5121 1040 5174 coram
1054 5091 1157 5171 dicto
1174 5089 1383 5198 preposito,
1401 5105 1528 5169 contra
1543 5087 1665 5166 dictos
1684 5109 1787 5170 reos,

1613 5240 1663 5317 87.
