<?xml version="1.0" encoding="UTF-8"?>
<!DOCTYPE html PUBLIC "-//W3C//DTD XHTML 1.0 Transitional//EN"
    "http://www.w3.org/TR/xhtml1/DTD/xhtml1-transitional.dtd">
<html xmlns="http://www.w3.org/1999/xhtml" xml:lang="en" lang="en">
 <head>
  <title>
</title>
<meta http-equiv="Content-Type" content="text/html;charset=utf-8" />
  <meta name='ocr-system' content='tesseract 3.04.00' />
  <meta name='ocr-capabilities' content='ocr_page ocr_carea ocr_par ocr_line ocrx_word'/>
</head>
<body>
  <div class='ocr_page' id='page_1' title='image "./lesolimouregist00parigoog_0210.png"; bbox 0 0 4450 6209; ppageno 0'>
   <div class='ocr_carea' id='block_1_1' title="bbox 752 691 1763 802">
    <p class='ocr_par' dir='ltr' id='par_1_1' title="bbox 752 691 1763 802">
     <span class='ocr_line' id='line_1_1' title="bbox 752 691 1763 802; baseline 0 -18"><span class='ocrx_word' id='word_1_1' title='bbox 752 693 1025 802; x_wconf 77' lang='lat' dir='ltr'>uuQutrns</span> <span class='ocrx_word' id='word_1_2' title='bbox 1050 711 1116 784; x_wconf 84' lang='lat' dir='ltr'>ur</span> <span class='ocrx_word' id='word_1_3' title='bbox 1143 691 1350 786; x_wconf 74' lang='lat' dir='ltr'>esoces.</span> <span class='ocrx_word' id='word_1_4' title='bbox 1696 714 1763 784; x_wconf 90' lang='lat'>111</span> 
     </span>
    </p>
   </div>
   <div class='ocr_carea' id='block_1_2' title="bbox 614 1249 1496 1369">
    <p class='ocr_par' dir='ltr' id='par_1_2' title="bbox 614 1249 1496 1369">
     <span class='ocr_line' id='line_1_2' title="bbox 614 1249 1496 1369; baseline -0.002 -29"><span class='ocrx_word' id='word_1_5' title='bbox 614 1251 956 1369; x_wconf 86' lang='lat' dir='ltr'><strong>INQUESTE</strong></span> <span class='ocrx_word' id='word_1_6' title='bbox 992 1251 1073 1340; x_wconf 87' lang='grc' dir='ltr'>ΕΤ</span> <span class='ocrx_word' id='word_1_7' title='bbox 1111 1249 1496 1340; x_wconf 87' lang='lat' dir='ltr'>PROCESSUS</span> 
     </span>
    </p>
   </div>
   <div class='ocr_carea' id='block_1_3' title="bbox 394 1531 1702 1601">
    <p class='ocr_par' dir='ltr' id='par_1_3' title="bbox 394 1531 1702 1601">
     <span class='ocr_line' id='line_1_3' title="bbox 394 1531 1702 1601; baseline -0.002 -12"><span class='ocrx_word' id='word_1_8' title='bbox 394 1537 486 1601; x_wconf 76' lang='lat' dir='ltr'>Am,</span> <span class='ocrx_word' id='word_1_9' title='bbox 517 1533 679 1588; x_wconf 77' lang='lat' dir='ltr'>tuntum</span> <span class='ocrx_word' id='word_1_10' title='bbox 707 1535 742 1586; x_wconf 78' lang='lat' dir='ltr'>m</span> <span class='ocrx_word' id='word_1_11' title='bbox 772 1533 947 1599; x_wconf 72' lang='lat' dir='ltr'>sepultum</span> <span class='ocrx_word' id='word_1_12' title='bbox 976 1531 1210 1588; x_wconf 62' lang='lat' dir='ltr'>assensero</span> <span class='ocrx_word' id='word_1_13' title='bbox 1240 1531 1449 1588; x_wconf 73' lang='lat' dir='ltr'>OCTABARUH</span> <span class='ocrx_word' id='word_1_14' title='bbox 1479 1533 1702 1598; x_wconf 76' lang='lat' dir='ltr'>GANDELOSE,</span> 
     </span>
    </p>
   </div>
   <div class='ocr_carea' id='block_1_4' title="bbox 926 1786 1174 1832">
    <p class='ocr_par' dir='ltr' id='par_1_4' title="bbox 926 1786 1174 1832">
     <span class='ocr_line' id='line_1_4' title="bbox 926 1786 1174 1832; baseline -0.024 0"><span class='ocrx_word' id='word_1_15' title='bbox 926 1787 1018 1832; x_wconf 69' lang='lat' dir='ltr'>anuo</span> <span class='ocrx_word' id='word_1_16' title='bbox 1039 1786 1174 1832; x_wconf 69' lang='lat' dir='ltr'>nonen.</span> 
     </span>
    </p>
   </div>
   <div class='ocr_carea' id='block_1_5' title="bbox 324 2039 1764 3997">
    <p class='ocr_par' dir='ltr' id='par_1_5' title="bbox 324 2039 1764 3997">
     <span class='ocr_line' id='line_1_5' title="bbox 389 2039 1764 2151; baseline 0 -28"><span class='ocrx_word' id='word_1_17' title='bbox 389 2046 417 2122; x_wconf 88' lang='grc' dir='ltr'>Ι.</span> <span class='ocrx_word' id='word_1_18' title='bbox 449 2044 546 2123; x_wconf 87' lang='lat' dir='ltr'>Cum</span> <span class='ocrx_word' id='word_1_19' title='bbox 566 2039 795 2120; x_wconf 74' lang='lat' dir='ltr'>senescallus</span> <span class='ocrx_word' id='word_1_20' title='bbox 813 2041 1120 2121; x_wconf 84' lang='lat' dir='ltr'>Carcassonensis</span> <span class='ocrx_word' id='word_1_21' title='bbox 1146 2041 1309 2120; x_wconf 88' lang='lat' dir='ltr'>baillum</span> <span class='ocrx_word' id='word_1_22' title='bbox 1335 2039 1544 2122; x_wconf 86' lang='lat' dir='ltr'>liberorum</span> <span class='ocrx_word' id='word_1_23' title='bbox 1571 2045 1764 2151; x_wconf 89' lang='lat' dir='ltr'>quondam</span> 
     </span>
     <span class='ocr_line' id='line_1_6' title="bbox 332 2172 1761 2281; baseline 0.001 -26"><span class='ocrx_word' id='word_1_24' title='bbox 332 2173 531 2255; x_wconf 92' lang='lat' dir='ltr'>Guillelmi</span> <span class='ocrx_word' id='word_1_25' title='bbox 550 2173 728 2265; x_wconf 89' lang='lat' dir='ltr'>Prunele,</span> <span class='ocrx_word' id='word_1_26' title='bbox 750 2173 902 2264; x_wconf 84' lang='lat' dir='ltr'>militis,</span> <span class='ocrx_word' id='word_1_27' title='bbox 924 2190 964 2250; x_wconf 84' lang='lat' dir='ltr'>et</span> <span class='ocrx_word' id='word_1_28' title='bbox 985 2172 1184 2264; x_wconf 88' lang='lat' dir='ltr'>Ysabellis,</span> <span class='ocrx_word' id='word_1_29' title='bbox 1208 2174 1290 2281; x_wconf 88' lang='lat' dir='ltr'>ejus</span> <span class='ocrx_word' id='word_1_30' title='bbox 1308 2173 1454 2261; x_wconf 83' lang='lat' dir='ltr'>uxoris,</span> <span class='ocrx_word' id='word_1_31' title='bbox 1478 2174 1761 2269; x_wconf 87' lang='lat' dir='ltr'>defunctorum,</span> 
     </span>
     <span class='ocr_line' id='line_1_7' title="bbox 331 2304 1764 2414; baseline 0.001 -30"><span class='ocrx_word' id='word_1_32' title='bbox 331 2306 381 2385; x_wconf 85' lang='lat' dir='ltr'>ad</span> <span class='ocrx_word' id='word_1_33' title='bbox 395 2335 552 2384; x_wconf 90' lang='lat' dir='ltr'>manum</span> <span class='ocrx_word' id='word_1_34' title='bbox 562 2323 728 2383; x_wconf 85' lang='lat' dir='ltr'>nostram</span> <span class='ocrx_word' id='word_1_35' title='bbox 738 2304 943 2412; x_wconf 82' lang='lat' dir='ltr'><strong>posuisset,</strong></span> <span class='ocrx_word' id='word_1_36' title='bbox 955 2334 1026 2413; x_wconf 93' lang='lat' dir='ltr'>pro</span> <span class='ocrx_word' id='word_1_37' title='bbox 1040 2333 1104 2394; x_wconf 87' lang='lat' dir='ltr'>eo,</span> <span class='ocrx_word' id='word_1_38' title='bbox 1121 2321 1165 2382; x_wconf 85' lang='lat' dir='ltr'>ut</span> <span class='ocrx_word' id='word_1_39' title='bbox 1180 2305 1388 2394; x_wconf 75' lang='lat' dir='ltr'>dicebatur,</span> <span class='ocrx_word' id='word_1_40' title='bbox 1405 2305 1649 2388; x_wconf 88' lang='lat' dir='ltr'>solummodo</span> <span class='ocrx_word' id='word_1_41' title='bbox 1659 2310 1764 2414; x_wconf 94' lang='lat' dir='ltr'>quod</span> 
     </span>
     <span class='ocr_line' id='line_1_8' title="bbox 330 2435 1760 2545; baseline 0 -27"><span class='ocrx_word' id='word_1_42' title='bbox 330 2437 546 2518; x_wconf 86' lang='lat' dir='ltr'>Bernardus</span> <span class='ocrx_word' id='word_1_43' title='bbox 565 2438 614 2514; x_wconf 90' lang='lat' dir='ltr'>de</span> <span class='ocrx_word' id='word_1_44' title='bbox 642 2437 970 2545; x_wconf 81' lang='lat' dir='ltr'>Monte-Esquivo,</span> <span class='ocrx_word' id='word_1_45' title='bbox 992 2437 1121 2528; x_wconf 90' lang='lat' dir='ltr'>miles,</span> <span class='ocrx_word' id='word_1_46' title='bbox 1144 2435 1334 2516; x_wconf 84' lang='lat' dir='ltr'>dictorum</span> <span class='ocrx_word' id='word_1_47' title='bbox 1355 2454 1512 2544; x_wconf 86' lang='lat' dir='ltr'>patruus</span> <span class='ocrx_word' id='word_1_48' title='bbox 1531 2439 1760 2528; x_wconf 87' lang='lat' dir='ltr'>liberorum,</span> 
     </span>
     <span class='ocr_line' id='line_1_9' title="bbox 331 2569 1761 2678; baseline 0.001 -31"><span class='ocrx_word' id='word_1_49' title='bbox 331 2571 379 2648; x_wconf 90' lang='lat' dir='ltr'>ad</span> <span class='ocrx_word' id='word_1_50' title='bbox 398 2599 516 2678; x_wconf 86' lang='lat' dir='ltr'>quem</span> <span class='ocrx_word' id='word_1_51' title='bbox 532 2569 731 2648; x_wconf 84' lang='lat' dir='ltr'>dicebatur</span> <span class='ocrx_word' id='word_1_52' title='bbox 745 2569 907 2647; x_wconf 90' lang='lat' dir='ltr'>baillum</span> <span class='ocrx_word' id='word_1_53' title='bbox 926 2569 1160 2675; x_wconf 90' lang='lat' dir='ltr'>predictum,</span> <span class='ocrx_word' id='word_1_54' title='bbox 1175 2569 1264 2677; x_wconf 89' lang='lat' dir='ltr'>jure</span> <span class='ocrx_word' id='word_1_55' title='bbox 1285 2569 1536 2658; x_wconf 82' lang='lat' dir='ltr'>hereditario,</span> <span class='ocrx_word' id='word_1_56' title='bbox 1547 2571 1761 2677; x_wconf 88' lang='lat' dir='ltr'>pertinere,</span> 
     </span>
     <span class='ocr_line' id='line_1_10' title="bbox 328 2700 1763 2810; baseline 0 -30"><span class='ocrx_word' id='word_1_57' title='bbox 328 2718 484 2809; x_wconf 91' lang='lat' dir='ltr'>propter</span> <span class='ocrx_word' id='word_1_58' title='bbox 502 2701 648 2781; x_wconf 83' lang='lat' dir='ltr'>heresis</span> <span class='ocrx_word' id='word_1_59' title='bbox 664 2702 805 2779; x_wconf 86' lang='lat' dir='ltr'>vicium</span> <span class='ocrx_word' id='word_1_60' title='bbox 823 2700 872 2778; x_wconf 90' lang='lat' dir='ltr'>ad</span> <span class='ocrx_word' id='word_1_61' title='bbox 890 2717 1055 2779; x_wconf 80' lang='lat' dir='ltr'>mortem</span> <span class='ocrx_word' id='word_1_62' title='bbox 1074 2701 1198 2778; x_wconf 84' lang='lat' dir='ltr'>fuerat</span> <span class='ocrx_word' id='word_1_63' title='bbox 1216 2700 1534 2807; x_wconf 77' lang='lat' dir='ltr'>condempnatus,</span> <span class='ocrx_word' id='word_1_64' title='bbox 1557 2703 1661 2810; x_wconf 86' lang='lat' dir='ltr'>cujus</span> <span class='ocrx_word' id='word_1_65' title='bbox 1678 2732 1763 2781; x_wconf 88' lang='lat' dir='ltr'>con·</span> 
     </span>
     <span class='ocr_line' id='line_1_11' title="bbox 329 2831 1763 2940; baseline 0.001 -29"><span class='ocrx_word' id='word_1_66' title='bbox 329 2833 616 2940; x_wconf 85' lang='lat' dir='ltr'>dempnacionis</span> <span class='ocrx_word' id='word_1_67' title='bbox 629 2832 798 2922; x_wconf 84' lang='lat' dir='ltr'>racione,</span> <span class='ocrx_word' id='word_1_68' title='bbox 815 2832 916 2910; x_wconf 93' lang='lat' dir='ltr'>bona</span> <span class='ocrx_word' id='word_1_69' title='bbox 931 2831 1060 2909; x_wconf 90' lang='lat' dir='ltr'>omnia</span> <span class='ocrx_word' id='word_1_70' title='bbox 1075 2831 1164 2911; x_wconf 90' lang='lat' dir='ltr'>dicti</span> <span class='ocrx_word' id='word_1_71' title='bbox 1181 2832 1446 2940; x_wconf 89' lang='lat' dir='ltr'>condempnati</span> <span class='ocrx_word' id='word_1_72' title='bbox 1461 2833 1571 2910; x_wconf 90' lang='lat' dir='ltr'>nobis</span> <span class='ocrx_word' id='word_1_73' title='bbox 1582 2852 1763 2912; x_wconf 87' lang='lat' dir='ltr'>venerant</span> 
     </span>
     <span class='ocr_line' id='line_1_12' title="bbox 328 2963 1757 3072; baseline 0 -30"><span class='ocrx_word' id='word_1_74' title='bbox 328 2966 369 3042; x_wconf 95' lang='lat' dir='ltr'>in</span> <span class='ocrx_word' id='word_1_75' title='bbox 388 2965 605 3056; x_wconf 79' lang='lat' dir='ltr'>incursum3</span> <span class='ocrx_word' id='word_1_76' title='bbox 627 2981 665 3042; x_wconf 87' lang='lat' dir='ltr'>et</span> <span class='ocrx_word' id='word_1_77' title='bbox 689 2965 903 3043; x_wconf 87' lang='lat' dir='ltr'>Bernardus</span> <span class='ocrx_word' id='word_1_78' title='bbox 928 2964 976 3041; x_wconf 90' lang='lat' dir='ltr'>de</span> <span class='ocrx_word' id='word_1_79' title='bbox 1003 2963 1330 3070; x_wconf 86' lang='lat' dir='ltr'>Monte-Esquivo,</span> <span class='ocrx_word' id='word_1_80' title='bbox 1359 2963 1601 3054; x_wconf 83' lang='lat' dir='ltr'>domicellus,</span> <span class='ocrx_word' id='word_1_81' title='bbox 1623 2995 1757 3072; x_wconf 89' lang='lat' dir='ltr'>nepos,</span> 
     </span>
     <span class='ocr_line' id='line_1_13' title="bbox 327 3096 1760 3205; baseline 0.003 -31"><span class='ocrx_word' id='word_1_82' title='bbox 327 3114 373 3174; x_wconf 84' lang='lat' dir='ltr'>ut</span> <span class='ocrx_word' id='word_1_83' title='bbox 392 3097 541 3189; x_wconf 88' lang='lat' dir='ltr'>dicitur,</span> <span class='ocrx_word' id='word_1_84' title='bbox 563 3097 654 3174; x_wconf 83' lang='lat' dir='ltr'>dicti</span> <span class='ocrx_word' id='word_1_85' title='bbox 675 3096 822 3189; x_wconf 90' lang='lat' dir='ltr'>militis,</span> <span class='ocrx_word' id='word_1_86' title='bbox 845 3114 884 3174; x_wconf 89' lang='lat' dir='ltr'>et</span> <span class='ocrx_word' id='word_1_87' title='bbox 913 3096 1103 3174; x_wconf 88' lang='lat' dir='ltr'>dictorum</span> <span class='ocrx_word' id='word_1_88' title='bbox 1130 3096 1431 3205; x_wconf 82' lang='lat' dir='ltr'>consanguineus</span> <span class='ocrx_word' id='word_1_89' title='bbox 1457 3096 1683 3191; x_wconf 89' lang='lat' dir='ltr'>liberorum,</span> <span class='ocrx_word' id='word_1_90' title='bbox 1702 3128 1760 3178; x_wconf 89' lang='lat' dir='ltr'>as-</span> 
     </span>
     <span class='ocr_line' id='line_1_14' title="bbox 327 3227 1758 3337; baseline 0.003 -31"><span class='ocrx_word' id='word_1_91' title='bbox 327 3255 456 3306; x_wconf 90' lang='lat' dir='ltr'>sereus</span> <span class='ocrx_word' id='word_1_92' title='bbox 472 3227 612 3306; x_wconf 84' lang='lat' dir='ltr'>dictam</span> <span class='ocrx_word' id='word_1_93' title='bbox 628 3229 1033 3336; x_wconf 88' lang='lat' dir='ltr'>condempnacionem,</span> <span class='ocrx_word' id='word_1_94' title='bbox 1050 3228 1119 3306; x_wconf 91' lang='lat' dir='ltr'>diu</span> <span class='ocrx_word' id='word_1_95' title='bbox 1136 3246 1207 3321; x_wconf 87' lang='lat' dir='ltr'>est,</span> <span class='ocrx_word' id='word_1_96' title='bbox 1222 3229 1335 3306; x_wconf 86' lang='lat' dir='ltr'>luisse</span> <span class='ocrx_word' id='word_1_97' title='bbox 1349 3228 1482 3306; x_wconf 84' lang='lat' dir='ltr'>factam</span> <span class='ocrx_word' id='word_1_98' title='bbox 1498 3247 1535 3306; x_wconf 89' lang='lat' dir='ltr'>et</span> <span class='ocrx_word' id='word_1_99' title='bbox 1548 3259 1616 3336; x_wconf 90' lang='lat' dir='ltr'>per</span> <span class='ocrx_word' id='word_1_100' title='bbox 1630 3229 1758 3337; x_wconf 89' lang='lat' dir='ltr'>plures</span> 
     </span>
     <span class='ocr_line' id='line_1_15' title="bbox 328 3358 1758 3469; baseline 0.002 -31"><span class='ocrx_word' id='word_1_101' title='bbox 328 3389 448 3439; x_wconf 87' lang='lat' dir='ltr'>annos</span> <span class='ocrx_word' id='word_1_102' title='bbox 467 3378 670 3469; x_wconf 79' lang='lat' dir='ltr'>antequam</span> <span class='ocrx_word' id='word_1_103' title='bbox 691 3362 836 3438; x_wconf 87' lang='lat' dir='ltr'>dictum</span> <span class='ocrx_word' id='word_1_104' title='bbox 854 3360 1015 3438; x_wconf 76' lang='lat' dir='ltr'>baillum</span> <span class='ocrx_word' id='word_1_105' title='bbox 1036 3361 1244 3448; x_wconf 86' lang='lat' dir='ltr'>adveniret,</span> <span class='ocrx_word' id='word_1_106' title='bbox 1267 3358 1475 3466; x_wconf 87' lang='lat' dir='ltr'>predictam</span> <span class='ocrx_word' id='word_1_107' title='bbox 1494 3389 1649 3439; x_wconf 87' lang='lat' dir='ltr'>manum</span> <span class='ocrx_word' id='word_1_108' title='bbox 1674 3390 1758 3440; x_wconf 91' lang='lat' dir='ltr'>nos·</span> 
     </span>
     <span class='ocr_line' id='line_1_16' title="bbox 326 3491 1757 3601; baseline 0.001 -32"><span class='ocrx_word' id='word_1_109' title='bbox 326 3510 423 3570; x_wconf 84' lang='lat' dir='ltr'>tram</span> <span class='ocrx_word' id='word_1_110' title='bbox 445 3493 535 3572; x_wconf 91' lang='lat' dir='ltr'>inde</span> <span class='ocrx_word' id='word_1_111' title='bbox 552 3511 699 3601; x_wconf 89' lang='lat' dir='ltr'>peteret</span> <span class='ocrx_word' id='word_1_112' title='bbox 715 3493 898 3585; x_wconf 85' lang='lat' dir='ltr'>amoveri,</span> <span class='ocrx_word' id='word_1_113' title='bbox 921 3509 960 3569; x_wconf 87' lang='lat' dir='ltr'>et</span> <span class='ocrx_word' id='word_1_114' title='bbox 977 3493 1049 3570; x_wconf 89' lang='lat' dir='ltr'>sibi</span> <span class='ocrx_word' id='word_1_115' title='bbox 1065 3509 1244 3599; x_wconf 87' lang='lat' dir='ltr'>tanquam</span> <span class='ocrx_word' id='word_1_116' title='bbox 1261 3491 1481 3599; x_wconf 84' lang='lat' dir='ltr'>proximiori</span> <span class='ocrx_word' id='word_1_117' title='bbox 1503 3492 1646 3575; x_wconf 84' lang='lat' dir='ltr'>dictum</span> <span class='ocrx_word' id='word_1_118' title='bbox 1662 3492 1757 3572; x_wconf 91' lang='lat' dir='ltr'>bail-</span> 
     </span>
     <span class='ocr_line' id='line_1_17' title="bbox 326 3622 1758 3733; baseline 0.002 -33"><span class='ocrx_word' id='word_1_119' title='bbox 326 3622 409 3701; x_wconf 88' lang='lat' dir='ltr'>lum</span> <span class='ocrx_word' id='word_1_120' title='bbox 432 3624 633 3703; x_wconf 89' lang='lat' dir='ltr'>deliberari</span> <span class='ocrx_word' id='word_1_121' title='bbox 656 3657 665 3702; x_wconf 90' lang='lat'>:</span> <span class='ocrx_word' id='word_1_122' title='bbox 682 3625 871 3716; x_wconf 88' lang='lat' dir='ltr'>Tandem,</span> <span class='ocrx_word' id='word_1_123' title='bbox 888 3624 1062 3730; x_wconf 87' lang='lat' dir='ltr'>inquesta</span> <span class='ocrx_word' id='word_1_124' title='bbox 1077 3653 1191 3730; x_wconf 89' lang='lat' dir='ltr'>super</span> <span class='ocrx_word' id='word_1_125' title='bbox 1206 3624 1279 3701; x_wconf 92' lang='lat' dir='ltr'>hoc</span> <span class='ocrx_word' id='word_1_126' title='bbox 1294 3622 1388 3702; x_wconf 86' lang='lat' dir='ltr'>sacta</span> <span class='ocrx_word' id='word_1_127' title='bbox 1402 3623 1478 3702; x_wconf 88' lang='lat' dir='ltr'>visa</span> <span class='ocrx_word' id='word_1_128' title='bbox 1498 3641 1536 3700; x_wconf 89' lang='lat' dir='ltr'>et</span> <span class='ocrx_word' id='word_1_129' title='bbox 1555 3623 1758 3733; x_wconf 76' lang='lat' dir='ltr'>diligenter</span> 
     </span>
     <span class='ocr_line' id='line_1_18' title="bbox 327 3755 1755 3865; baseline 0.003 -33"><span class='ocrx_word' id='word_1_130' title='bbox 327 3757 552 3849; x_wconf 79' lang='lat' dir='ltr'>examinata,</span> <span class='ocrx_word' id='word_1_131' title='bbox 570 3787 638 3865; x_wconf 90' lang='lat' dir='ltr'>per</span> <span class='ocrx_word' id='word_1_132' title='bbox 656 3759 759 3836; x_wconf 87' lang='lat' dir='ltr'>curie</span> <span class='ocrx_word' id='word_1_133' title='bbox 776 3775 904 3835; x_wconf 89' lang='lat' dir='ltr'>nostre</span> <span class='ocrx_word' id='word_1_134' title='bbox 919 3757 1127 3865; x_wconf 87' lang='lat' dir='ltr'>judicium,</span> <span class='ocrx_word' id='word_1_135' title='bbox 1145 3755 1290 3833; x_wconf 89' lang='lat' dir='ltr'>dictum</span> <span class='ocrx_word' id='word_1_136' title='bbox 1305 3755 1378 3832; x_wconf 83' lang='lat' dir='ltr'>fuit</span> <span class='ocrx_word' id='word_1_137' title='bbox 1395 3756 1501 3863; x_wconf 89' lang='lat' dir='ltr'>quod</span> <span class='ocrx_word' id='word_1_138' title='bbox 1515 3784 1649 3837; x_wconf 88' lang='lat' dir='ltr'>manus</span> <span class='ocrx_word' id='word_1_139' title='bbox 1666 3785 1755 3837; x_wconf 90' lang='lat' dir='ltr'>nos·</span> 
     </span>
     <span class='ocr_line' id='line_1_19' title="bbox 324 3887 1756 3997; baseline 0.003 -32"><span class='ocrx_word' id='word_1_140' title='bbox 324 3905 399 3980; x_wconf 83' lang='lat' dir='ltr'>tra,</span> <span class='ocrx_word' id='word_1_141' title='bbox 420 3890 572 3968; x_wconf 86' lang='lat' dir='ltr'>racione</span> <span class='ocrx_word' id='word_1_142' title='bbox 598 3891 766 3997; x_wconf 90' lang='lat' dir='ltr'>predicta</span> <span class='ocrx_word' id='word_1_143' title='bbox 785 3891 825 3966; x_wconf 90' lang='lat' dir='ltr'>in</span> <span class='ocrx_word' id='word_1_144' title='bbox 845 3890 948 3967; x_wconf 88' lang='lat' dir='ltr'>dicto</span> <span class='ocrx_word' id='word_1_145' title='bbox 972 3888 1090 3966; x_wconf 88' lang='lat' dir='ltr'>baillo</span> <span class='ocrx_word' id='word_1_146' title='bbox 1114 3888 1299 3995; x_wconf 88' lang='lat' dir='ltr'>apposita,</span> <span class='ocrx_word' id='word_1_147' title='bbox 1329 3888 1419 3966; x_wconf 91' lang='lat' dir='ltr'>inde</span> <span class='ocrx_word' id='word_1_148' title='bbox 1447 3887 1695 3982; x_wconf 84' lang='lat' dir='ltr'>amovebitur,</span> <span class='ocrx_word' id='word_1_149' title='bbox 1717 3909 1756 3970; x_wconf 89' lang='lat' dir='ltr'>et</span> 
     </span>
    </p>
   </div>
   <div class='ocr_carea' id='block_1_6' title="bbox 197 4018 1755 4129">
    <p class='ocr_par' dir='ltr' id='par_1_6' title="bbox 197 4018 1755 4129">
     <span class='ocr_line' id='line_1_20' title="bbox 197 4018 1755 4129; baseline 0.001 -31"><span class='ocrx_word' id='word_1_150' title='bbox 197 4057 205 4065; x_wconf 94' lang='lat'>·</span> <span class='ocrx_word' id='word_1_151' title='bbox 324 4020 450 4101; x_wconf 86' lang='lat' dir='ltr'>eidem</span> <span class='ocrx_word' id='word_1_152' title='bbox 471 4021 693 4113; x_wconf 90' lang='lat' dir='ltr'>domicello,</span> <span class='ocrx_word' id='word_1_153' title='bbox 710 4040 890 4129; x_wconf 84' lang='lat' dir='ltr'>tanquam</span> <span class='ocrx_word' id='word_1_154' title='bbox 906 4021 1127 4129; x_wconf 85' lang='lat' dir='ltr'>proximiori</span> <span class='ocrx_word' id='word_1_155' title='bbox 1145 4020 1353 4127; x_wconf 84' lang='lat' dir='ltr'>apparenti,</span> <span class='ocrx_word' id='word_1_156' title='bbox 1375 4018 1647 4100; x_wconf 84' lang='lat' dir='ltr'>deliberabitur</span> <span class='ocrx_word' id='word_1_157' title='bbox 1660 4022 1755 4105; x_wconf 88' lang='lat' dir='ltr'>bail-</span> 
     </span>
    </p>
   </div>
   <div class='ocr_carea' id='block_1_7' title="bbox 323 4150 1750 4392">
    <p class='ocr_par' dir='ltr' id='par_1_7' title="bbox 323 4150 1750 4392">
     <span class='ocr_line' id='line_1_21' title="bbox 323 4150 1750 4261; baseline 0.002 -33"><span class='ocrx_word' id='word_1_158' title='bbox 323 4150 406 4229; x_wconf 91' lang='lat' dir='ltr'>lum</span> <span class='ocrx_word' id='word_1_159' title='bbox 426 4153 658 4259; x_wconf 89' lang='lat' dir='ltr'>predictum‚</span> <span class='ocrx_word' id='word_1_160' title='bbox 677 4153 777 4232; x_wconf 86' lang='lat' dir='ltr'>salvo</span> <span class='ocrx_word' id='word_1_161' title='bbox 794 4155 834 4229; x_wconf 93' lang='lat' dir='ltr'>in</span> <span class='ocrx_word' id='word_1_162' title='bbox 852 4154 935 4232; x_wconf 88' lang='lat' dir='ltr'>aliis</span> <span class='ocrx_word' id='word_1_163' title='bbox 949 4154 1035 4261; x_wconf 90' lang='lat' dir='ltr'>jure</span> <span class='ocrx_word' id='word_1_164' title='bbox 1053 4169 1184 4231; x_wconf 90' lang='lat' dir='ltr'>nostro</span> <span class='ocrx_word' id='word_1_165' title='bbox 1204 4168 1242 4229; x_wconf 87' lang='lat' dir='ltr'>et</span> <span class='ocrx_word' id='word_1_166' title='bbox 1254 4151 1342 4259; x_wconf 89' lang='lat' dir='ltr'>jure</span> <span class='ocrx_word' id='word_1_167' title='bbox 1360 4152 1401 4228; x_wconf 92' lang='lat' dir='ltr'>in</span> <span class='ocrx_word' id='word_1_168' title='bbox 1419 4152 1597 4233; x_wconf 90' lang='lat' dir='ltr'>omnibus</span> <span class='ocrx_word' id='word_1_169' title='bbox 1614 4153 1750 4234; x_wconf 83' lang='lat' dir='ltr'>alieno.</span> 
     </span>
     <span class='ocr_line' id='line_1_22' title="bbox 379 4281 1368 4392; baseline -0.005 -29"><span class='ocrx_word' id='word_1_170' title='bbox 379 4284 538 4363; x_wconf 89' lang='lat' dir='ltr'>Veneris</span> <span class='ocrx_word' id='word_1_171' title='bbox 555 4302 642 4392; x_wconf 88' lang='lat' dir='ltr'>post</span> <span class='ocrx_word' id='word_1_172' title='bbox 662 4284 1052 4372; x_wconf 87' lang='lat' dir='ltr'>Sanctum-Mathiam,</span> <span class='ocrx_word' id='word_1_173' title='bbox 1073 4311 1204 4361; x_wconf 88' lang='lat' dir='ltr'>mense</span> <span class='ocrx_word' id='word_1_174' title='bbox 1225 4281 1368 4360; x_wconf 86' lang='lat' dir='ltr'>Marcii.</span> 
     </span>
    </p>
   </div>
   <div class='ocr_carea' id='block_1_8' title="bbox 291 4545 1753 5186">
    <p class='ocr_par' dir='ltr' id='par_1_8' title="bbox 291 4545 1753 5186">
     <span class='ocr_line' id='line_1_23' title="bbox 379 4545 1749 4653; baseline 0.002 -30"><span class='ocrx_word' id='word_1_175' title='bbox 379 4546 421 4623; x_wconf 89' lang='grc' dir='ltr'>Π.</span> <span class='ocrx_word' id='word_1_176' title='bbox 453 4547 551 4627; x_wconf 87' lang='lat' dir='ltr'>Cum</span> <span class='ocrx_word' id='word_1_177' title='bbox 571 4565 653 4626; x_wconf 87' lang='lat' dir='ltr'>orta</span> <span class='ocrx_word' id='word_1_178' title='bbox 669 4565 768 4626; x_wconf 84' lang='lat' dir='ltr'>esset</span> <span class='ocrx_word' id='word_1_179' title='bbox 788 4546 976 4625; x_wconf 87' lang='lat' dir='ltr'>discordia</span> <span class='ocrx_word' id='word_1_180' title='bbox 993 4547 1092 4624; x_wconf 85' lang='lat' dir='ltr'>inter</span> <span class='ocrx_word' id='word_1_181' title='bbox 1109 4545 1344 4653; x_wconf 87' lang='lat' dir='ltr'>prepositum</span> <span class='ocrx_word' id='word_1_182' title='bbox 1361 4545 1516 4626; x_wconf 87' lang='lat' dir='ltr'>ecclesie</span> <span class='ocrx_word' id='word_1_183' title='bbox 1537 4546 1749 4640; x_wconf 75' lang='lat' dir='ltr'>botuensis,</span> 
     </span>
     <span class='ocr_line' id='line_1_24' title="bbox 323 4676 1753 4787; baseline 0.003 -33"><span class='ocrx_word' id='word_1_184' title='bbox 323 4705 366 4754; x_wconf 83' lang='lat' dir='ltr'>ex</span> <span class='ocrx_word' id='word_1_185' title='bbox 396 4697 502 4786; x_wconf 84' lang='lat' dir='ltr'>parte</span> <span class='ocrx_word' id='word_1_186' title='bbox 523 4711 617 4773; x_wconf 89' lang='lat' dir='ltr'>una,</span> <span class='ocrx_word' id='word_1_187' title='bbox 639 4699 679 4759; x_wconf 88' lang='lat' dir='ltr'>et</span> <span class='ocrx_word' id='word_1_188' title='bbox 696 4680 882 4760; x_wconf 86' lang='lat' dir='ltr'>Milonem</span> <span class='ocrx_word' id='word_1_189' title='bbox 909 4680 959 4756; x_wconf 90' lang='lat' dir='ltr'>de</span> <span class='ocrx_word' id='word_1_190' title='bbox 988 4679 1189 4772; x_wconf 79' lang='lat' dir='ltr'>MutriacO,</span> <span class='ocrx_word' id='word_1_191' title='bbox 1212 4676 1391 4770; x_wconf 86' lang='lat' dir='ltr'>militem,</span> <span class='ocrx_word' id='word_1_192' title='bbox 1414 4707 1459 4756; x_wconf 82' lang='lat' dir='ltr'>ex</span> <span class='ocrx_word' id='word_1_193' title='bbox 1483 4678 1615 4769; x_wconf 78' lang='lat' dir='ltr'>altera,</span> <span class='ocrx_word' id='word_1_194' title='bbox 1638 4707 1753 4787; x_wconf 83' lang='lat' dir='ltr'>super</span> 
     </span>
     <span class='ocr_line' id='line_1_25' title="bbox 323 4810 1751 4920; baseline 0.002 -34"><span class='ocrx_word' id='word_1_195' title='bbox 323 4835 369 4886; x_wconf 86' lang='lat' dir='ltr'>eo</span> <span class='ocrx_word' id='word_1_196' title='bbox 389 4811 496 4917; x_wconf 79' lang='lat' dir='ltr'>quod</span> <span class='ocrx_word' id='word_1_197' title='bbox 515 4811 639 4890; x_wconf 90' lang='lat' dir='ltr'>dictus</span> <span class='ocrx_word' id='word_1_198' title='bbox 653 4813 866 4920; x_wconf 90' lang='lat' dir='ltr'>prepositus</span> <span class='ocrx_word' id='word_1_199' title='bbox 884 4810 1033 4888; x_wconf 89' lang='lat' dir='ltr'>dicebat</span> <span class='ocrx_word' id='word_1_200' title='bbox 1051 4828 1089 4888; x_wconf 89' lang='lat' dir='ltr'>et</span> <span class='ocrx_word' id='word_1_201' title='bbox 1102 4810 1291 4889; x_wconf 87' lang='lat' dir='ltr'>asserebat</span> <span class='ocrx_word' id='word_1_202' title='bbox 1306 4811 1426 4918; x_wconf 92' lang='lat' dir='ltr'>quod,</span> <span class='ocrx_word' id='word_1_203' title='bbox 1448 4811 1631 4919; x_wconf 88' lang='lat' dir='ltr'>cumipse</span> <span class='ocrx_word' id='word_1_204' title='bbox 1652 4829 1751 4892; x_wconf 86' lang='lat' dir='ltr'>esset</span> 
     </span>
     <span class='ocr_line' id='line_1_26' title="bbox 321 4943 1750 5052; baseline 0.002 -33"><span class='ocrx_word' id='word_1_205' title='bbox 321 4958 361 5019; x_wconf 82' lang='lat' dir='ltr'>et</span> <span class='ocrx_word' id='word_1_206' title='bbox 375 4944 660 5048; x_wconf 84' lang='lat' dir='ltr'>predecessores</span> <span class='ocrx_word' id='word_1_207' title='bbox 673 4946 733 5023; x_wconf 91' lang='lat' dir='ltr'>sui</span> <span class='ocrx_word' id='word_1_208' title='bbox 750 4944 910 5024; x_wconf 85' lang='lat' dir='ltr'>luissent</span> <span class='ocrx_word' id='word_1_209' title='bbox 927 4944 973 5022; x_wconf 93' lang='lat' dir='ltr'>ab</span> <span class='ocrx_word' id='word_1_210' title='bbox 992 4944 1150 5052; x_wconf 83' lang='lat' dir='ltr'>antiquo</span> <span class='ocrx_word' id='word_1_211' title='bbox 1167 4943 1205 5021; x_wconf 92' lang='lat' dir='ltr'>in</span> <span class='ocrx_word' id='word_1_212' title='bbox 1223 4943 1377 5051; x_wconf 89' lang='lat' dir='ltr'>pacifica</span> <span class='ocrx_word' id='word_1_213' title='bbox 1394 4944 1628 5052; x_wconf 89' lang='lat' dir='ltr'>possessione</span> <span class='ocrx_word' id='word_1_214' title='bbox 1645 4973 1750 5023; x_wconf 82' lang='lat' dir='ltr'>exer-</span> 
     </span>
     <span class='ocr_line' id='line_1_27' title="bbox 291 5071 1747 5186; baseline 0.003 -37"><span class='ocrx_word' id='word_1_215' title='bbox 291 5102 296 5111; x_wconf 92' lang='lat'><strong>·</strong></span> <span class='ocrx_word' id='word_1_216' title='bbox 321 5071 432 5150; x_wconf 87' lang='lat' dir='ltr'>cendi</span> <span class='ocrx_word' id='word_1_217' title='bbox 451 5074 564 5153; x_wconf 87' lang='lat' dir='ltr'>altam</span> <span class='ocrx_word' id='word_1_218' title='bbox 586 5094 624 5155; x_wconf 91' lang='lat' dir='ltr'>et</span> <span class='ocrx_word' id='word_1_219' title='bbox 641 5075 787 5156; x_wconf 88' lang='lat' dir='ltr'>bassam</span> <span class='ocrx_word' id='word_1_220' title='bbox 804 5075 996 5186; x_wconf 86' lang='lat' dir='ltr'>justiciam</span> <span class='ocrx_word' id='word_1_221' title='bbox 1016 5077 1056 5154; x_wconf 95' lang='lat' dir='ltr'>in</span> <span class='ocrx_word' id='word_1_222' title='bbox 1079 5075 1168 5153; x_wconf 87' lang='lat' dir='ltr'>villa</span> <span class='ocrx_word' id='word_1_223' title='bbox 1189 5076 1235 5154; x_wconf 90' lang='lat' dir='ltr'>de</span> <span class='ocrx_word' id='word_1_224' title='bbox 1255 5073 1684 5167; x_wconf 79' lang='lat' dir='ltr'>Villaribus-ad-Nodos,</span> <span class='ocrx_word' id='word_1_225' title='bbox 1706 5077 1747 5154; x_wconf 90' lang='lat' dir='ltr'>in</span> 
     </span>
    </p>
   </div>
   <div class='ocr_carea' id='block_1_9' title="bbox 1803 863 1991 998">
    <p class='ocr_par' dir='ltr' id='par_1_9' title="bbox 1803 863 1991 998">
     <span class='ocr_line' id='line_1_28' title="bbox 1803 863 1991 928; baseline 0.005 -11"><span class='ocrx_word' id='word_1_226' title='bbox 1803 863 1935 918; x_wconf 76' lang='lat' dir='ltr'>Panum</span> <span class='ocrx_word' id='word_1_227' title='bbox 1947 863 1991 928; x_wconf 87' lang='lat' dir='ltr'>1v,</span> 
     </span>
     <span class='ocr_line' id='line_1_29' title="bbox 1866 955 1929 998; baseline 0.016 -2"><span class='ocrx_word' id='word_1_228' title='bbox 1866 955 1929 998; x_wconf 81' lang='lat' dir='ltr'>ram.</span> 
     </span>
    </p>
   </div>
   <div class='ocr_carea' id='block_1_10' title="bbox 0 0 2230 6209">
    <p class='ocr_par' dir='ltr' id='par_1_10' title="bbox 0 0 2230 6209">
     <span class='ocr_line' id='line_1_30' title="bbox 0 0 2230 6209; baseline 0 8"><span class='ocrx_word' id='word_1_229' title='bbox 0 0 2230 6209; x_wconf 95' lang='lat' dir='ltr'> </span> 
     </span>
    </p>
   </div>
  </div>
 </body>
</html>
