4450 6209
483 649 558 723 278
1065 641 1158 714 tes
1187 638 1327 713 OLlM.

257 801 388 855 efflans
400 799 443 863 tt,
478 788 687 899 judicium,
708 786 854 863 dictum
869 782 941 861 luit
953 780 1098 859 dicorm
1111 779 1294 859 ballivum
1308 778 1406 857 bene
1416 779 1622 889 judicasse,
1639 796 1679 857 et
1691 779 1814 859 dictos
1829 811 1905 861 me-

319 890 382 935 m
479 921 606 1029 jerem
622 934 662 995 et
670 918 818 1025 juratos
829 914 929 993 mele
941 913 1165 1021 appellasse,
1183 929 1223 991 et
1230 912 1337 1018 quod
1346 912 1416 1019 ipsi
1432 912 1506 989 hoc
1522 910 1798 1004 emendabunt,
1811 912 1905 993 salvs

479 1051 625 1129 eisdem
646 1078 760 1156 super
776 1048 852 1126 hoc
873 1046 1113 1154 proprietatis
1132 1044 1341 1152 questione.

538 1181 735 1259 Dominice
755 1178 934 1286 predicta.

538 1444 615 1521 Vll.
643 1442 744 1521 Cum
763 1458 987 1550 procurator
1005 1454 1146 1531 noster,
1166 1467 1291 1519 coram
1310 1437 1547 1517 auditoribus
1566 1437 1662 1517 dctis
1681 1438 1729 1515 ub
1748 1439 1904 1544 inquisi-

481 1572 629 1654 toribus
649 1574 837 1680 deputatis
856 1600 877 1649 a
898 1573 1010 1651 nobis
1028 1574 1070 1649 in
1091 1571 1308 1651 senescallie
1324 1572 1566 1661 Carcassone,
1583 1585 1713 1647 coutm
1732 1568 1905 1648 abbatem

480 1705 753 1791 Montis-Olivi,
768 1705 1028 1809 proposuisset
1042 1703 1169 1809 quod,
1185 1701 1273 1779 licet
1283 1701 1389 1779 locus
1403 1700 1580 1808 quidem,
1594 1727 1713 1807 prope
1728 1702 1905 1779 ldontem·

482 1834 634 1913 Olivum
654 1834 831 1925 existens,
853 1834 893 1909 in
910 1862 989 1939 quo
1007 1832 1201 1940 quondam
1222 1834 1344 1911 luerat
1358 1848 1521 1911 castrum
1535 1832 1679 1909 dictum
1693 1832 1742 1910 de
1757 1832 1901 1923 Mater,

482 1964 867 2073 quilocusquoudam
880 1963 1260 2056 fueratTrancavelli‚
1273 1963 1502 2043 vicecomitis
1511 1963 1751 2052 biterrensis,
1764 1964 1904 2041 inimici

483 2114 521 2175 et
539 2096 660 2173 faiditi
679 2126 723 2174 ac
741 2096 860 2175 eciam
884 2096 1039 2174 rebellis
1063 2096 1348 2205 progenitorum
1368 2112 1603 2185 nostrorum,
1626 2094 1738 2173 nobis
1755 2093 1903 2187 fuisset,

483 2229 593 2305 certis
610 2256 655 2305 ex
675 2228 812 2317 causis,
829 2257 918 2305 cum
939 2228 1032 2305 locis
1053 2227 1180 2305 eidem
1201 2227 1331 2305 vicinis
1348 2244 1389 2305 et
1409 2226 1596 2336 configuis
1612 2226 1849 2319 commissus,
1869 2245 1907 2305 et

481 2377 610 2464 postea
620 2376 827 2466 pergentes
836 2359 1121 2466 progenitorum
1133 2375 1348 2436 nostrorum
1361 2358 1516 2436 omuino
1528 2356 1756 2446 destructus,
1769 2375 1821 2447 et,
1833 2384 1906 2434 ara·

481 2507 541 2567 tro
561 2490 734 2579 inmisso,
756 2492 934 2569 heremus
951 2488 1071 2568 lecttu
1088 2489 1240 2579 fuisset,
1262 2506 1389 2567 tamen
1408 2488 1523 2567 abbas
1541 2490 1735 2597 predictus
1753 2490 1905 2567 Montis-

483 2620 597 2711 olivi,
615 2622 654 2697 in
668 2620 922 2729 prejudicium
935 2638 1106 2698 nostrum
1119 2619 1244 2697 locum
1254 2618 1468 2727 predictum
1481 2620 1718 2727 occupando,
1732 2618 1906 2725 pluribus

482 2751 612 2829 illicite
631 2770 864 2831 concesserat
887 2752 1081 2830 licenciam
1104 2751 1247 2829 ibidem
1268 2750 1489 2842 edilimudi3
1510 2752 1789 2859 propterquod
1808 2766 1906 2857 pete-

482 2882 547 2959 bat
567 2882 688 2957 dictus
713 2899 933 2987 procurator
959 2898 1088 2959 noster
1111 2882 1299 2989 predicta,
1327 2882 1381 2959 sic
1406 2898 1585 2987 usurpate
1609 2900 1649 2959 et
1672 2898 1800 2961 contre
1817 2908 1903 2971 nos,

482 3013 594 3103 lacta,
617 3013 808 3089 emendari
834 3030 872 3090 et
892 3011 1018 3091 locum
1036 3014 1268 3119 predictum,
1293 3042 1379 3093 cum
1402 3013 1563 3092 edificiis
1581 3013 1634 3091 ibi
1655 3011 1775 3099 fectis,
1797 3010 1905 3091 nobis

484 3171 563 3219 esse
583 3144 826 3221 commissum
844 3144 1101 3249 pronunciari,
1123 3144 1256 3223 abbate
1273 3144 1461 3251 predicto,
1479 3142 1652 3250 pluribus
1671 3143 1903 3233 racionibus,

482 3272 520 3348 in
541 3274 771 3350 contrarium
787 3290 1022 3379 proponente
1047 3274 1216 3380 predicta
1236 3272 1318 3351 fieri
1339 3303 1417 3352 non
1443 3273 1584 3352 debere
1602 3305 1611 3349 ε
1632 3274 1717 3353 Visa
1736 3274 1906 3381 inquesta

483 3432 597 3511 super
611 3405 683 3481 hoc
693 3403 803 3492 facta,
819 3406 1108 3513 pronunciatum
1124 3404 1211 3495 sirit,
1228 3434 1296 3513 per
1309 3405 1412 3483 curie
1424 3421 1551 3483 nostre
1561 3404 1765 3512 judicium,
1778 3404 1904 3483 locum

483 3536 714 3641 predictum,
729 3554 844 3642 prout
854 3566 894 3613 se
909 3555 1118 3644 comportat
1129 3567 1150 3615 a
1163 3538 1283 3643 capite
1296 3536 1405 3614 castri
1417 3535 1506 3613 dicti
1523 3534 1571 3613 de
1584 3535 1717 3615 Mulest
1726 3564 1845 3643 usque
1857 3536 1904 3613 ed

482 3668 628 3771 portale
647 3685 819 3744 vocatum
848 3668 894 3745 de
914 3669 1125 3775 Nandreya,
1147 3668 1250 3776 qrrod
1276 3686 1333 3746 est
1351 3668 1486 3747 subtus
1505 3685 1543 3746 et
1562 3695 1680 3774 prope
1701 3668 1903 3775 quamdam

484 3795 654 3889 ulmum,
673 3814 729 3887 et,
748 3798 848 3874 sicut
866 3798 1073 3875 includitur
1090 3824 1160 3905 per
1182 3827 1295 3905 aquas
1313 3798 1364 3877 de
1379 3798 1517 3875 Alsano
1538 3814 1576 3875 et
1593 3798 1643 3875 de
1659 3798 1779 3888 Dura,
1797 3800 1904 3876 nobis

483 3944 677 4032 tamquam
697 3929 942 4006 commissum
961 3957 1048 4006 eum
1072 3928 1151 4006 suis
1170 3927 1330 4006 edificiis
1356 3955 1549 4006 remanere
1570 3944 1609 4005 et
1628 3925 1821 4005 confiscari
1838 3930 1904 4006 de-

482 4055 592 4145 bere,
605 4074 647 4135 et
658 4056 706 4133 de
717 4055 880 4135 edificiis
893 4057 1073 4165 predictis
1086 4059 1232 4137 ibidem
1247 4058 1352 4139 lactis
1372 4077 1410 4138 et
1429 4058 1477 4137 de
1496 4058 1603 4137 totali
1618 4059 1703 4137 loco
1715 4060 1901 4167 predicto,

479 4216 551 4293 per
569 4217 640 4265 nos
656 4216 737 4267 esse
750 4189 1005 4267 ordinandum
1024 4208 1137 4297 prout
1152 4208 1280 4268 nomm
1295 4189 1478 4296 placuerit
1491 4188 1686 4271 voluntati.

537 4319 666 4396 Martis
684 4337 772 4425 post
789 4321 1070 4403 couversionem
1088 4322 1204 4399 sancti
1220 4320 1337 4399 Pauli.

535 4449 696 4527 Cuillier
714 4452 926 4557 reportavit.

538 4711 631 4787 Vlll
659 4710 758 4789 Cum
774 4710 1101 4803 fraterGalterius,
1117 4713 1233 4793 abbas
1250 4714 1466 4794 monsterii
1478 4710 1757 4806 Betis-Persice,
1769 4715 1904 4795 Cister-

482 4839 614 4916 ‹iensis
633 4841 793 4932 ordinis,
817 4870 943 4921 coram
967 4845 1173 4925 senescallo
1191 4863 1321 4925 nostro
1339 4846 1575 4938 Tbelosano,
1596 4863 1750 4925 vocatus
1767 4872 1838 4952 pro
1854 4873 1901 4923 eo

481 4970 754 5077 quodquidam
770 4976 947 5053 monachi
958 4978 1176 5057 monasterii
1188 4978 1367 5085 predicti,
1380 4978 1461 5086 ipso
1477 4977 1611 5059 abbate
1625 4976 1783 5070 sciente,
1800 5002 1902 5058 tuate
