4450 6209
510 746 533 817 o
992 759 996 773 ·
1093 738 1184 813 nna
1218 718 1366 815 orm

282 902 469 969 summit,
507 886 599 967 alias
627 886 735 966 mille
753 880 873 963 librar
892 883 1039 962 aalma
1057 880 1212 962 debere.
1233 880 1277 961 ln
1297 883 1424 993 nujus,
1442 898 1517 961 etc.
1545 882 1706 993 branpar
1723 886 1933 997 injammum

343 998 407 1042 ’Μ’
506 1020 702 1101 luitdicto
719 1014 858 1098 ballivo
874 1016 980 1125 quod
1003 1017 1084 1125 ipse
1102 1016 1294 1124 predictos
1308 1015 1512 1127 Egidinm,
1533 1016 1717 1107 militem,
1736 1034 1777 1098 et
1796 1018 1925 1101 Goar-

507 1154 600 1233 dum
621 1152 670 1230 de
687 1148 858 1231 Vimisno
879 1148 1008 1227 venire
1027 1144 1137 1226 laniat
1155 1146 1337 1237 Parisino,
1359 1148 1399 1225 in
1420 1146 1640 1229 Castelleto.

564 1417 622 1495 Vl.
654 1416 741 1495 Visa
759 1414 932 1520 inquesta
950 1410 1044 1489 laeta
1063 1411 1164 1488 inter
1184 1408 1385 1488 dominum
1403 1410 1616 1491 tottam
1628 1410 1682 1491 de
1701 1412 1877 1493 Kantolio
1896 1432 1932 1493 at

505 1549 716 1627 iohannem
742 1540 1104 1653 leSannim‚anper
1127 1542 1301 1651 eoquod
1325 1543 1449 1623 dietus
1469 1541 1679 1623 Sannerius
1705 1562 1835 1624 eontra
1860 1546 1934 1623 dio-

505 1676 588 1759 tnm
619 1678 781 1758 militem
813 1674 1051 1785 proponebat
1075 1674 1183 1783 quod
1207 1672 1304 1783 ipse,
1332 1692 1490 1785 propter
1511 1704 1622 1755 suam
1646 1674 1930 1788 negligentiam,

506 1813 691 1891 ceciderat
704 1841 726 1888 a
738 1810 1014 1918 proseennione
1026 1834 1137 1887 cause
1152 1808 1351 1917 nujmdam
1362 1824 1546 1887 ratramno
1561 1826 1691 1888 nonna
1703 1808 1849 1919 ipsum:
1865 1810 1933 1890 Per

504 1962 689 2023 arrestum
700 1944 820 2034 curie,
836 1942 981 2020 dictum
991 1939 1063 2019 fnit
1077 1940 1202 2049 quod,
1220 1968 1297 2019 non
1312 1938 1547 2021 obstantibus
1559 1941 1765 2051 propositis
1775 1970 1820 2021 ex
1832 1960 1933 2051 parts

507 2078 596 2158 dicti
622 2076 802 2157 lobannis
826 2074 1016 2168 Saunerii,
1040 2100 1238 2181 processus
1257 2072 1491 2182 principalis,
1514 2074 1633 2153 lactus
1656 2075 1696 2153 in
1716 2104 1826 2153 eausa
1847 2075 1931 2154 dicti

506 2227 704 2302 maanus,
724 2208 913 2287 videbitur
932 2224 972 2285 et
983 2204 1230 2315 judicabitur.

561 2474 637 2553 Vll.
667 2474 753 2553 Visa
780 2476 953 2583 inquesta
978 2489 1016 2550 et
1042 2498 1223 2580 processu
1250 2495 1361 2549 cause
1389 2488 1589 2564 retractus,
1621 2500 1745 2552 noram
1781 2470 1930 2552 domina

504 2606 633 2715 regina
657 2606 871 2715 Margaritta
894 2604 1052 2694 habitis,
1079 2605 1178 2682 inter
1203 2602 1403 2683 dominum
1425 2604 1636 2683 lobannem
1660 2603 1708 2683 de
1730 2606 1927 2695 Xantoli0‚

505 2737 684 2827 militem,
708 2764 752 2815 er
767 2766 849 2817 una
864 2752 1059 2843 parteset
1075 2735 1291 2813 iohannem
1312 2734 1503 2827 Saunerii,
1524 2762 1568 2813 ex
1588 2734 1717 2815 altera:
1737 2736 1809 2816 Per
1824 2738 1932 2847 judi-

501 2870 607 2947 einm
624 2868 744 2958 curie,
763 2869 907 2945 dietum
925 2865 998 2944 luit
1009 2865 1113 2973 quod
1131 2865 1255 2945 dietus
1271 2864 1380 2943 milen
1391 2864 1623 2946 sufficienter
1639 2868 1866 2977 probaverat
1878 2869 1932 2947 in-

505 3000 722 3079 tencionem
737 3025 862 3089 surm,
881 3017 919 3077 et
932 2997 1038 3107 quod
1055 2998 1137 3104 ipse
1155 2997 1201 3075 ad
1221 2997 1443 3107 hujusmodi
1465 3017 1668 3079 retractum
1689 3000 1930 3081 admittetur.

562 3264 655 3343 Vlll.
685 3264 784 3343 Cum
802 3264 992 3344 bobertus
1005 3264 1054 3341 de
1071 3266 1213 3343 Bermn
1229 3264 1430 3375 aquodam
1442 3264 1615 3372 judioato
1632 3284 1760 3345 contra
1778 3269 1920 3376 ipsum,

503 3426 573 3505 pro
598 3394 772 3477 lobanne
796 3398 844 3477 de
869 3394 1038 3486 Seriaco,
1067 3396 1205 3487 milite,
1236 3424 1352 3505 super
1379 3396 1544 3506 qondam
1575 3400 1734 3505 peronia
1767 3425 1929 3491 summa,

503 3558 573 3639 per
589 3526 769 3609 ballistam
789 3530 1107 3609 silvanectensem
1127 3528 1220 3619 lato,
1235 3544 1417 3635 tanquam
1433 3556 1455 3605 a
1472 3526 1564 3606 falso
1583 3546 1623 3607 et
1634 3556 1764 3637 pravo,
1786 3532 1835 3611 ad
1850 3558 1933 3609 noa-

502 3680 600 3740 toam
606 3662 757 3739 curiam
772 3658 1011 3767 appellasset,
1027 3678 1080 3749 et,
1096 3659 1237 3738 auditis
1251 3659 1421 3769 purnium
1435 3660 1651 3741 redonibus
1666 3662 1755 3739 hinc
1770 3679 1809 3739 et
1824 3662 1929 3751 inde,

504 3795 598 3873 lanta
616 3794 753 3870 brisset
775 3818 890 3898 snper
908 3791 983 3868 boc
1002 3792 1192 3899 inquesta:
1214 3790 1404 3881 Tandem,
1430 3792 1506 3869 risa
1526 3810 1565 3869 et
1586 3792 1789 3901 diligenter
1807 3794 1932 3873 audita

504 3927 677 4033 inquesta
695 3923 880 4033 predicta,
902 3952 944 3999 ac
962 3950 1141 4030 processu
1160 3950 1271 4003 cause
1290 3922 1458 4031 predicte
1478 3922 1682 4035 diligenter
1698 3926 1845 4016 audito,
1863 3954 1934 4035 per

506 4058 608 4135 uarie
626 4074 754 4135 nostre
763 4054 969 4165 judicium,
985 4052 1140 4133 anullati
1159 4054 1315 4133 luertmt
1328 4072 1407 4133 tarn
1420 4082 1620 4163 processus
1639 4055 1730 4137 otei
1749 4056 1878 4137 ballivi
1896 4075 1933 4135 et

506 4191 588 4298 ejus
600 4189 831 4299 judicatum,
855 4214 973 4295 quarn
997 4186 1209 4295 appellaoio
1226 4186 1446 4295 interposita
1467 4189 1515 4267 ab
1539 4190 1699 4283 eodem,
1728 4206 1767 4268 et
1785 4190 1934 4299 injnno-

503 4340 587 4401 tam
601 4318 1040 4410 ballivosilooootemi,
1056 4319 1124 4427 qui
1139 4318 1258 4398 modo
1273 4337 1347 4408 est,
1364 4318 1470 4427 quod
1487 4321 1518 4399 oi
1534 4320 1658 4401 dietus
1674 4321 1786 4401 miles
1797 4340 1929 4430 petere

502 4454 666 4533 voluerit
683 4478 810 4532 coram
832 4478 871 4531 se
888 4452 1090 4559 petroniam
1108 4450 1336 4559 predictam,
1359 4452 1488 4531 audiat
1507 4478 1611 4545 enm,
1634 4472 1688 4549 et,
1707 4472 1838 4535 renato
1856 4458 1929 4533 llo-

501 4586 611 4665 berto
629 4585 811 4693 predicto,
834 4612 947 4694 super
960 4586 1034 4665 hoc
1051 4584 1225 4663 erbiboat
1242 4585 1410 4692 partibus
1419 4584 1571 4694 justicie
1587 4585 1929 4693 complementum.

561 4850 621 4927 lX.
648 4849 749 4930 Cum
771 4851 870 4929 inter
889 4848 1071 4928 ballivum
1088 4848 1399 4939 Ambianensem,
1419 4873 1491 4957 pro
1507 4846 1638 4939 nebia,
1656 4874 1701 4927 en
1715 4876 1792 4929 una
1807 4867 1929 4957 parte,

506 4997 544 5058 et
566 4982 786 5089 episeopum
806 4981 1115 5072 Ambianonaena,
1139 5006 1183 5060 er
1198 4982 1339 5073 ultera,
1367 4998 1465 5061 earet
1484 4998 1565 5059 orn
1580 4978 1733 5089 photio
1752 5008 1869 5090 snper
1885 5008 1932 5059 eo

505 5114 611 5222 qrroal
629 5113 733 5192 idem
751 5115 949 5222 episeopus
969 5110 1118 5190 dicebat
1138 5140 1181 5191 ro
1197 5140 1301 5205 «esso,
1320 5131 1359 5193 et
1371 5114 1664 5221 predecessores
1681 5140 1771 5193 auos
1791 5115 1934 5222 episeo-
