<?xml version="1.0" encoding="UTF-8"?>
<!DOCTYPE html PUBLIC "-//W3C//DTD XHTML 1.0 Transitional//EN"
    "http://www.w3.org/TR/xhtml1/DTD/xhtml1-transitional.dtd">
<html xmlns="http://www.w3.org/1999/xhtml" xml:lang="en" lang="en">
 <head>
  <title>
</title>
<meta http-equiv="Content-Type" content="text/html;charset=utf-8" />
  <meta name='ocr-system' content='tesseract 3.04.00' />
  <meta name='ocr-capabilities' content='ocr_page ocr_carea ocr_par ocr_line ocrx_word'/>
</head>
<body>
  <div class='ocr_page' id='page_1' title='image "./lesolimouregist00parigoog_0180.png"; bbox 0 0 4450 6209; ppageno 0'>
   <div class='ocr_carea' id='block_1_1' title="bbox 736 683 1743 837">
    <p class='ocr_par' dir='ltr' id='par_1_1' title="bbox 736 683 1743 837">
     <span class='ocr_line' id='line_1_1' title="bbox 736 683 1743 837; baseline -0.002 -17"><span class='ocrx_word' id='word_1_1' title='bbox 736 726 1331 837; x_wconf 77' lang='lat' dir='ltr'><strong>nuouurnsnrnnocts.</strong></span> <span class='ocrx_word' id='word_1_2' title='bbox 1416 683 1421 691; x_wconf 35' lang='lat'>¹</span> <span class='ocrx_word' id='word_1_3' title='bbox 1579 728 1581 735; x_wconf 83' lang='lat'>&#39;</span> <span class='ocrx_word' id='word_1_4' title='bbox 1698 748 1743 819; x_wconf 82' lang='lat' dir='ltr'><strong>ar</strong></span> 
     </span>
    </p>
   </div>
   <div class='ocr_carea' id='block_1_2' title="bbox 280 884 1971 2147">
    <p class='ocr_par' dir='ltr' id='par_1_2' title="bbox 319 884 1971 1255">
     <span class='ocr_line' id='line_1_2' title="bbox 320 884 1971 996; baseline -0.004 -29"><span class='ocrx_word' id='word_1_5' title='bbox 320 888 550 977; x_wconf 77' lang='lat' dir='ltr'><strong>insulenses,</strong></span> <span class='ocrx_word' id='word_1_6' title='bbox 566 884 735 965; x_wconf 88' lang='lat' dir='ltr'><strong>diceutes</strong></span> <span class='ocrx_word' id='word_1_7' title='bbox 748 887 959 996; x_wconf 83' lang='lat' dir='ltr'><strong>inquestam</strong></span> <span class='ocrx_word' id='word_1_8' title='bbox 973 886 1194 995; x_wconf 88' lang='lat' dir='ltr'><strong>hujusmodi</strong></span> <span class='ocrx_word' id='word_1_9' title='bbox 1207 887 1332 963; x_wconf 86' lang='lat' dir='ltr'><strong>minus</strong></span> <span class='ocrx_word' id='word_1_10' title='bbox 1345 886 1575 963; x_wconf 86' lang='lat' dir='ltr'><strong>sufficienter</strong></span> <span class='ocrx_word' id='word_1_11' title='bbox 1587 914 1666 963; x_wconf 89' lang='lat' dir='ltr'><strong>esse</strong></span> <span class='ocrx_word' id='word_1_12' title='bbox 1680 886 1749 963; x_wconf 87' lang='lat' dir='ltr'><strong>fac·</strong></span> <span class='ocrx_word' id='word_1_13' title='bbox 1786 892 1917 950; x_wconf 67' lang='lat' dir='ltr'><strong>aarum</strong></span> <span class='ocrx_word' id='word_1_14' title='bbox 1928 898 1971 960; x_wconf 78' lang='lat' dir='ltr'><strong>W.</strong></span> 
     </span>
     <span class='ocr_line' id='line_1_3' title="bbox 319 986 1908 1125; baseline -0.002 -28"><span class='ocrx_word' id='word_1_15' title='bbox 319 1038 415 1112; x_wconf 89' lang='lat' dir='ltr'><strong>tam,</strong></span> <span class='ocrx_word' id='word_1_16' title='bbox 436 1036 474 1097; x_wconf 91' lang='lat' dir='ltr'><strong>et</strong></span> <span class='ocrx_word' id='word_1_17' title='bbox 492 1018 621 1125; x_wconf 92' lang='lat' dir='ltr'><strong>plures</strong></span> <span class='ocrx_word' id='word_1_18' title='bbox 643 1020 936 1096; x_wconf 87' lang='lat' dir='ltr'><strong>consuetudines</strong></span> <span class='ocrx_word' id='word_1_19' title='bbox 959 1035 997 1097; x_wconf 94' lang='lat' dir='ltr'><strong>et</strong></span> <span class='ocrx_word' id='word_1_20' title='bbox 1011 1017 1105 1094; x_wconf 89' lang='lat' dir='ltr'><strong>facta</strong></span> <span class='ocrx_word' id='word_1_21' title='bbox 1124 1046 1166 1093; x_wconf 92' lang='lat' dir='ltr'><strong>ac</strong></span> <span class='ocrx_word' id='word_1_22' title='bbox 1184 1019 1352 1095; x_wconf 82' lang='lat' dir='ltr'>raciones</span> <span class='ocrx_word' id='word_1_23' title='bbox 1372 1017 1461 1094; x_wconf 92' lang='lat' dir='ltr'><strong>alias</strong></span> <span class='ocrx_word' id='word_1_24' title='bbox 1477 1035 1744 1124; x_wconf 83' lang='lat' dir='ltr'><strong>proponentes,</strong></span> <span class='ocrx_word' id='word_1_25' title='bbox 1846 986 1908 1028; x_wconf 56' lang='grc' dir='ltr'><strong>Μ’</strong></span> 
     </span>
     <span class='ocr_line' id='line_1_4' title="bbox 321 1148 1746 1255; baseline -0.003 -27"><span class='ocrx_word' id='word_1_26' title='bbox 321 1151 492 1228; x_wconf 84' lang='lat' dir='ltr'>dicerent</span> <span class='ocrx_word' id='word_1_27' title='bbox 510 1148 670 1225; x_wconf 91' lang='lat' dir='ltr'><strong>eandem</strong></span> <span class='ocrx_word' id='word_1_28' title='bbox 690 1150 901 1255; x_wconf 84' lang='lat' dir='ltr'><strong>inquestam</strong></span> <span class='ocrx_word' id='word_1_29' title='bbox 920 1149 1061 1227; x_wconf 90' lang='lat' dir='ltr'><strong>debere</strong></span> <span class='ocrx_word' id='word_1_30' title='bbox 1079 1149 1248 1226; x_wconf 85' lang='lat' dir='ltr'><strong>totaliter</strong></span> <span class='ocrx_word' id='word_1_31' title='bbox 1266 1148 1450 1225; x_wconf 89' lang='lat' dir='ltr'><strong>anullari:</strong></span> <span class='ocrx_word' id='word_1_32' title='bbox 1471 1148 1659 1238; x_wconf 79' lang='lat' dir='ltr'><strong>Tandem,</strong></span> <span class='ocrx_word' id='word_1_33' title='bbox 1683 1178 1746 1224; x_wconf 90' lang='lat' dir='ltr'><strong>au·</strong></span> 
     </span>
    </p>

    <p class='ocr_par' dir='ltr' id='par_1_3' title="bbox 321 1276 1748 1388">
     <span class='ocr_line' id='line_1_5' title="bbox 321 1276 1748 1388; baseline -0.004 -29"><span class='ocrx_word' id='word_1_34' title='bbox 321 1282 409 1359; x_wconf 89' lang='lat' dir='ltr'><strong>ditis</strong></span> <span class='ocrx_word' id='word_1_35' title='bbox 425 1282 515 1388; x_wconf 88' lang='lat' dir='ltr'><strong>hinc</strong></span> <span class='ocrx_word' id='word_1_36' title='bbox 527 1280 617 1355; x_wconf 91' lang='lat' dir='ltr'><strong>iude</strong></span> <span class='ocrx_word' id='word_1_37' title='bbox 629 1280 847 1387; x_wconf 89' lang='lat' dir='ltr'><strong>propositis,</strong></span> <span class='ocrx_word' id='word_1_38' title='bbox 865 1308 935 1386; x_wconf 92' lang='lat' dir='ltr'><strong>per</strong></span> <span class='ocrx_word' id='word_1_39' title='bbox 949 1296 1131 1355; x_wconf 88' lang='lat' dir='ltr'><strong>arrestum</strong></span> <span class='ocrx_word' id='word_1_40' title='bbox 1149 1278 1252 1356; x_wconf 81' lang='lat' dir='ltr'><strong>curie</strong></span> <span class='ocrx_word' id='word_1_41' title='bbox 1268 1278 1413 1355; x_wconf 86' lang='lat' dir='ltr'><strong>dictum</strong></span> <span class='ocrx_word' id='word_1_42' title='bbox 1430 1276 1503 1355; x_wconf 88' lang='lat' dir='ltr'><strong>fuit</strong></span> <span class='ocrx_word' id='word_1_43' title='bbox 1517 1277 1621 1385; x_wconf 93' lang='lat' dir='ltr'><strong>quod</strong></span> <span class='ocrx_word' id='word_1_44' title='bbox 1635 1306 1748 1385; x_wconf 90' lang='lat' dir='ltr'><strong>super</strong></span> 
     </span>
    </p>

    <p class='ocr_par' dir='ltr' id='par_1_4' title="bbox 320 1404 1747 1490">
     <span class='ocr_line' id='line_1_6' title="bbox 320 1404 1747 1490; baseline -0.003 -1"><span class='ocrx_word' id='word_1_45' title='bbox 320 1404 505 1490; x_wconf 74' lang='lat' dir='ltr'><strong>diritaruru</strong></span> <span class='ocrx_word' id='word_1_46' title='bbox 522 1411 727 1488; x_wconf 89' lang='lat' dir='ltr'><strong>domorum</strong></span> <span class='ocrx_word' id='word_1_47' title='bbox 747 1410 1001 1488; x_wconf 77' lang='lat' dir='ltr'><strong>destructione</strong></span> <span class='ocrx_word' id='word_1_48' title='bbox 1020 1426 1059 1485; x_wconf 93' lang='lat' dir='ltr'><strong>et</strong></span> <span class='ocrx_word' id='word_1_49' title='bbox 1074 1410 1261 1488; x_wconf 89' lang='lat' dir='ltr'><strong>dictorum</strong></span> <span class='ocrx_word' id='word_1_50' title='bbox 1279 1408 1516 1486; x_wconf 84' lang='lat' dir='ltr'><strong>scabinorum</strong></span> <span class='ocrx_word' id='word_1_51' title='bbox 1531 1437 1572 1485; x_wconf 90' lang='lat' dir='ltr'><strong>ao</strong></span> <span class='ocrx_word' id='word_1_52' title='bbox 1587 1409 1747 1485; x_wconf 89' lang='lat' dir='ltr'><strong>aliorum</strong></span> 
     </span>
    </p>

    <p class='ocr_par' dir='ltr' id='par_1_5' title="bbox 320 1532 1743 1651">
     <span class='ocr_line' id='line_1_7' title="bbox 320 1532 1743 1651; baseline -0.005 -29"><span class='ocrx_word' id='word_1_53' title='bbox 320 1570 483 1651; x_wconf 88' lang='lat' dir='ltr'><strong>quorum</strong></span> <span class='ocrx_word' id='word_1_54' title='bbox 503 1542 660 1619; x_wconf 88' lang='lat' dir='ltr'><strong>interest</strong></span> <span class='ocrx_word' id='word_1_55' title='bbox 679 1540 997 1631; x_wconf 85' lang='lat' dir='ltr'><strong>deffensionibus,</strong></span> <span class='ocrx_word' id='word_1_56' title='bbox 1018 1532 1122 1616; x_wconf 87' lang='lat' dir='ltr'><strong>factis</strong></span> <span class='ocrx_word' id='word_1_57' title='bbox 1142 1557 1181 1617; x_wconf 87' lang='lat' dir='ltr'><strong>et</strong></span> <span class='ocrx_word' id='word_1_58' title='bbox 1198 1538 1554 1629; x_wconf 88' lang='lat' dir='ltr'><strong>consuetudinibus,</strong></span> <span class='ocrx_word' id='word_1_59' title='bbox 1578 1540 1680 1616; x_wconf 89' lang='lat' dir='ltr'><strong>curia</strong></span> <span class='ocrx_word' id='word_1_60' title='bbox 1694 1539 1743 1616; x_wconf 88' lang='lat' dir='ltr'><strong>fa·</strong></span> 
     </span>
    </p>

    <p class='ocr_par' dir='ltr' id='par_1_6' title="bbox 319 1662 1743 1779">
     <span class='ocr_line' id='line_1_8' title="bbox 319 1662 1743 1779; baseline -0.001 -28"><span class='ocrx_word' id='word_1_61' title='bbox 319 1675 393 1751; x_wconf 88' lang='lat' dir='ltr'><strong>ciet</strong></span> <span class='ocrx_word' id='word_1_62' title='bbox 411 1673 553 1779; x_wconf 82' lang='lat' dir='ltr'><strong>inquiri</strong></span> <span class='ocrx_word' id='word_1_63' title='bbox 569 1671 720 1779; x_wconf 90' lang='lat' dir='ltr'><strong>plenius</strong></span> <span class='ocrx_word' id='word_1_64' title='bbox 737 1662 951 1760; x_wconf 72' lang='lat' dir='ltr'><strong>veritatem</strong></span> <span class='ocrx_word' id='word_1_65' title='bbox 970 1688 1008 1748; x_wconf 91' lang='lat' dir='ltr'><strong>et</strong></span> <span class='ocrx_word' id='word_1_66' title='bbox 1023 1670 1178 1747; x_wconf 79' lang='lat' dir='ltr'><strong>interint</strong></span> <span class='ocrx_word' id='word_1_67' title='bbox 1194 1671 1357 1747; x_wconf 86' lang='lat' dir='ltr'><strong>dormiet</strong></span> <span class='ocrx_word' id='word_1_68' title='bbox 1372 1671 1543 1777; x_wconf 86' lang='lat' dir='ltr'><strong>inquesta</strong></span> <span class='ocrx_word' id='word_1_69' title='bbox 1555 1671 1743 1776; x_wconf 75' lang='lat' dir='ltr'><strong>predicta:</strong></span> 
     </span>
    </p>

    <p class='ocr_par' dir='ltr' id='par_1_7' title="bbox 319 1800 1743 1913">
     <span class='ocr_line' id='line_1_9' title="bbox 319 1800 1743 1913; baseline -0.003 -32"><span class='ocrx_word' id='word_1_70' title='bbox 319 1834 392 1913; x_wconf 92' lang='lat' dir='ltr'><strong>qua</strong></span> <span class='ocrx_word' id='word_1_71' title='bbox 411 1804 522 1895; x_wconf 89' lang='lat' dir='ltr'><strong>facta,</strong></span> <span class='ocrx_word' id='word_1_72' title='bbox 543 1833 657 1909; x_wconf 91' lang='lat' dir='ltr'><strong>super</strong></span> <span class='ocrx_word' id='word_1_73' title='bbox 675 1804 749 1881; x_wconf 88' lang='lat' dir='ltr'><strong>hoc</strong></span> <span class='ocrx_word' id='word_1_74' title='bbox 764 1802 874 1884; x_wconf 82' lang='lat' dir='ltr'><strong>faciet</strong></span> <span class='ocrx_word' id='word_1_75' title='bbox 892 1802 995 1879; x_wconf 91' lang='lat' dir='ltr'><strong>curia</strong></span> <span class='ocrx_word' id='word_1_76' title='bbox 1014 1801 1056 1877; x_wconf 90' lang='lat' dir='ltr'><strong>id</strong></span> <span class='ocrx_word' id='word_1_77' title='bbox 1075 1802 1179 1905; x_wconf 92' lang='lat' dir='ltr'><strong>quod</strong></span> <span class='ocrx_word' id='word_1_78' title='bbox 1196 1800 1387 1879; x_wconf 88' lang='lat' dir='ltr'><strong>videbitur</strong></span> <span class='ocrx_word' id='word_1_79' title='bbox 1403 1800 1678 1880; x_wconf 80' lang='lat' dir='ltr'><strong>racionabiliter</strong></span> <span class='ocrx_word' id='word_1_80' title='bbox 1692 1800 1711 1877; x_wconf 89' lang='lat' dir='ltr'><strong>f</strong></span> <span class='ocrx_word' id='word_1_81' title='bbox 1727 1848 1743 1861; x_wconf 94' lang='lat'>-</span> 
     </span>
    </p>

    <p class='ocr_par' dir='ltr' id='par_1_8' title="bbox 280 1918 1083 2147">
     <span class='ocr_line' id='line_1_10' title="bbox 280 1918 1083 2041; baseline 0 -30"><span class='ocrx_word' id='word_1_82' title='bbox 280 2038 283 2041; x_wconf 68' lang='lat'><strong>.</strong></span> <span class='ocrx_word' id='word_1_83' title='bbox 318 1918 509 2013; x_wconf 80' lang='lat' dir='ltr'><strong>ciendum.</strong></span> <span class='ocrx_word' id='word_1_84' title='bbox 1079 1962 1083 1967; x_wconf 87' lang='grc'>·</span> 
     </span>
     <span class='ocr_line' id='line_1_11' title="bbox 374 2067 768 2147; baseline 0 -5"><span class='ocrx_word' id='word_1_85' title='bbox 374 2067 475 2144; x_wconf 87' lang='lat' dir='ltr'><strong>Jovis</strong></span> <span class='ocrx_word' id='word_1_86' title='bbox 494 2082 582 2144; x_wconf 92' lang='lat' dir='ltr'><strong>ante</strong></span> <span class='ocrx_word' id='word_1_87' title='bbox 601 2067 768 2147; x_wconf 80' lang='lat' dir='ltr'><strong>Cineres.</strong></span> 
     </span>
    </p>
   </div>
   <div class='ocr_carea' id='block_1_3' title="bbox 316 2330 1744 3093">
    <p class='ocr_par' dir='ltr' id='par_1_9' title="bbox 316 2330 1744 3093">
     <span class='ocr_line' id='line_1_12' title="bbox 372 2330 1744 2439; baseline 0.001 -32"><span class='ocrx_word' id='word_1_88' title='bbox 372 2332 449 2409; x_wconf 88' lang='lat' dir='ltr'><strong>XX.</strong></span> <span class='ocrx_word' id='word_1_89' title='bbox 481 2330 595 2421; x_wconf 90' lang='lat' dir='ltr'><strong>Cum,</strong></span> <span class='ocrx_word' id='word_1_90' title='bbox 616 2344 790 2439; x_wconf 90' lang='lat' dir='ltr'><strong>tempore</strong></span> <span class='ocrx_word' id='word_1_91' title='bbox 810 2358 942 2437; x_wconf 85' lang='lat' dir='ltr'><strong>guerre</strong></span> <span class='ocrx_word' id='word_1_92' title='bbox 961 2348 1089 2408; x_wconf 88' lang='lat' dir='ltr'><strong>nostre</strong></span> <span class='ocrx_word' id='word_1_93' title='bbox 1103 2330 1283 2410; x_wconf 87' lang='lat' dir='ltr'><strong>Vasconie</strong></span> <span class='ocrx_word' id='word_1_94' title='bbox 1303 2330 1505 2435; x_wconf 90' lang='lat' dir='ltr'><strong>quamdam</strong></span> <span class='ocrx_word' id='word_1_95' title='bbox 1520 2330 1657 2407; x_wconf 88' lang='lat' dir='ltr'><strong>fortem</strong></span> <span class='ocrx_word' id='word_1_96' title='bbox 1674 2330 1744 2408; x_wconf 89' lang='lat' dir='ltr'><strong>do-</strong></span> 
     </span>
     <span class='ocr_line' id='line_1_13' title="bbox 317 2460 1743 2568; baseline 0.001 -31"><span class='ocrx_word' id='word_1_97' title='bbox 317 2490 423 2538; x_wconf 91' lang='lat' dir='ltr'><strong>mum</strong></span> <span class='ocrx_word' id='word_1_98' title='bbox 443 2460 610 2539; x_wconf 79' lang='lat' dir='ltr'><strong>Arnaudi</strong></span> <span class='ocrx_word' id='word_1_99' title='bbox 641 2478 680 2538; x_wconf 93' lang='lat' dir='ltr'><strong>et</strong></span> <span class='ocrx_word' id='word_1_100' title='bbox 704 2462 864 2539; x_wconf 84' lang='lat' dir='ltr'><strong>Boronis</strong></span> <span class='ocrx_word' id='word_1_101' title='bbox 889 2462 937 2537; x_wconf 90' lang='lat' dir='ltr'><strong>de</strong></span> <span class='ocrx_word' id='word_1_102' title='bbox 961 2461 1220 2568; x_wconf 83' lang='lat' dir='ltr'><strong>Bovinghano,</strong></span> <span class='ocrx_word' id='word_1_103' title='bbox 1248 2460 1426 2548; x_wconf 80' lang='lat' dir='ltr'><strong>fratrum,</strong></span> <span class='ocrx_word' id='word_1_104' title='bbox 1450 2488 1524 2567; x_wconf 91' lang='lat' dir='ltr'><strong>que</strong></span> <span class='ocrx_word' id='word_1_105' title='bbox 1543 2460 1743 2538; x_wconf 85' lang='lat' dir='ltr'><strong>vocabatur</strong></span> 
     </span>
     <span class='ocr_line' id='line_1_14' title="bbox 317 2590 1741 2700; baseline -0.001 -30"><span class='ocrx_word' id='word_1_106' title='bbox 317 2594 436 2683; x_wconf 83' lang='lat' dir='ltr'><strong>Mota,</strong></span> <span class='ocrx_word' id='word_1_107' title='bbox 461 2593 616 2700; x_wconf 91' lang='lat' dir='ltr'><strong>quidam</strong></span> <span class='ocrx_word' id='word_1_108' title='bbox 641 2592 916 2681; x_wconf 89' lang='lat' dir='ltr'><strong>malefactores,</strong></span> <span class='ocrx_word' id='word_1_109' title='bbox 938 2609 982 2668; x_wconf 90' lang='lat' dir='ltr'><strong>ut</strong></span> <span class='ocrx_word' id='word_1_110' title='bbox 1009 2591 1215 2678; x_wconf 86' lang='lat' dir='ltr'><strong>dicebatur,</strong></span> <span class='ocrx_word' id='word_1_111' title='bbox 1243 2591 1290 2667; x_wconf 94' lang='lat' dir='ltr'><strong>de</strong></span> <span class='ocrx_word' id='word_1_112' title='bbox 1311 2608 1422 2668; x_wconf 91' lang='lat' dir='ltr'><strong>nocte</strong></span> <span class='ocrx_word' id='word_1_113' title='bbox 1448 2608 1486 2667; x_wconf 91' lang='lat' dir='ltr'><strong>et</strong></span> <span class='ocrx_word' id='word_1_114' title='bbox 1510 2590 1741 2669; x_wconf 80' lang='lat' dir='ltr'><strong>clandestine</strong></span> 
     </span>
     <span class='ocr_line' id='line_1_15' title="bbox 317 2720 1741 2831; baseline -0.002 -30"><span class='ocrx_word' id='word_1_115' title='bbox 317 2724 586 2813; x_wconf 82' lang='lat' dir='ltr'><strong>subintrantes,</strong></span> <span class='ocrx_word' id='word_1_116' title='bbox 602 2742 731 2801; x_wconf 89' lang='lat' dir='ltr'><strong>contra</strong></span> <span class='ocrx_word' id='word_1_117' title='bbox 743 2724 844 2831; x_wconf 91' lang='lat' dir='ltr'><strong>pacis</strong></span> <span class='ocrx_word' id='word_1_118' title='bbox 859 2738 1012 2812; x_wconf 88' lang='lat' dir='ltr'><strong>statuta,</strong></span> <span class='ocrx_word' id='word_1_119' title='bbox 1026 2722 1186 2799; x_wconf 90' lang='lat' dir='ltr'><strong>eandem</strong></span> <span class='ocrx_word' id='word_1_120' title='bbox 1203 2752 1289 2799; x_wconf 91' lang='lat' dir='ltr'><strong>cum</strong></span> <span class='ocrx_word' id='word_1_121' title='bbox 1303 2722 1412 2800; x_wconf 91' lang='lat' dir='ltr'><strong>bouis</strong></span> <span class='ocrx_word' id='word_1_122' title='bbox 1424 2720 1569 2799; x_wconf 88' lang='lat' dir='ltr'><strong>ibidem</strong></span> <span class='ocrx_word' id='word_1_123' title='bbox 1582 2722 1741 2798; x_wconf 84' lang='lat' dir='ltr'><strong>existen-</strong></span> 
     </span>
     <span class='ocr_line' id='line_1_16' title="bbox 316 2851 1743 2963; baseline -0.001 -33"><span class='ocrx_word' id='word_1_124' title='bbox 316 2854 419 2933; x_wconf 89' lang='lat' dir='ltr'><strong>tibus</strong></span> <span class='ocrx_word' id='word_1_125' title='bbox 436 2855 736 2945; x_wconf 77' lang='lat' dir='ltr'><strong>comhurissent,</strong></span> <span class='ocrx_word' id='word_1_126' title='bbox 758 2873 812 2943; x_wconf 91' lang='lat' dir='ltr'><strong>et,</strong></span> <span class='ocrx_word' id='word_1_127' title='bbox 836 2855 883 2931; x_wconf 93' lang='lat' dir='ltr'><strong>ad</strong></span> <span class='ocrx_word' id='word_1_128' title='bbox 899 2854 1067 2963; x_wconf 89' lang='lat' dir='ltr'><strong>ipsorum</strong></span> <span class='ocrx_word' id='word_1_129' title='bbox 1087 2852 1245 2931; x_wconf 77' lang='lat' dir='ltr'><strong>fratrum</strong></span> <span class='ocrx_word' id='word_1_130' title='bbox 1265 2853 1500 2941; x_wconf 88' lang='lat' dir='ltr'><strong>instanciam,</strong></span> <span class='ocrx_word' id='word_1_131' title='bbox 1524 2851 1683 2929; x_wconf 89' lang='lat' dir='ltr'><strong>dilectus</strong></span> <span class='ocrx_word' id='word_1_132' title='bbox 1704 2870 1743 2929; x_wconf 90' lang='lat' dir='ltr'><strong>et</strong></span> 
     </span>
     <span class='ocr_line' id='line_1_17' title="bbox 317 2981 1743 3093; baseline -0.001 -32"><span class='ocrx_word' id='word_1_133' title='bbox 317 2982 441 3062; x_wconf 89' lang='lat' dir='ltr'><strong>fidelis</strong></span> <span class='ocrx_word' id='word_1_134' title='bbox 456 3004 585 3063; x_wconf 88' lang='lat' dir='ltr'><strong>noster</strong></span> <span class='ocrx_word' id='word_1_135' title='bbox 597 2986 896 3064; x_wconf 88' lang='lat' dir='ltr'><strong>constabularius</strong></span> <span class='ocrx_word' id='word_1_136' title='bbox 909 2985 1062 3062; x_wconf 88' lang='lat' dir='ltr'><strong>Francie</strong></span> <span class='ocrx_word' id='word_1_137' title='bbox 1078 2984 1208 3093; x_wconf 88' lang='lat' dir='ltr'><strong>bajulo</strong></span> <span class='ocrx_word' id='word_1_138' title='bbox 1221 2981 1509 3062; x_wconf 69' lang='lat' dir='ltr'><strong>GrandisCastri</strong></span> <span class='ocrx_word' id='word_1_139' title='bbox 1529 2982 1743 3060; x_wconf 90' lang='lat' dir='ltr'><strong>mandasset</strong></span> 
     </span>
    </p>
   </div>
   <div class='ocr_carea' id='block_1_4' title="bbox 310 3113 1743 5187">
    <p class='ocr_par' dir='ltr' id='par_1_10' title="bbox 310 3113 1743 5187">
     <span class='ocr_line' id='line_1_18' title="bbox 315 3113 1741 3224; baseline -0.002 -32"><span class='ocrx_word' id='word_1_140' title='bbox 315 3133 369 3206; x_wconf 91' lang='lat' dir='ltr'><strong>ut,</strong></span> <span class='ocrx_word' id='word_1_141' title='bbox 381 3117 520 3195; x_wconf 89' lang='lat' dir='ltr'><strong>vocatis</strong></span> <span class='ocrx_word' id='word_1_142' title='bbox 531 3119 737 3206; x_wconf 88' lang='lat' dir='ltr'><strong>evocandis,</strong></span> <span class='ocrx_word' id='word_1_143' title='bbox 753 3146 865 3223; x_wconf 90' lang='lat' dir='ltr'><strong>super</strong></span> <span class='ocrx_word' id='word_1_144' title='bbox 878 3119 951 3194; x_wconf 93' lang='lat' dir='ltr'><strong>hoc</strong></span> <span class='ocrx_word' id='word_1_145' title='bbox 965 3117 1174 3224; x_wconf 88' lang='lat' dir='ltr'><strong>inquireret</strong></span> <span class='ocrx_word' id='word_1_146' title='bbox 1182 3117 1393 3206; x_wconf 84' lang='lat' dir='ltr'><strong>veritatem,</strong></span> <span class='ocrx_word' id='word_1_147' title='bbox 1407 3131 1445 3219; x_wconf 83' lang='lat' dir='ltr'><strong>et</strong></span> <span class='ocrx_word' id='word_1_148' title='bbox 1460 3114 1602 3192; x_wconf 87' lang='lat' dir='ltr'><strong>eisdem</strong></span> <span class='ocrx_word' id='word_1_149' title='bbox 1616 3113 1741 3191; x_wconf 91' lang='lat' dir='ltr'><strong>fratri-</strong></span> 
     </span>
     <span class='ocr_line' id='line_1_19' title="bbox 315 3232 1743 3353; baseline -0.002 -29"><span class='ocrx_word' id='word_1_150' title='bbox 315 3246 405 3337; x_wconf 91' lang='lat' dir='ltr'><strong>bus,</strong></span> <span class='ocrx_word' id='word_1_151' title='bbox 426 3232 635 3326; x_wconf 84' lang='lat' dir='ltr'><strong>secundum</strong></span> <span class='ocrx_word' id='word_1_152' title='bbox 654 3276 766 3326; x_wconf 90' lang='lat' dir='ltr'><strong>usum</strong></span> <span class='ocrx_word' id='word_1_153' title='bbox 787 3264 824 3323; x_wconf 90' lang='lat' dir='ltr'><strong>et</strong></span> <span class='ocrx_word' id='word_1_154' title='bbox 843 3248 1156 3325; x_wconf 88' lang='lat' dir='ltr'><strong>consuetudinem</strong></span> <span class='ocrx_word' id='word_1_155' title='bbox 1176 3246 1312 3352; x_wconf 87' lang='lat' dir='ltr'><strong>patrie,</strong></span> <span class='ocrx_word' id='word_1_156' title='bbox 1329 3246 1627 3353; x_wconf 88' lang='lat' dir='ltr'><strong>faceretjusticie</strong></span> <span class='ocrx_word' id='word_1_157' title='bbox 1642 3274 1743 3323; x_wconf 89' lang='lat' dir='ltr'><strong>com-</strong></span> 
     </span>
     <span class='ocr_line' id='line_1_20' title="bbox 316 3373 1743 3485; baseline -0.001 -32"><span class='ocrx_word' id='word_1_158' title='bbox 316 3377 571 3483; x_wconf 83' lang='lat' dir='ltr'><strong>plementum3</strong></span> <span class='ocrx_word' id='word_1_159' title='bbox 592 3405 736 3485; x_wconf 90' lang='lat' dir='ltr'><strong>nosque</strong></span> <span class='ocrx_word' id='word_1_160' title='bbox 757 3378 1002 3483; x_wconf 88' lang='lat' dir='ltr'><strong>postmodum</strong></span> <span class='ocrx_word' id='word_1_161' title='bbox 1024 3376 1148 3452; x_wconf 89' lang='lat' dir='ltr'><strong>eidem</strong></span> <span class='ocrx_word' id='word_1_162' title='bbox 1168 3373 1298 3481; x_wconf 88' lang='lat' dir='ltr'><strong>bajulo</strong></span> <span class='ocrx_word' id='word_1_163' title='bbox 1320 3374 1602 3451; x_wconf 87' lang='lat' dir='ltr'><strong>mandassemus</strong></span> <span class='ocrx_word' id='word_1_164' title='bbox 1622 3391 1664 3450; x_wconf 89' lang='lat' dir='ltr'><strong>ut</strong></span> <span class='ocrx_word' id='word_1_165' title='bbox 1683 3376 1743 3453; x_wconf 91' lang='lat' dir='ltr'><strong>in·</strong></span> 
     </span>
     <span class='ocr_line' id='line_1_21' title="bbox 315 3503 1737 3617; baseline -0.003 -32"><span class='ocrx_word' id='word_1_166' title='bbox 315 3526 503 3615; x_wconf 87' lang='lat' dir='ltr'><strong>questam,</strong></span> <span class='ocrx_word' id='word_1_167' title='bbox 528 3538 643 3616; x_wconf 91' lang='lat' dir='ltr'><strong>super</strong></span> <span class='ocrx_word' id='word_1_168' title='bbox 655 3509 730 3587; x_wconf 90' lang='lat' dir='ltr'><strong>hoc</strong></span> <span class='ocrx_word' id='word_1_169' title='bbox 747 3507 879 3585; x_wconf 83' lang='lat' dir='ltr'><strong>factam</strong></span> <span class='ocrx_word' id='word_1_170' title='bbox 894 3536 962 3617; x_wconf 91' lang='lat' dir='ltr'><strong>per</strong></span> <span class='ocrx_word' id='word_1_171' title='bbox 981 3536 1068 3583; x_wconf 92' lang='lat' dir='ltr'><strong>eum</strong></span> <span class='ocrx_word' id='word_1_172' title='bbox 1089 3505 1137 3582; x_wconf 89' lang='lat' dir='ltr'><strong>de</strong></span> <span class='ocrx_word' id='word_1_173' title='bbox 1157 3504 1332 3582; x_wconf 91' lang='lat' dir='ltr'><strong>mandato</strong></span> <span class='ocrx_word' id='word_1_174' title='bbox 1354 3504 1443 3580; x_wconf 92' lang='lat' dir='ltr'><strong>dicti</strong></span> <span class='ocrx_word' id='word_1_175' title='bbox 1458 3503 1584 3581; x_wconf 87' lang='lat' dir='ltr'><strong>fidelis</strong></span> <span class='ocrx_word' id='word_1_176' title='bbox 1600 3506 1737 3593; x_wconf 90' lang='lat' dir='ltr'><strong>nostri,</strong></span> 
     </span>
     <span class='ocr_line' id='line_1_22' title="bbox 314 3635 1742 3746; baseline -0.003 -31"><span class='ocrx_word' id='word_1_177' title='bbox 314 3657 455 3716; x_wconf 89' lang='lat' dir='ltr'><strong>servata</strong></span> <span class='ocrx_word' id='word_1_178' title='bbox 469 3640 587 3746; x_wconf 84' lang='lat' dir='ltr'><strong>patrie</strong></span> <span class='ocrx_word' id='word_1_179' title='bbox 608 3639 898 3730; x_wconf 89' lang='lat' dir='ltr'><strong>consuetudine,</strong></span> <span class='ocrx_word' id='word_1_180' title='bbox 918 3636 1119 3726; x_wconf 72' lang='lat' dir='ltr'><strong>diffiniret,</strong></span> <span class='ocrx_word' id='word_1_181' title='bbox 1136 3636 1209 3712; x_wconf 90' lang='lat' dir='ltr'><strong>lata</strong></span> <span class='ocrx_word' id='word_1_182' title='bbox 1226 3635 1414 3713; x_wconf 88' lang='lat' dir='ltr'><strong>sentencia</strong></span> <span class='ocrx_word' id='word_1_183' title='bbox 1436 3662 1505 3740; x_wconf 92' lang='lat' dir='ltr'><strong>per</strong></span> <span class='ocrx_word' id='word_1_184' title='bbox 1519 3635 1662 3712; x_wconf 88' lang='lat' dir='ltr'><strong>dietum</strong></span> <span class='ocrx_word' id='word_1_185' title='bbox 1677 3636 1742 3713; x_wconf 86' lang='lat' dir='ltr'><strong>ba-</strong></span> 
     </span>
     <span class='ocr_line' id='line_1_23' title="bbox 310 3764 1737 3877; baseline -0.002 -32"><span class='ocrx_word' id='word_1_186' title='bbox 310 3770 458 3877; x_wconf 89' lang='lat' dir='ltr'><strong>julum,</strong></span> <span class='ocrx_word' id='word_1_187' title='bbox 474 3798 588 3877; x_wconf 88' lang='lat' dir='ltr'><strong>super</strong></span> <span class='ocrx_word' id='word_1_188' title='bbox 603 3799 645 3848; x_wconf 88' lang='lat' dir='ltr'><strong>ea</strong></span> <span class='ocrx_word' id='word_1_189' title='bbox 660 3770 894 3877; x_wconf 78' lang='lat' dir='ltr'><strong>signiffioavit</strong></span> <span class='ocrx_word' id='word_1_190' title='bbox 905 3768 1016 3847; x_wconf 90' lang='lat' dir='ltr'><strong>nobis</strong></span> <span class='ocrx_word' id='word_1_191' title='bbox 1030 3768 1243 3847; x_wconf 90' lang='lat' dir='ltr'><strong>Bernardus</strong></span> <span class='ocrx_word' id='word_1_192' title='bbox 1260 3767 1307 3844; x_wconf 90' lang='lat' dir='ltr'><strong>de</strong></span> <span class='ocrx_word' id='word_1_193' title='bbox 1322 3765 1558 3854; x_wconf 87' lang='lat' dir='ltr'><strong>Bovinhano,</strong></span> <span class='ocrx_word' id='word_1_194' title='bbox 1574 3764 1737 3856; x_wconf 81' lang='lat' dir='ltr'><strong>scutifer,</strong></span> 
     </span>
     <span class='ocr_line' id='line_1_24' title="bbox 314 3898 1741 4010; baseline -0.003 -33"><span class='ocrx_word' id='word_1_195' title='bbox 314 3902 421 4006; x_wconf 91' lang='lat' dir='ltr'><strong>quod</strong></span> <span class='ocrx_word' id='word_1_196' title='bbox 442 3901 542 3979; x_wconf 87' lang='lat' dir='ltr'><strong>dicta</strong></span> <span class='ocrx_word' id='word_1_197' title='bbox 563 3904 666 3981; x_wconf 88' lang='lat' dir='ltr'><strong>Mota</strong></span> <span class='ocrx_word' id='word_1_198' title='bbox 682 3908 752 4010; x_wconf 86' lang='lat' dir='ltr'><strong>pro</strong></span> <span class='ocrx_word' id='word_1_199' title='bbox 774 3929 820 3977; x_wconf 90' lang='lat' dir='ltr'><strong>eo</strong></span> <span class='ocrx_word' id='word_1_200' title='bbox 841 3899 965 3977; x_wconf 89' lang='lat' dir='ltr'><strong>fuerat</strong></span> <span class='ocrx_word' id='word_1_201' title='bbox 984 3899 1177 3976; x_wconf 88' lang='lat' dir='ltr'><strong>combusta</strong></span> <span class='ocrx_word' id='word_1_202' title='bbox 1198 3898 1287 4004; x_wconf 89' lang='lat' dir='ltr'><strong>quia</strong></span> <span class='ocrx_word' id='word_1_203' title='bbox 1308 3912 1435 3974; x_wconf 89' lang='lat' dir='ltr'><strong>contra</strong></span> <span class='ocrx_word' id='word_1_204' title='bbox 1448 3912 1578 4004; x_wconf 87' lang='lat' dir='ltr'><strong>gentes</strong></span> <span class='ocrx_word' id='word_1_205' title='bbox 1597 3914 1741 3973; x_wconf 85' lang='lat' dir='ltr'><strong>nostras</strong></span> 
     </span>
     <span class='ocr_line' id='line_1_25' title="bbox 313 4010 1741 4139; baseline -0.001 -32"><span class='ocrx_word' id='word_1_206' title='bbox 313 4032 516 4110; x_wconf 88' lang='lat' dir='ltr'><strong>tenebatur</strong></span> <span class='ocrx_word' id='word_1_207' title='bbox 533 4033 699 4123; x_wconf 89' lang='lat' dir='ltr'><strong>munita;</strong></span> <span class='ocrx_word' id='word_1_208' title='bbox 716 4030 991 4139; x_wconf 89' lang='lat' dir='ltr'><strong>propterquod</strong></span> <span class='ocrx_word' id='word_1_209' title='bbox 1008 4030 1106 4106; x_wconf 91' lang='lat' dir='ltr'><strong>dicta</strong></span> <span class='ocrx_word' id='word_1_210' title='bbox 1122 4032 1223 4109; x_wconf 90' lang='lat' dir='ltr'><strong>Mota</strong></span> <span class='ocrx_word' id='word_1_211' title='bbox 1242 4027 1290 4105; x_wconf 91' lang='lat' dir='ltr'><strong>ad</strong></span> <span class='ocrx_word' id='word_1_212' title='bbox 1311 4056 1466 4108; x_wconf 90' lang='lat' dir='ltr'><strong>manum</strong></span> <span class='ocrx_word' id='word_1_213' title='bbox 1488 4046 1654 4106; x_wconf 90' lang='lat' dir='ltr'><strong>nostram</strong></span> <span class='ocrx_word' id='word_1_214' title='bbox 1664 4010 1741 4105; x_wconf 76' lang='lat' dir='ltr'><strong>fuit</strong></span> 
     </span>
     <span class='ocr_line' id='line_1_26' title="bbox 315 4158 1736 4269; baseline -0.004 -30"><span class='ocrx_word' id='word_1_215' title='bbox 315 4163 450 4269; x_wconf 91' lang='lat' dir='ltr'><strong>posita,</strong></span> <span class='ocrx_word' id='word_1_216' title='bbox 470 4180 508 4241; x_wconf 89' lang='lat' dir='ltr'><strong>et</strong></span> <span class='ocrx_word' id='word_1_217' title='bbox 527 4164 695 4241; x_wconf 82' lang='lat' dir='ltr'><strong>executio</strong></span> <span class='ocrx_word' id='word_1_218' title='bbox 717 4163 907 4240; x_wconf 89' lang='lat' dir='ltr'><strong>sentencie</strong></span> <span class='ocrx_word' id='word_1_219' title='bbox 927 4161 1016 4239; x_wconf 91' lang='lat' dir='ltr'><strong>dicti</strong></span> <span class='ocrx_word' id='word_1_220' title='bbox 1036 4161 1154 4268; x_wconf 89' lang='lat' dir='ltr'><strong>bajuli</strong></span> <span class='ocrx_word' id='word_1_221' title='bbox 1171 4159 1369 4266; x_wconf 82' lang='lat' dir='ltr'><strong>impedita3</strong></span> <span class='ocrx_word' id='word_1_222' title='bbox 1389 4185 1458 4236; x_wconf 88' lang='lat' dir='ltr'><strong>nos</strong></span> <span class='ocrx_word' id='word_1_223' title='bbox 1475 4186 1562 4236; x_wconf 90' lang='lat' dir='ltr'><strong>vero</strong></span> <span class='ocrx_word' id='word_1_224' title='bbox 1582 4158 1736 4248; x_wconf 87' lang='lat' dir='ltr'><strong>deinde,</strong></span> 
     </span>
     <span class='ocr_line' id='line_1_27' title="bbox 315 4268 1739 4402; baseline -0.004 -33"><span class='ocrx_word' id='word_1_225' title='bbox 315 4293 363 4369; x_wconf 88' lang='lat' dir='ltr'><strong>ad</strong></span> <span class='ocrx_word' id='word_1_226' title='bbox 382 4294 671 4402; x_wconf 90' lang='lat' dir='ltr'><strong>requisicionem</strong></span> <span class='ocrx_word' id='word_1_227' title='bbox 689 4294 877 4383; x_wconf 86' lang='lat' dir='ltr'><strong>dictorum</strong></span> <span class='ocrx_word' id='word_1_228' title='bbox 897 4291 1072 4380; x_wconf 89' lang='lat' dir='ltr'><strong>fratrum,</strong></span> <span class='ocrx_word' id='word_1_229' title='bbox 1090 4319 1204 4396; x_wconf 89' lang='lat' dir='ltr'><strong>super</strong></span> <span class='ocrx_word' id='word_1_230' title='bbox 1218 4289 1397 4396; x_wconf 90' lang='lat' dir='ltr'><strong>predictis</strong></span> <span class='ocrx_word' id='word_1_231' title='bbox 1409 4288 1520 4365; x_wconf 91' lang='lat' dir='ltr'><strong>nobis</strong></span> <span class='ocrx_word' id='word_1_232' title='bbox 1535 4268 1739 4364; x_wconf 83' lang='lat' dir='ltr'><strong>denuncia-</strong></span> 
     </span>
     <span class='ocr_line' id='line_1_28' title="bbox 314 4417 1739 4532; baseline -0.005 -32"><span class='ocrx_word' id='word_1_233' title='bbox 314 4423 363 4501; x_wconf 89' lang='lat' dir='ltr'><strong>tis</strong></span> <span class='ocrx_word' id='word_1_234' title='bbox 381 4424 522 4532; x_wconf 89' lang='lat' dir='ltr'><strong>inquiri</strong></span> <span class='ocrx_word' id='word_1_235' title='bbox 540 4424 698 4504; x_wconf 82' lang='lat' dir='ltr'><strong>fecimus</strong></span> <span class='ocrx_word' id='word_1_236' title='bbox 714 4424 930 4501; x_wconf 85' lang='lat' dir='ltr'><strong>veritatem:</strong></span> <span class='ocrx_word' id='word_1_237' title='bbox 949 4423 1036 4501; x_wconf 91' lang='lat' dir='ltr'><strong>Visa</strong></span> <span class='ocrx_word' id='word_1_238' title='bbox 1050 4420 1166 4529; x_wconf 84' lang='lat' dir='ltr'><strong>igitur</strong></span> <span class='ocrx_word' id='word_1_239' title='bbox 1179 4421 1350 4527; x_wconf 83' lang='lat' dir='ltr'><strong>inquesta</strong></span> <span class='ocrx_word' id='word_1_240' title='bbox 1366 4418 1533 4523; x_wconf 84' lang='lat' dir='ltr'><strong>predicta</strong></span> <span class='ocrx_word' id='word_1_241' title='bbox 1548 4433 1586 4494; x_wconf 91' lang='lat' dir='ltr'><strong>et</strong></span> <span class='ocrx_word' id='word_1_242' title='bbox 1601 4417 1739 4494; x_wconf 90' lang='lat' dir='ltr'><strong>auditis</strong></span> 
     </span>
     <span class='ocr_line' id='line_1_29' title="bbox 313 4547 1737 4663; baseline -0.006 -31"><span class='ocrx_word' id='word_1_243' title='bbox 313 4573 391 4633; x_wconf 89' lang='lat' dir='ltr'><strong>tam</strong></span> <span class='ocrx_word' id='word_1_244' title='bbox 418 4556 509 4634; x_wconf 89' lang='lat' dir='ltr'><strong>dicti</strong></span> <span class='ocrx_word' id='word_1_245' title='bbox 530 4556 714 4634; x_wconf 89' lang='lat' dir='ltr'><strong>Bernardi</strong></span> <span class='ocrx_word' id='word_1_246' title='bbox 734 4584 848 4663; x_wconf 91' lang='lat' dir='ltr'><strong>quam</strong></span> <span class='ocrx_word' id='word_1_247' title='bbox 875 4554 1062 4632; x_wconf 90' lang='lat' dir='ltr'><strong>dictorum</strong></span> <span class='ocrx_word' id='word_1_248' title='bbox 1084 4552 1241 4629; x_wconf 88' lang='lat' dir='ltr'><strong>fratrum</strong></span> <span class='ocrx_word' id='word_1_249' title='bbox 1265 4547 1494 4639; x_wconf 81' lang='lat' dir='ltr'><strong>racionibus,</strong></span> <span class='ocrx_word' id='word_1_250' title='bbox 1520 4549 1594 4623; x_wconf 83' lang='lat' dir='ltr'><strong>visa</strong></span> <span class='ocrx_word' id='word_1_251' title='bbox 1619 4548 1737 4623; x_wconf 85' lang='lat' dir='ltr'><strong>eciam</strong></span> 
     </span>
     <span class='ocr_line' id='line_1_30' title="bbox 314 4677 1738 4795; baseline -0.005 -32"><span class='ocrx_word' id='word_1_252' title='bbox 314 4686 507 4765; x_wconf 86' lang='lat' dir='ltr'><strong>senescalli</strong></span> <span class='ocrx_word' id='word_1_253' title='bbox 530 4688 648 4766; x_wconf 88' lang='lat' dir='ltr'><strong>nostri</strong></span> <span class='ocrx_word' id='word_1_254' title='bbox 674 4686 907 4795; x_wconf 73' lang='lat' dir='ltr'><strong>Agenueusis</strong></span> <span class='ocrx_word' id='word_1_255' title='bbox 929 4683 1198 4789; x_wconf 88' lang='lat' dir='ltr'><strong>rescripoione,</strong></span> <span class='ocrx_word' id='word_1_256' title='bbox 1225 4708 1265 4757; x_wconf 91' lang='lat' dir='ltr'><strong>ac</strong></span> <span class='ocrx_word' id='word_1_257' title='bbox 1284 4678 1536 4786; x_wconf 89' lang='lat' dir='ltr'><strong>procuratoris</strong></span> <span class='ocrx_word' id='word_1_258' title='bbox 1560 4677 1678 4756; x_wconf 85' lang='lat' dir='ltr'><strong>nostri</strong></span> <span class='ocrx_word' id='word_1_259' title='bbox 1698 4679 1738 4756; x_wconf 92' lang='lat' dir='ltr'><strong>iu</strong></span> 
     </span>
     <span class='ocr_line' id='line_1_31' title="bbox 313 4807 1741 4925; baseline -0.005 -31"><span class='ocrx_word' id='word_1_260' title='bbox 313 4817 500 4925; x_wconf 81' lang='lat' dir='ltr'><strong>Agauesio</strong></span> <span class='ocrx_word' id='word_1_261' title='bbox 512 4819 716 4905; x_wconf 87' lang='lat' dir='ltr'><strong>relacione,</strong></span> <span class='ocrx_word' id='word_1_262' title='bbox 732 4845 801 4923; x_wconf 89' lang='lat' dir='ltr'><strong>per</strong></span> <span class='ocrx_word' id='word_1_263' title='bbox 815 4816 918 4894; x_wconf 88' lang='lat' dir='ltr'><strong>curie</strong></span> <span class='ocrx_word' id='word_1_264' title='bbox 933 4832 1060 4893; x_wconf 91' lang='lat' dir='ltr'><strong>nostre</strong></span> <span class='ocrx_word' id='word_1_265' title='bbox 1072 4812 1278 4921; x_wconf 85' lang='lat' dir='ltr'><strong>judicium,</strong></span> <span class='ocrx_word' id='word_1_266' title='bbox 1295 4810 1438 4888; x_wconf 88' lang='lat' dir='ltr'><strong>dictum</strong></span> <span class='ocrx_word' id='word_1_267' title='bbox 1453 4808 1526 4885; x_wconf 90' lang='lat' dir='ltr'><strong>fuit</strong></span> <span class='ocrx_word' id='word_1_268' title='bbox 1539 4807 1643 4915; x_wconf 91' lang='lat' dir='ltr'><strong>quod</strong></span> <span class='ocrx_word' id='word_1_269' title='bbox 1656 4838 1741 4915; x_wconf 90' lang='lat' dir='ltr'><strong>pre-</strong></span> 
     </span>
     <span class='ocr_line' id='line_1_32' title="bbox 315 4938 1735 5040; baseline -0.005 -14"><span class='ocrx_word' id='word_1_270' title='bbox 315 4949 413 5026; x_wconf 90' lang='lat' dir='ltr'><strong>dicta</strong></span> <span class='ocrx_word' id='word_1_271' title='bbox 432 4952 553 5040; x_wconf 89' lang='lat' dir='ltr'><strong>Mota,</strong></span> <span class='ocrx_word' id='word_1_272' title='bbox 568 4979 684 5027; x_wconf 90' lang='lat' dir='ltr'><strong>manu</strong></span> <span class='ocrx_word' id='word_1_273' title='bbox 698 4965 825 5028; x_wconf 89' lang='lat' dir='ltr'><strong>nostra</strong></span> <span class='ocrx_word' id='word_1_274' title='bbox 839 4948 929 5025; x_wconf 89' lang='lat' dir='ltr'><strong>inde</strong></span> <span class='ocrx_word' id='word_1_275' title='bbox 945 4960 1088 5036; x_wconf 89' lang='lat' dir='ltr'><strong>amota,</strong></span> <span class='ocrx_word' id='word_1_276' title='bbox 1103 4944 1247 5021; x_wconf 90' lang='lat' dir='ltr'><strong>eisdem</strong></span> <span class='ocrx_word' id='word_1_277' title='bbox 1262 4942 1438 5020; x_wconf 85' lang='lat' dir='ltr'><strong>fratribus</strong></span> <span class='ocrx_word' id='word_1_278' title='bbox 1454 4938 1735 5032; x_wconf 90' lang='lat' dir='ltr'><strong>deliberabitur,</strong></span> 
     </span>
     <span class='ocr_line' id='line_1_33' title="bbox 315 5061 1611 5187; baseline -0.008 -31"><span class='ocrx_word' id='word_1_279' title='bbox 315 5096 354 5157; x_wconf 88' lang='lat' dir='ltr'><strong>et</strong></span> <span class='ocrx_word' id='word_1_280' title='bbox 371 5080 475 5187; x_wconf 89' lang='lat' dir='ltr'><strong>quod</strong></span> <span class='ocrx_word' id='word_1_281' title='bbox 494 5082 662 5187; x_wconf 89' lang='lat' dir='ltr'><strong>predicta</strong></span> <span class='ocrx_word' id='word_1_282' title='bbox 681 5080 770 5157; x_wconf 88' lang='lat' dir='ltr'><strong>dicti</strong></span> <span class='ocrx_word' id='word_1_283' title='bbox 789 5078 905 5185; x_wconf 89' lang='lat' dir='ltr'><strong>bajuli</strong></span> <span class='ocrx_word' id='word_1_284' title='bbox 926 5075 1112 5155; x_wconf 87' lang='lat' dir='ltr'><strong>sentencia</strong></span> <span class='ocrx_word' id='word_1_285' title='bbox 1128 5061 1367 5153; x_wconf 81' lang='lat' dir='ltr'><strong>mandabitur</strong></span> <span class='ocrx_word' id='word_1_286' title='bbox 1386 5071 1611 5149; x_wconf 81' lang='lat' dir='ltr'><strong>execucioni.</strong></span> 
     </span>
    </p>
   </div>
   <div class='ocr_carea' id='block_1_5' title="bbox 400 5248 1736 5319">
    <p class='ocr_par' dir='ltr' id='par_1_11' title="bbox 400 5248 1736 5319">
     <span class='ocr_line' id='line_1_34' title="bbox 400 5248 1736 5319; baseline -0.011 -19"><span class='ocrx_word' id='word_1_287' title='bbox 400 5256 451 5299; x_wconf 76' lang='lat' dir='ltr'><strong>us</strong></span> <span class='ocrx_word' id='word_1_288' title='bbox 470 5257 553 5319; x_wconf 73' lang='lat' dir='ltr'><strong>otiu.</strong></span> <span class='ocrx_word' id='word_1_289' title='bbox 575 5259 622 5298; x_wconf 87' lang='lat'>111.</span> <span class='ocrx_word' id='word_1_290' title='bbox 833 5280 840 5298; x_wconf 88' lang='grc'><strong><em>,</em></strong></span> <span class='ocrx_word' id='word_1_291' title='bbox 1574 5248 1606 5287; x_wconf 88' lang='grc' dir='ltr'><strong>ιι</strong></span> <span class='ocrx_word' id='word_1_292' title='bbox 1732 5258 1736 5263; x_wconf 85' lang='grc'><em>·</em></span> 
     </span>
    </p>
   </div>
   <div class='ocr_carea' id='block_1_6' title="bbox 0 0 2230 6209">
    <p class='ocr_par' dir='ltr' id='par_1_12' title="bbox 0 0 2230 6209">
     <span class='ocr_line' id='line_1_35' title="bbox 0 0 2230 6209; baseline 0 2"><span class='ocrx_word' id='word_1_293' title='bbox 0 0 2230 6209; x_wconf 95' lang='lat' dir='ltr'><strong> </strong></span> 
     </span>
    </p>
   </div>
  </div>
 </body>
</html>
