4450 6209
745 716 1013 825 anounrns
1038 735 1102 806 nr
1127 715 1334 810 paones.
1679 739 1753 816 aaa

331 873 574 956 medietatem
588 874 661 953 sibi
681 873 900 963 deliberari,
916 873 1080 953 offerens
1093 903 1134 952 se
1149 874 1197 954 ad
1209 875 1422 955 medietatis
1436 876 1652 958 debitorum
1665 881 1755 960 dicti
1793 904 1923 964 annm
1935 909 1979 973 tv,

331 1010 375 1088 R.
392 1035 468 1115 que
485 1023 596 1084 eram
611 1024 784 1114 tempore
800 1007 934 1084 mortis
947 1008 1030 1114 ejus
1047 1005 1281 1086 solucionem
1296 1025 1480 1115 paratam,
1502 1010 1677 1117 pluribus
1696 1041 1755 1090 ra-
1856 999 1918 1046 ¹³⁰⁷·

333 1139 507 1218 cionihus
518 1154 560 1216 et
576 1136 919 1216 consuetudinibus
932 1165 1003 1243 pro
1020 1155 1126 1245 porte
1140 1166 1206 1218 sua
1221 1139 1269 1216 ad
1286 1140 1358 1218 hoc
1377 1138 1559 1250 allegatis,
1578 1142 1674 1222 dicta
1696 1171 1758 1224 co-

333 1269 476 1348 mitissa
493 1268 669 1348 Mathitdi
694 1269 925 1347 contamium
952 1269 1182 1358 dicente„et
1199 1288 1434 1378 proponente
1455 1270 1593 1353 dictam
1613 1276 1757 1380 Marga-

332 1400 443 1478 ritam
463 1426 578 1504 super
596 1399 670 1477 hoc
689 1399 812 1477 audiri
828 1429 907 1478 non
930 1398 1087 1491 debere,
1105 1417 1237 1509 utpote
1263 1401 1448 1481 exclusam
1470 1403 1518 1482 ab
1538 1405 1756 1512 hujusmodi

333 1531 521 1638 peticione
547 1558 632 1619 sua,
654 1557 722 1635 per
746 1530 894 1638 lapsum
913 1531 1114 1637 temporis,
1142 1560 1186 1610 ex
1208 1533 1327 1639 patrie
1343 1535 1620 1616 consuetudine
1644 1565 1758 1645 super

334 1664 408 1740 hoc
421 1659 640 1748 introducti,
660 1676 699 1737 et
712 1676 899 1738 asserente
917 1689 958 1737 se
971 1660 1019 1737 ad
1031 1660 1199 1766 predicta
1209 1690 1285 1739 non
1301 1663 1434 1758 teneri,
1451 1692 1520 1769 pro
1536 1693 1582 1744 eo
1597 1669 1756 1746 maxime

335 1791 459 1900 quod,
473 1791 543 1872 etsi
559 1790 698 1870 nobilis
711 1791 767 1868 vir
780 1791 885 1881 Otto,
900 1818 1027 1870 comes
1035 1791 1272 1899 Burgundie,
1284 1795 1478 1901 qnondam
1489 1797 1570 1903 ejus
1584 1800 1755 1890 maritus,

334 1949 375 2002 se
392 1921 507 2002 bom's
528 1919 736 2001 mobilibus
754 1920 845 2002 dicti
866 1923 909 2000 R.
929 1921 1202 2012 immiscuerat,
1230 1922 1304 2004 hoc
1327 1941 1455 2003 umen
1481 1925 1604 2006 fuerat
1631 1947 1758 2010 contra

334 2052 567 2167 voluntatem
595 2052 714 2158 ipsius
732 2051 945 2143 Mathildis,
966 2070 1006 2130 et
1023 2053 1145 2160 quod,
1165 2070 1319 2136 mortuo
1340 2054 1441 2136 dicto
1460 2056 1626 2151 ottone,
1648 2059 1759 2138 bonis

337 2181 543 2264 mobilibus
559 2181 732 2288 ejusdem
742 2183 823 2289 ipsa
834 2181 1031 2262 Mathildis
1041 2185 1289 2276 renunciavit,
1303 2185 1432 2293 plures
1446 2186 1493 2263 ad
1507 2188 1596 2280 hoc,
1618 2218 1686 2296 pro
1701 2219 1757 2281 se,

336 2315 507 2394 raciones
525 2329 565 2392 et
578 2313 876 2393 consuetudines
889 2341 1106 2420 proponens
1118 2315 1222 2394 :Visa
1241 2315 1355 2422 igitur
1369 2317 1540 2423 inqueeta
1559 2347 1672 2425 super
1687 2322 1760 2400 hoc

338 2445 387 2524 de
404 2443 583 2523 mandate
603 2442 708 2522 curie
725 2441 984 2532 domefacta,
1008 2444 1298 2549 pronunciatum
1319 2443 1408 2536 fuit,
1426 2475 1494 2553 per
1508 2448 1612 2527 curie
1632 2466 1758 2528 nostre

332 2573 543 2682 juditium,
565 2573 703 2654 dictam
726 2573 963 2686 Margaritam
983 2573 1030 2653 ab
1048 2573 1270 2681 hujusmodi
1290 2576 1473 2682 petitione
1493 2607 1561 2658 sua
1581 2607 1658 2658 non
1679 2609 1758 2660 esse

336 2733 406 2813 per
427 2704 577 2812 lapsum
602 2702 785 2810 temporis
805 2703 1014 2793 exclusam,
1044 2723 1083 2784 et
1106 2705 1297 2786 dictorum
1321 2707 1514 2788 bonorum
1537 2708 1757 2800 mobilium,

337 2863 412 2944 qne
427 2834 592 2914 babebat
610 2833 733 2914 dictus
748 2837 792 2912 tt
813 2852 986 2942 tempore
1005 2863 1082 2942 quo
1097 2835 1177 2942 ipse
1192 2835 1368 2927 decessit,
1387 2837 1487 2916 inter
1501 2838 1619 2918 dictas
1636 2858 1759 2945 partes

338 2965 559 3046 dividam
575 2993 622 3044 eo
640 2964 848 3072 modoque
863 2965 1014 3073 petitur,
1035 2965 1176 3046 scilicet
1189 2968 1431 3048 medietatem
1452 2969 1640 3048 dictorum
1660 2971 1761 3050 debi-

339 3096 687 3202 tosnmsolaendo,
709 3125 790 3176 esse
809 3097 1019 3177 faciendam
1040 3115 1078 3176 et
1097 3098 1196 3176 dicte
1217 3077 1414 3207 Margarita
1435 3101 1729 3182 deliberandam.

393 3231 502 3309 Lune
512 3245 601 3336 post
613 3229 766 3307 octabas
781 3227 1006 3336 Epiphania.

396 3361 448 3440 Μ.
468 3362 513 3438 Η.
532 3359 692 3440 Guiilicr
707 3359 923 3467 reportavit.

395 3625 469 3701 ul.
504 3625 602 3702 Cum
630 3624 731 3702 inter
756 3624 994 3732 Margaritam
1023 3624 1070 3702 de
1104 3624 1291 3716 Bononia,
1322 3623 1490 3704 relictam
1520 3626 1688 3705 destructi
1717 3633 1759 3708 R.

341 3755 534 3861 qnondam
554 3754 703 3835 combis
721 3753 1014 3848 Attrebatcnsis,
1036 3783 1081 3832 ex
1104 3783 1178 3832 una
1200 3772 1326 3862 parte,
1349 3773 1389 3834 ct
1406 3756 1635 3848 mathildim,
1662 3787 1785 3838 nunc,

341 3886 568 3964 comitissam
591 3886 908 3976 Attrebatcusam,
934 3885 1136 3975 etaltera,
1163 3903 1265 3964 mota
1290 3885 1423 3965 fuisset
1445 3887 1485 3964 in
1508 3888 1611 3966 curia
1637 3909 1764 3969 nostra

343 4015 530 4095 muron
542 4045 657 4124 super
670 4045 716 4096 eo
737 4019 844 4124 quod
863 4018 1011 4094 dicebat
1025 4016 1124 4094 dicta
1138 4018 1335 4125 Margarita
1350 4018 1492 4096 dictum
1512 4021 1762 4128 R.-quondam

341 4147 521 4225 maritum
543 4176 675 4237 snum,
697 4165 889 4226 constante
904 4148 1146 4226 matrimonio
1166 4148 1265 4226 inter
1284 4176 1370 4238 eos,
1388 4148 1517 4255 plures
1535 4171 1765 4257 conquestus

342 4276 493 4368 seciam,
514 4296 594 4356 tam
613 4277 715 4384 aptrd
731 4278 925 4359 Kalesium
943 4306 1058 4384 quam
1081 4279 1120 4353 in
1146 4295 1245 4354 terra
1272 4277 1321 4356 de
1349 4279 1492 4369 Menke,
1518 4307 1632 4387 quam
1662 4283 1765 4387 apud

344 4410 556 4516 Hysdinnm
574 4427 615 4488 et
639 4410 680 4486 in
700 4409 788 4486 silla
805 4408 1016 4495 d'Avesnes,
1038 4425 1078 4485 et
1097 4409 1262 4488 eundem
1282 4409 1400 4486 eciam
1419 4411 1461 4485 R.
1482 4408 1608 4485 villam
1630 4412 1677 4486 de
1696 4413 1764 4492 Es-

343 4539 452 4646 pleke
471 4559 509 4620 at
524 4540 561 4618 le
576 4541 819 4622 Teurneham
834 4557 873 4617 et
889 4538 925 4616 la
935 4540 1138 4628 Moutoire,
1150 4537 1306 4616 dumnte
1321 4539 1491 4646 predicto
1507 4540 1763 4630 matrimonio,

344 4672 596 4778 aaqnmisisse,
613 4688 747 4778 petens
765 4670 1006 4757 medietatem
1027 4670 1217 4748 dictorum
1237 4687 1511 4777 conquestuum
1533 4668 1602 4746 sibi
1624 4671 1768 4749 deliba·

346 4803 435 4891 rari,
463 4802 637 4912 pluribus
661 4831 706 4881 ex
730 4820 835 4911 parte
859 4831 925 4880 sua
951 4802 1167 4880 rationibus
1191 4783 1231 4878 'et
1255 4799 1593 4880 consuetudinibus
1619 4801 1669 4878 ad
1694 4804 1767 4881 hoc

346 4930 530 5039 allegatis3
549 4934 650 5010 dicta
667 4932 855 5012 comitissa
873 4933 1047 5012 Mathildi
1068 4933 1298 5024 contrarium
1323 4932 1487 5025 dicente,
1508 4949 1547 5010 et
1568 4933 1696 5040 plures
1716 4935 1764 5012 ad

354 5063 427 5141 hoc
447 5063 616 5142 raciones
635 5056 672 5143 et
689 5064 997 5155 consuetudines,
1020 5093 1089 5170 pro
1107 5082 1211 5172 parte
1224 5091 1316 5154 ¹esua,
1334 5082 1588 5171 proponente:
1611 5066 1697 5142 Visa
1714 5065 1770 5140 in-
