4450 6209
500 745 572 813 710
1072 741 1164 814 tos
1193 741 1335 815 OLlM.

272 896 402 952 rarum
415 895 458 958 tv.
496 884 662 991 positura
674 881 869 961 Parisiensi
883 899 919 958 et
931 883 1202 990 ejusressorto,
1216 913 1259 959 ex
1269 912 1343 960 una
1355 901 1476 990 parte,
1491 901 1530 962 et
1540 885 1764 964 Niclrolaum
1778 887 1824 966 de
1836 891 1911 966 Lai·

333 991 396 1034 llll.

494 1042 579 1122 goy,
598 1013 715 1091 civem
733 1012 994 1103 Parisiensem,
1015 1039 1058 1089 ex
1078 1012 1207 1104 altera,
1229 1042 1344 1120 super
1362 1015 1528 1121 eoquod
1542 1013 1691 1094 dicebat
1708 1015 1829 1095 dictus
1841 1019 1910 1098 Ge-
2000 1116 2004 1122 Ι

496 1143 614 1222 irinus
633 1144 737 1251 quod
758 1171 843 1220 cum
863 1142 958 1249 ipse,
982 1143 1030 1220 de
1046 1143 1223 1223 mandato
1239 1144 1507 1252 magistrorum
1524 1145 1709 1223 dictarum
1727 1149 1909 1228 nundina·

495 1305 579 1352 rum
597 1273 817 1353 litteratorie
832 1273 902 1352 sibi
918 1272 1031 1364 lacto,
1048 1275 1314 1352 Theobaldum
1330 1275 1379 1353 de
1396 1276 1502 1366 Buci,
1519 1277 1638 1354 civem
1651 1279 1907 1374 Parisiensem,

495 1423 533 1483 et
553 1408 634 1515 ejus
654 1407 770 1498 bona,
791 1433 860 1514 pro
880 1407 1124 1514 septingentis
1139 1407 1267 1516 viginti
1284 1408 1433 1486 duabus
1447 1407 1568 1498 libris,
1586 1407 1626 1486 in
1641 1409 1780 1515 quibus
1792 1413 1909 1491 dictus

492 1537 734 1617 Theobaldus
746 1537 946 1616 tenebatur
959 1537 1092 1647 Egidio
1109 1538 1211 1616 dicto
1227 1541 1399 1629 Lamant,
1418 1541 1615 1618 mercatori
1630 1569 1843 1648 pannorum
1863 1547 1907 1622 de

492 1671 675 1779 Malynes,
698 1669 746 1748 de
763 1697 918 1776 empore
934 1669 1207 1762 nundinarum,
1228 1699 1376 1749 necnon
1398 1688 1435 1749 et
1451 1699 1521 1779 pro
1540 1672 1701 1750 emenda
1722 1672 1906 1752 dictorum

492 1802 772 1911 magistrorum,
799 1801 946 1880 racione
971 1801 1070 1879 dicte
1096 1829 1245 1879 summe
1269 1803 1440 1908 predicto
1458 1803 1593 1910 Egidio
1618 1829 1698 1880 non
1718 1804 1842 1885 solute
1865 1806 1909 1883 ad

489 1935 672 2011 terminos
693 1933 933 2020 constitutos,
964 1949 1078 2039 prout
1102 1933 1141 2008 in
1163 1932 1299 2010 litteris
1326 1933 1515 2012 dictomm
1537 1934 1817 2042 magistrorum,
1842 1965 1907 2043 pro

490 2065 718 2172 exequendis
735 2063 877 2142 eisdem
893 2061 964 2152 sibi
982 2063 1151 2152 directis,
1172 2063 1318 2141 dicebat
1330 2063 1452 2142 dictus
1463 2063 1643 2144 Gelrinus
1656 2063 1809 2171 plenius
1822 2095 1907 2144 con·

487 2197 618 2286 tineri,
633 2213 825 2302 tamquam
845 2210 1021 2272 executor
1038 2193 1128 2272 dicti
1150 2195 1332 2284 mandati,
1348 2223 1497 2274 necnon
1512 2213 1550 2273 et
1564 2196 1776 2274 litterarum
1796 2197 1907 2276 dicta·

489 2357 573 2404 rum
593 2327 867 2412 nundinarum,
883 2324 1056 2402 videlicet
1071 2325 1242 2404 debonis
1257 2326 1348 2404 dicti
1366 2326 1578 2404 'l'heobaldi
1592 2327 1774 2434 usquead
1791 2359 1906 2436 quen·

486 2459 632 2536 titatem
647 2458 832 2564 sexaginta
847 2474 990 2564 septem
1011 2484 1220 2564 pannorum
1234 2457 1467 2536 diversorum
1484 2457 1654 2536 locorum
1667 2456 1818 2536 fecisset
1829 2461 1906 2568 capi

488 2606 524 2666 et
545 2588 735 2677 arrestari,
758 2587 879 2665 dictus
894 2585 1082 2676 Nicolaus,
1103 2614 1230 2665 coram
1245 2586 1347 2666 dicto
1361 2604 1563 2666 executore
1581 2588 1827 2679 constitutus,
1844 2620 1906 2696 per

487 2721 628 2799 litteras
641 2719 764 2828 sigillo
777 2717 964 2798 Castelleti
985 2717 1181 2824 sigillatas,
1199 2747 1240 2795 se
1258 2745 1328 2825 pro
1346 2717 1448 2796 dicto
1467 2717 1692 2798 Theobaldo
1710 2717 1906 2800 efficaciter

487 2851 663 2959 obligavit
683 2851 729 2928 ad
749 2848 986 2928 reddendum
1002 2867 1039 2927 ct
1055 2848 1279 2927 solvendum
1294 2849 1421 2926 eidem
1433 2847 1584 2957 Egidio,
1602 2851 1813 2940 mercatori,
1825 2881 1906 2958 pre-

487 2983 623 3061 dictam
644 2981 803 3088 pecunie
820 3001 1021 3068 summam,
1035 3010 1121 3057 cum
1138 2979 1297 3056 emenda
1314 2980 1502 3057 dictorum
1521 2979 1796 3088 magistrorum,
1813 2982 1904 3059 inliu

485 3113 690 3190 terminum
704 3113 781 3222 jam
800 3111 985 3218 elapsum,
1008 3127 1045 3187 et
1066 3139 1122 3198 se,
1140 3127 1323 3216 quantum
1341 3110 1389 3186 ad
1407 3111 1497 3199 hoc,
1513 3110 1708 3188 constituit
1721 3111 1903 3218 principa·

486 3243 562 3322 lem
583 3243 811 3330 debitorem,
833 3242 903 3320 sub
919 3240 1062 3319 eisdem
1079 3240 1203 3318 modis
1222 3257 1260 3318 et
1278 3241 1397 3318 torma
1415 3240 1557 3349 quibus
1569 3241 1770 3319 tenebatur
1783 3243 1903 3322 dictus

483 3375 726 3455 Theobaldus
741 3371 866 3450 eidem
880 3371 1092 3460 mercatori,
1113 3387 1151 3448 et
1168 3371 1220 3448 sic
1239 3370 1362 3448 dictus
1375 3369 1568 3460 Getrinas,
1584 3389 1770 3461 executor,
1788 3373 1900 3450 fidem

482 3508 600 3615 ipsius
610 3503 751 3583 Nicolai
763 3519 931 3595 secutus,
945 3503 1089 3579 dictum
1099 3501 1365 3579 Theobaldum
1379 3501 1512 3580 adicto
1525 3518 1665 3580 arresto
1682 3500 1855 3579 liberavit
1866 3521 1902 3579 et

483 3637 607 3714 eidem
621 3633 774 3715 Nicolao
787 3633 907 3712 dictos
925 3633 1112 3740 sexaginta
1129 3649 1271 3738 septem
1286 3657 1429 3737 pannos
1439 3629 1599 3710 tradidit
1610 3648 1648 3708 et
1666 3630 1898 3721 deliberarit;

481 3786 533 3858 et,
555 3769 643 3877 quia
661 3767 784 3845 dictus
803 3762 976 3843 Nicolaus
996 3761 1165 3869 predicto
1184 3762 1318 3868 Egidio
1337 3753 1538 3839 mercatori
1555 3762 1604 3839 de
1623 3759 1722 3839 dicta
1743 3763 1898 3868 pecunie

480 3927 625 3976 summa
640 3897 798 3974 minime
815 3893 1006 3981 satisfecit,
1029 3891 1152 3969 dictus
1170 3891 1349 3970 Gefrinus
1366 3890 1581 3998 predictum
1601 3891 1797 3969 Nicolaum
1815 3893 1899 3969 fecit

478 4056 547 4133 per
565 4025 797 4134 prepositum
813 4022 1058 4102 Parisiensem
1073 4022 1172 4127 capi,
1194 4038 1231 4099 et
1249 4021 1348 4100 bona
1362 4049 1430 4099 sua
1443 4021 1563 4101 saisiri
1580 4039 1618 4099 et
1634 4025 1822 4114 arrestari,
1837 4052 1899 4128 pe·

479 4175 562 4235 tens
587 4173 624 4234 et
641 4155 852 4262 supplicans
871 4152 971 4232 dicto
997 4152 1188 4259 preposito
1208 4151 1352 4229 dictum
1373 4153 1568 4230 Nicolaum
1585 4151 1732 4230 tamdiu
1751 4169 1896 4259 captum

479 4287 656 4382 detineri,
675 4313 822 4372 necnon
843 4285 977 4392 atejus
990 4282 1212 4367 bonavendi
1229 4300 1267 4360 et
1287 4282 1483 4389 explectari
1504 4311 1705 4391 quousque
1721 4299 1819 4360 esset
1833 4312 1897 4388 per

479 4421 643 4497 eundem
665 4421 712 4496 de
735 4418 834 4494 dicta
853 4415 1014 4522 pecunie
1039 4442 1183 4491 summa
1204 4413 1329 4491 eidem
1348 4416 1546 4494 mercatori
1567 4430 1605 4491 et
1622 4412 1802 4521 predictis
1820 4440 1896 4489 nra-

475 4549 599 4655 gistris
612 4550 659 4625 de
671 4577 804 4626 eorum
816 4544 975 4623 emenda
988 4544 1172 4652 predicta,
1184 4545 1281 4622 sicut
1290 4547 1528 4650 promiserat,
1543 4543 1786 4633 satisfactum
1800 4543 1895 4619 dicto

476 4677 639 4766 Nicolao,
660 4677 787 4757 multis
799 4676 1029 4765 racionibus,
1055 4676 1093 4750 in
1106 4675 1337 4752 contrarium
1351 4693 1588 4786 proponente
1602 4675 1772 4782 predicta
1784 4673 1895 4780 petita

473 4835 541 4912 per
556 4807 699 4884 dictum
720 4805 931 4886 Geffrinum
952 4803 1033 4880 [ieri
1055 4830 1132 4880 non
1154 4803 1312 4894 debere,
1331 4820 1370 4882 et
1388 4804 1537 4883 dicente
1556 4803 1835 4882 recredenciam
1849 4800 1894 4877 de

474 4965 633 5044 persona
650 4954 687 5015 et
705 4936 816 5014 bonis
829 4937 920 5025 suis,
939 4963 1008 5043 per
1023 4935 1167 5011 dictum
1179 4935 1430 5042 prepositum,
1446 4953 1486 5014 et
1502 4935 1620 5012 eciam
1640 4933 1793 5040 plenam
1804 4931 1894 5009 libe·

474 5069 663 5146 racionem
686 5066 769 5146 lieri
791 5065 946 5155 deberc;
969 5065 1034 5172 qui
1054 5066 1282 5170 prepositus,
1311 5066 1453 5148 auditis
1474 5065 1585 5144 dictis
1604 5065 1791 5171 partibus,
1809 5069 1893 5169 'pre-
