4450 6209
755 741 1025 850 croucrss
1051 755 1114 830 rr
1141 736 1349 830 procus.
1692 758 1762 829 525

344 905 463 1012 gentis
478 901 585 981 libris
597 899 885 989 Parisiensibus,
902 927 972 1005 pro
989 898 1161 1005 dampnis
1174 926 1265 1004 que,
1283 900 1354 1002 pro
1370 897 1564 1003 predictis,
1581 900 1767 979 sustinue·
1802 926 1932 981 ann
1945 928 1988 989 tv,

343 1053 440 1128 rant,
460 1035 598 1112 dictam
614 1032 840 1110 comitissam
862 1029 1006 1107 eisdem
1019 1028 1274 1137 burgensibus
1288 1028 1575 1134 condempnari3
1593 1031 1691 1108 dicta
1710 1060 1768 1109 co·
1865 1020 1927 1062 ¹³¹⁰·

342 1165 483 1242 mitissa
503 1163 729 1242 contrarium
749 1177 954 1250 asserente,
983 1177 1021 1238 et
1045 1161 1194 1237 dicente
1219 1188 1259 1237 se
1286 1186 1365 1236 esse
1386 1158 1425 1234 in
1444 1160 1577 1236 saisina
1597 1161 1766 1266 capiendi

341 1296 544 1402 pedagium
563 1294 611 1371 de
627 1292 720 1371 vinis
742 1310 781 1369 et
793 1291 1014 1369 mercaturis
1032 1319 1107 1398 que
1125 1292 1325 1379 ducuntur,
1350 1290 1396 1365 dc
1412 1291 1583 1382 Francia,
1607 1290 1654 1368 de
1674 1297 1768 1372 Bur-

342 1426 484 1532 gundia
508 1443 546 1503 et
564 1424 635 1501 alia
657 1449 895 1530 quacumque
918 1439 1033 1513 terra,
1056 1424 1095 1498 in
1119 1420 1348 1513 Flandriam,
1371 1448 1439 1527 per
1461 1439 1601 1501 terram
1622 1425 1681 1502 vel
1700 1458 1768 1534 per

341 1585 461 1645 mare,
489 1571 528 1632 et
552 1554 723 1662 capiendi
744 1553 922 1631 emendas
941 1552 988 1630 ab
1009 1552 1186 1631 omnibus
1210 1553 1275 1659 qui
1297 1551 1367 1629 sibi
1388 1578 1465 1629 non
1486 1554 1633 1633 solvunt
1652 1560 1768 1663 peda·-

342 1685 447 1791 gium
460 1714 529 1791 pro
546 1686 747 1791 predictis:
763 1686 851 1765 Visa
864 1684 978 1791 igitur
996 1684 1094 1761 dicta
1112 1684 1301 1790 inquesta,
1318 1710 1388 1789 per
1405 1684 1504 1761 dicte
1520 1705 1646 1765 nostre
1665 1692 1767 1768 curie

336 1816 542 1923 judicium,
563 1816 706 1892 dictum
723 1815 798 1893 suit
817 1816 937 1891 dictos
951 1813 1159 1920 burgenses
1176 1814 1428 1891 intencionem
1444 1842 1550 1893 suam
1567 1818 1665 1896 bene
1683 1848 1770 1927 pro-

339 1946 467 2037 basse,
491 1964 528 2022 et
553 1945 657 2052 quod
682 1946 778 2023 dicta
803 1945 1043 2022 recredeucia
1067 1943 1212 2020 eisdem
1237 1945 1276 2018 in
1295 1972 1430 2049 puram
1451 1946 1767 2027 deliberacionem

340 2093 589 2167 convertatur,
616 2077 716 2154 salvo
744 2077 887 2175 eisdem
908 2076 996 2183 jure
1021 2102 1090 2152 suo
1116 2102 1230 2180 super
1255 2074 1428 2179 dampnis
1453 2078 1646 2180 predictis,
1672 2080 1768 2159 salva

340 2208 459 2286 eciam
475 2207 574 2284 dicte
594 2208 784 2285 comitisse
805 2236 918 2312 super
931 2206 1111 2311 predictis
1126 2204 1323 2312 questione
1343 2205 1595 2308 proprietatis,

399 2339 498 2415 Jovis
518 2354 602 2443 post
618 2338 884 2414 Reminiscere.

398 2470 561 2575 Mangon
584 2468 797 2572 reportavit.

398 2732 523 2812 XXIV.
554 2731 637 2809 Lite
653 2748 755 2807 mota
769 2730 870 2808 inter
883 2728 1109 2838 Dyonisium
1130 2734 1319 2840 Luquetc,
1337 2760 1378 2812 ex
1395 2762 1469 2812 una
1482 2746 1604 2842 parte,
1627 2754 1664 2814 et
1678 2734 1769 2817 Ger-

339 2864 484 2941 vasium
505 2864 552 2939 de
572 2862 762 2968 Crispeyo‚
784 2862 977 2953 exaltata,
996 2888 1122 2938 coram
1143 2865 1334 2969 preposito
1351 2865 1567 2956 Parisiensi,
1590 2894 1703 2972 super
1724 2894 1768 2945 eo

338 2993 517 3072 videlicet
534 2991 640 3100 quod
656 2993 778 3071 dictus
796 2993 1000 3103 Dyonisius
1018 2994 1168 3097 petebat
1190 2994 1333 3070 dictum
1355 2996 1572 3073 Gervasium
1589 2997 1661 3074 sibi
1682 3027 1770 3075 con-

328 3124 539 3230 dempnari
555 3124 594 3199 in
614 3152 677 3201 ser
691 3140 730 3199 et
747 3121 902 3229 triginta
921 3122 1027 3199 libris
1044 3122 1332 3213 Parisiensibus,
1348 3123 1387 3197 in
1407 3125 1561 3229 quibus,
1584 3126 1704 3217 idem,
1726 3146 1776 3205 ut*

342 3254 508 3344 dicebat,
529 3252 740 3342 tenebatur,
765 3270 1005 3358 provectura
1026 3252 1201 3329 vinorum
1221 3278 1289 3358 per
1307 3252 1432 3356 ipsum
1454 3254 1554 3332 dicto
1575 3255 1766 3352 Gervasio,

338 3410 411 3491 per
429 3412 583 3490 aquam,
598 3383 647 3460 de
662 3382 932 3491 Burgundiain
944 3382 1139 3459 Franciam
1152 3381 1420 3472 adductorum,
1434 3384 1482 3460 de
1502 3414 1575 3490 qua
1589 3388 1769 3491 peccunia

340 3541 490 3595 summa
515 3510 616 3593 dicto
640 3512 816 3592 Gervasio
841 3514 1016 3591 nondum
1046 3510 1168 3589 suerat
1191 3512 1435 3605 satisfactum
1455 3542 1527 3620 pro
1551 3545 1628 3621 quo
1652 3519 1770 3594 eciam

341 3644 484 3735 debito,
501 3644 624 3723 dictus
633 3644 838 3752 Dyonisius
852 3642 1016 3749 quedam
1028 3643 1129 3721 bona
1144 3642 1234 3720 dicti
1250 3642 1416 3723 Gervasii
1430 3644 1567 3722 fecerat
1582 3651 1769 3739 arrestari3

342 3778 445 3856 dicto
471 3776 664 3865 Gervasio,
691 3774 866 3881 pluribus
889 3773 1124 3863 nacionibus,
1152 3802 1196 3851 ex
1222 3775 1378 3853 adverso
1402 3794 1636 3883 proponente
1669 3780 1772 3885 quod

342 3909 483 3986 dictam
500 3908 681 4012 peccunie
701 3934 889 3999 summam
906 3904 1050 3985 solvere
1071 3905 1174 3983 dicto
1188 3907 1369 4013 Dyonisio
1386 3908 1545 3985 minime
1560 3908 1769 3999 tenebatur,

275 4055 280 4065 '
343 4056 384 4117 et
392 4037 497 4145 quod
511 4052 695 4114 arrestum
707 4037 747 4111 in
758 4037 871 4114 bonis
883 4036 977 4125 suis,
996 4037 1045 4112 ad
1055 4052 1269 4142 requestam
1283 4038 1373 4115 dicti
1388 4039 1576 4146 Dyonisii,
1596 4041 1693 4118 dicta
1707 4040 1772 4120 lite

343 4169 554 4277 pendente,
576 4166 806 4273 appositum,
828 4182 915 4243 ante
935 4167 1061 4243 omnia
1082 4167 1247 4243 debebat
1264 4170 1445 4258 amoveri3
1466 4170 1640 4274 pluribus
1659 4173 1775 4276 igitur

343 4299 451 4381 factis
471 4314 511 4375 et
527 4296 758 4385 rucionibus,
779 4296 819 4373 in
840 4324 948 4373 causa
967 4295 1137 4400 predicta
1152 4295 1198 4372 ab
1212 4312 1372 4402 utraque
1390 4314 1497 4402 parte
1516 4301 1717 4404 propositis
1737 4320 1775 4378 et

344 4432 386 4508 in
408 4430 554 4536 scriptis
577 4428 753 4519 redactis,
777 4429 838 4505 die
857 4426 976 4504 eciam
996 4426 1179 4533 assignata
1199 4427 1246 4503 ad
1263 4427 1549 4533 procedendum
1570 4457 1683 4535 super
1702 4431 1774 4507 eis-

346 4563 451 4651 dem,
475 4579 589 4668 prout
609 4578 706 4639 esset
730 4558 909 4650 racionis,
931 4558 1085 4636 tandem
1107 4557 1230 4635 dictus
1248 4558 1454 4665 Dyonisius
1474 4558 1616 4635 dictum
1638 4558 1775 4638 Gerra-

345 4692 448 4769 sium
463 4694 502 4769 in
515 4692 640 4771 tribus
658 4691 868 4770 defectibus
885 4690 1064 4769 continue
1084 4689 1173 4797 poni
1195 4688 1300 4781 iecit3
1316 4688 1388 4765 iata
1404 4689 1519 4793 igitur
1537 4690 1775 4771 interlocuto·

345 4822 420 4910 ria,
446 4839 523 4899 tam
546 4841 659 4930 su'per
680 4824 785 4901 factis
814 4839 853 4900 et
875 4821 1088 4901 racionibus
1119 4820 1303 4899 dicturum
1325 4820 1493 4926 parcium
1518 4850 1632 4928 quam
1662 4850 1775 4929 super

347 4950 559 5030 defectibus
578 4952 774 5061 predictis,
794 4971 881 5060 post
897 4953 1034 5031 dictam
1053 4952 1376 5031 interiocutoriam
1391 4951 1518 5043 latam,
1539 4951 1659 5030 dictus
1683 4952 1777 5031 Ger-

345 5083 486 5175 vastus,
514 5086 765 5165 coramdicto
786 5085 996 5193 preposito,
1020 5084 1133 5192 petiit
1156 5112 1195 5163 se
1223 5083 1388 5174 admitti,
1414 5084 1462 5160 ad
1485 5082 1774 5190 proponendum
