4450 6209
510 730 560 806 10
1096 736 1186 808 LES
1216 732 1355 809 OLlM.

284 883 413 937 earum
426 881 471 943 tv,
511 878 645 957 litteris
665 910 709 957 ex
734 897 837 986 parte
865 879 955 957 dicti
973 878 1182 987 presbyteri
1200 876 1415 983 productis,
1439 876 1640 983 habitaque
1661 876 1935 957 deliberacione

345 975 408 1019 ’Μ’
510 1040 626 1117 super
644 1012 719 1088 hoc
737 1010 926 1119 diligenti,
947 1036 1016 1117 per
1034 1008 1222 1116 judicium
1241 1024 1368 1086 nostre
1389 1008 1508 1097 curie,
1531 1007 1674 1085 dictum
1697 1006 1770 1086 fuit
1794 1026 1831 1086 et
1851 1038 1938 1117 pro-

510 1142 730 1219 nunciatum
748 1142 939 1249 predictos
958 1142 1132 1219 homines
1151 1137 1250 1215 male
1260 1138 1449 1247 judicasse
1465 1156 1503 1217 et
1515 1140 1658 1217 dictum
1674 1140 1933 1247 presbyterum

513 1274 610 1349 bene
629 1272 856 1379 appellasse,
879 1289 917 1349 et
934 1271 1040 1379 quod
1059 1270 1150 1348 dicti
1178 1270 1350 1348 homines
1372 1271 1445 1349 hoc
1464 1270 1573 1349 nobis
1592 1270 1850 1347 emendarent.

567 1405 695 1481 Mense
714 1402 946 1487 Decembris.

397 1708 401 1713 .
512 1690 1938 1728 ww

827 1915 1139 2029 ruooesra
1168 1916 1244 2003 er
1273 1912 1623 2004 processus

639 2140 743 2198 ltu,
772 2138 961 2191 tuntca‘rr
982 2138 1027 2205 111
1052 2136 1324 2189 pantaenum
1348 2136 1813 2203 0111111111·5ΑΝ(1Το111]Ι,

1043 2334 1135 2377 11110
1157 2332 1289 2377 00111111
1313 2334 1408 2375 1111011.

569 2556 597 2629 l.
629 2553 726 2630 Cum
755 2551 916 2631 dilectus
939 2571 979 2630 et
1001 2550 1127 2630 fidelis
1145 2568 1275 2629 noster
1301 2550 1415 2629 abbas
1440 2550 1752 2657 Compendiensis
1774 2578 1935 2658 conque-

514 2704 661 2765 reretur
681 2685 728 2761 de
749 2683 885 2761 ballivo
905 2683 1212 2778 viromandensi,
1227 2711 1342 2788 super
1364 2711 1430 2775 eo,
1446 2698 1489 2759 ut
1507 2682 1673 2775 dicebat,
1695 2684 1800 2789 quod
1818 2683 1936 2761 dictus

512 2816 673 2895 ballivus
692 2815 870 2893 eumdem
889 2814 1063 2891 abbatem
1083 2813 1222 2919 injuste
1242 2812 1473 2919 impediebat
1492 2814 1530 2891 in
1546 2812 1761 2921 cognicione
1781 2830 1819 2893 et
1832 2816 1937 2920 puni-

515 2948 623 3041 cione
649 2946 846 3053 cujusdam
874 2944 1071 3023 occisionis
1097 2945 1144 3021 de
1167 2945 1339 3027 Johanne
1357 2946 1415 3034 ¹de
1441 2946 1576 3034 Castis,
1599 2945 1793 3034 scutifero,
1820 2974 1937 3054 nuper

513 3077 609 3155 lacte
630 3078 786 3154 interra
806 3094 844 3153 et
857 3076 1008 3183 justicia
1031 3077 1150 3184 ipsius
1168 3076 1314 3155 abbatis
1340 3094 1378 3153 et
1397 3108 1417 3155 a
1437 3077 1514 3155 suis
1529 3076 1821 3183 justiciabilibue
1841 3078 1936 3185 apud

515 3208 962 3316 Royz-super-Massam3
983 3224 1023 3285 et
1043 3235 1063 3285 e
1088 3226 1232 3297 contra,
1255 3207 1377 3284 dictus
1397 3206 1555 3285 ballivus
1576 3227 1805 3315 proponeret
1828 3210 1936 3318 hujus

508 3340 599 3423 facti
629 3340 889 3447 cognicionem
916 3355 953 3416 et
979 3340 1222 3446 punicionem
1248 3340 1297 3417 ad
1321 3368 1407 3429 nos,
1434 3368 1510 3425 non
1532 3339 1580 3417 ad
1603 3340 1729 3447 ipsum
1748 3340 1933 3430 abbatem,

513 3471 722 3578 pertinere,
752 3499 838 3548 cum
867 3470 971 3547 idem
987 3470 1171 3580 armiger,
1201 3488 1244 3547 ut
1270 3470 1437 3559 dicebat,
1466 3470 1505 3549 in
1530 3470 1718 3550 conductu
1748 3471 1936 3555 servientis

514 3603 634 3682 nostri
655 3617 693 3676 et
712 3585 841 3677 contra
860 3600 977 3705 ipsius
992 3601 1186 3678 servientis
1203 3600 1503 3705 prohibicionem
1518 3600 1650 3679 fuisset
1666 3602 1828 3681 occisus:
1846 3603 1937 3680 Tan-

516 3735 622 3821 dem,
643 3731 783 3808 auditis
800 3730 971 3836 partibus
988 3732 1077 3809 hinc
1097 3732 1259 3820 atinde,
1282 3732 1552 3839 perjudicium
1573 3751 1699 3812 nostre
1722 3735 1843 3824 curie,
1866 3734 1937 3811 dio·

524 3880 608 3937 tum
626 3862 699 3937 suit
717 3861 839 3965 quod,
851 3861 946 3966 quia
964 3862 1087 3953 dictus
1104 3864 1265 3971 armiger
1282 3863 1321 3940 in
1343 3864 1534 3944 conductu
1552 3865 1671 3950 nostri
1692 3865 1887 3945 servientis
1905 3882 1938 3943 et

514 4009 646 4072 contra
666 3991 748 4097 ejus
767 3991 960 4069 defensam
976 3993 1099 4072 fuerat
1118 3994 1278 4085 occisus,
1300 3994 1415 4102 hujus
1435 3994 1518 4085 facti
1545 3996 1714 4103 cognicio
1733 4014 1771 4075 et
1789 3998 1938 4103 punicio

516 4123 627 4201 nohis
653 4124 877 4214 remanebit,
906 4125 1006 4205 salvo
1028 4126 1116 4233 jure
1145 4127 1235 4215 dicti
1262 4126 1407 4219 abbatis
1432 4128 1473 4203 in
1499 4128 1581 4205 aliis
1608 4128 1754 4208 casibus
1778 4130 1828 4207 ad
1854 4158 1938 4208 eum

510 4248 810 4380 pertinentibus,
832 4256 898 4362 qui
920 4258 1200 4367 contingentia
1220 4258 1305 4337 loco
1326 4258 1511 4364 predicto,
1532 4288 1574 4337 ac
1599 4259 1699 4340 salvo
1719 4260 1837 4339 eciam
1854 4263 1938 4371 jure

515 4391 633 4496 ipsius
652 4387 797 4468 abbatis
816 4387 855 4465 in
876 4388 1106 4469 forisfactura
1126 4392 1317 4469 bonorum
1339 4391 1528 4481 dictorum
1547 4390 1832 4478 malefactorum
1854 4420 1939 4471 con·

509 4521 733 4612 ,sistencium
752 4522 824 4598 sub
843 4522 991 4599 eodem.
1007 4523 1050 4598 ln
1063 4523 1187 4629 cujus,
1205 4539 1274 4599 etc.
1292 4523 1421 4599 Mense
1441 4522 1671 4603 Novembris.

572 4655 717 4732 Debuit
736 4655 823 4760 poni
844 4684 956 4759 supra
973 4654 1017 4760 in
1035 4670 1219 4760 quaterno
1239 4670 1479 4732 arrestorum.
1542 4760 1545 4767 ι

572 4918 615 5007 11.
647 4916 745 4993 Cum
765 4917 885 5024 major
905 4935 943 4995 et
957 4918 1073 5036 jurati
1092 4918 1180 4997 ville
1197 4919 1244 4997 de
1261 4920 1445 5011 Brueriis,
1464 4949 1533 5026 pro
1550 4948 1589 4999 ee
1609 4936 1646 4999 et
1662 4922 1849 5014 lohanna,
1867 4919 1939 5007 [ilia

514 5046 710 5156 quondam
739 5049 921 5127 lobannis
950 5050 997 5127 de
1026 5048 1215 5143 Anisiaco,
1247 5069 1419 5157 peterent
1439 5053 1652 5160 judicatum
1681 5081 1748 5159 per
1774 5070 1936 5131 nostram
