4450 6209
505 711 580 788 Sil
738 741 744 754 ·
1087 713 1178 786 LES
1209 711 1351 786 OLIM.

276 867 465 932 Parurnltt
561 855 636 932 XL.
667 853 788 948 Cum,
816 851 1026 945 secundum
1056 854 1342 934 ordinacionem
1370 854 1473 934 curie
1497 871 1645 946 nostre,
1676 855 1724 934 de
1749 883 1929 936 consensu

505 987 718 1067 Salomonis
740 986 920 1077 Britonis,
949 984 1102 1064 scolaris
1122 987 1361 1079 Parisiensis,
1389 1016 1458 1093 per
1480 983 1623 1066 litteras
1645 1006 1809 1080 nostras,
1831 1017 1931 1066 man·

504 1119 698 1198 dassemus
722 1117 862 1196 ballivo
886 1117 1110 1196 Bituricensi
1139 1117 1244 1225 quod
1273 1119 1353 1227 ipse
1377 1135 1507 1198 contra
1534 1116 1622 1199 illos
1644 1119 1711 1228 qui
1742 1119 1932 1199 vileniave·

503 1269 595 1332 runt
611 1269 678 1330 seu
689 1249 857 1328 vileniari
878 1249 1047 1328 lecerunt
1062 1266 1129 1328 aut
1146 1267 1444 1357 procuraverunt
1459 1249 1602 1328 dictum
1619 1251 1880 1344 Salomonem,
1897 1268 1933 1329 et
1964 1243 1969 1247 ’

338 966 402 1010 ltlo.

502 1401 633 1464 contra
647 1383 909 1494 fidejussorem
926 1411 1040 1491 super
1055 1381 1129 1460 hoc
1140 1381 1288 1473 datum,
1306 1410 1455 1462 necnon
1469 1401 1599 1462 contra
1614 1385 1853 1492 prepositum
1867 1385 1931 1492 qui

501 1515 766 1626 fidejussorem
774 1514 999 1628 bujnsmodi
1010 1515 1196 1621 recepisse
1208 1513 1357 1604 dicitur,
1369 1543 1438 1622 pro
1448 1543 1604 1594 recursu
1615 1515 1792 1596 babendo
1806 1533 1932 1595 contra

501 1650 644 1758 ipsum,
658 1649 689 1727 si
704 1648 830 1726 minus
842 1647 1037 1756 ydoneum
1048 1645 1311 1755 fidejussorem
1326 1647 1484 1753 recepit,
1500 1647 1638 1726 vocatis
1650 1649 1871 1738 evocandis,
1887 1649 1932 1726 de

500 1781 613 1890 plano
630 1780 839 1890 inquireret
855 1778 1065 1869 veritatem,
1089 1771 1136 1858 a'd
1157 1777 1268 1858 illum
1288 1777 1405 1856 finem
1424 1780 1531 1887 quod
1550 1777 1691 1858 lactum
1711 1779 1932 1890 hujusmodi

502 1931 763 2023 competenter
779 1911 1016 2002 emendetur,
1035 1927 1074 1990 ct
1088 1911 1232 1990 dictum
1249 1911 1449 2020 negocium
1465 1909 1695 1992 sufficienter
1708 1913 1933 1992 instructum

502 2047 551 2126 ad
575 2046 717 2124 curiam
738 2063 904 2124 nostram
927 2043 1156 2134 remitteret,
1176 2045 1225 2122 ad
1250 2043 1355 2123 diem
1377 2042 1799 2123 ballivic·Bitturioensis
1818 2043 1936 2151 parla·

501 2181 621 2260 menti
636 2179 833 2287 presentis,
847 2176 988 2256 dictam
1002 2177 1104 2256 diem
1115 2176 1285 2286 partibus
1296 2205 1458 2284 quarum
1470 2176 1627 2256 interest
1634 2205 1749 2285 super
1758 2177 1850 2266 hoc,
1867 2179 1934 2254 Pa·

501 2312 628 2402 risius,
644 2310 883 2419 assignand0‚
901 2309 1206 2417 comparentibus
1220 2309 1269 2387 ad
1285 2307 1425 2386 dictam
1440 2308 1542 2388 diem
1556 2308 1734 2400 Parisios,
1756 2309 1797 2386 in
1816 2309 1934 2417 parla-

500 2461 629 2526 mento
645 2460 775 2522 nostro
792 2442 928 2522 ballivo
945 2443 1118 2551 predicto
1130 2471 1218 2522 cum
1232 2443 1406 2551 inquesta
1421 2469 1536 2549 quam
1553 2425 1651 2549 ipse,
1664 2471 1752 2520 curn
1767 2443 1879 2521 certis
1896 2459 1933 2520 ct

499 2575 660 2688 ydoneis
674 2576 846 2685 personis
860 2605 954 2685 quas
974 2575 1013 2654 in
1029 2575 1253 2685 bujusmodi
1272 2574 1345 2652 sibi
1362 2574 1549 2683 adjunxit,
1566 2574 1706 2654 lecerat
1723 2604 1839 2683 super
1849 2605 1931 2683 pre-

501 2709 626 2799 dictis,
648 2709 857 2788 seeundum
873 2725 1047 2786 tenorem
1061 2707 1230 2786 mandati
1245 2706 1422 2816 predicti,
1445 2706 1547 2784 dicto
1563 2706 1764 2786 Salomone
1784 2736 1930 2787 necnon

499 2856 742 2950 procuratore
763 2855 893 2919 nostro
915 2839 1014 2917 dicte
1033 2838 1185 2918 ballivie
1202 2838 1479 2928 Ritturieensis,
1501 2866 1546 2916 ex
1566 2867 1643 2916 una
1664 2857 1787 2946 parte,
1810 2857 1850 2918 et
1867 2869 1931 2947 pe·

499 2972 670 3052 tentibus
696 2972 834 3051 dictam
859 2971 1071 3078 inquestam
1091 2970 1211 3050 ¹rideri
1237 2989 1275 3050 et
1293 2971 1472 3081 judicari3
1499 2971 1608 3061 item,
1635 3001 1680 3050 ex
1707 2971 1779 3049 alia
1807 2989 1927 3080 parte,

499 3105 671 3184 iohanne
693 3103 742 3181 de
762 3105 898 3211 Loyse,
920 3101 1078 3182 domino
1098 3101 1148 3180 de
1167 3103 1281 3192 Cruz,
1301 3133 1388 3182 cum
1406 3103 1632 3210 quibusdam
1654 3102 1750 3193 aliis,
1769 3105 1928 3184 Henn'oo

500 3237 549 3316 de
573 3239 729 3326 Parnes,
758 3234 981 3344 fidejussore
1008 3236 1190 3315 lobannis
1211 3235 1408 3343 Piquardi,
1422 3236 1490 3343 qni
1519 3234 1664 3314 dictum
1689 3235 1928 3316 Salomonem

498 3369 638 3449 dicitur
661 3366 872 3457 vileniasse,
901 3397 943 3444 ac
968 3365 1151 3446 Michaele
1172 3367 1222 3446 dc
1239 3366 1417 3455 Parisios,
1443 3365 1637 3474 quondam
1661 3369 1856 3474 preposito
1883 3369 1928 3446 de

495 3500 1004 3591 Sancti-Petri-Monasterio,
1021 3501 1087 3608 qui
1101 3499 1247 3578 dictum
1261 3497 1538 3598 malefactorem
1555 3499 1698 3606 cepisse
1712 3516 1750 3578 et
1762 3501 1928 3578 tenuisse

495 3633 636 3714 dicitur
655 3652 693 3712 et
711 3633 974 3724 recredidisse,
998 3633 1062 3739 qui
1084 3629 1247 3710 Michael
1262 3631 1473 3738 inquestam
1497 3631 1723 3737 prodictam,
1746 3650 1927 3739 quantum

380 3782 386 3796 '
495 3768 543 3845 ad
557 3795 614 3854 se,
629 3765 866 3873 proponebat
887 3793 964 3842 non
982 3791 1063 3842 esse
1080 3763 1329 3871 completam:
1347 3761 1498 3840 Auditis
1514 3763 1604 3840 hinc
1624 3763 1713 3842 inde
1727 3765 1928 3870 propositis

497 3914 534 3973 et
553 3898 629 3974 visa
648 3897 820 4004 inquesta
842 3896 1027 4002 predicta,
1051 3924 1139 3972 cum
1160 3895 1200 3972 in
1221 3923 1264 3973 ea
1285 3896 1481 3973 inventum
1502 3891 1635 3984 fucrit,
1654 3924 1698 3972 ex
1716 3913 1821 4002 parte
1842 3924 1929 3976 nos·

494 4045 551 4106 tra
564 4027 678 4106 luisse
692 4028 947 4136 propositum,
960 4045 1088 4106 eontra
1099 4028 1314 4106 iohannem
1325 4027 1373 4106 de
1387 4029 1524 4135 Loyse,
1541 4026 1738 4108 dominum
1752 4028 1801 4106 de
1814 4028 1925 4121 Cruz,

389 4216 391 4222 -
495 4160 767 4252 Alexandrum,
791 4161 871 4270 ejus
889 4160 1058 4254 fratrem,
1076 4159 1328 4241 Guillelmum
1348 4160 1528 4241 Germani
1548 4179 1587 4239 et
1601 4163 1845 4269 Hugoninum
1861 4161 1928 4241 Ga·

494 4291 584 4384 beai,
602 4294 707 4401 quod
725 4293 794 4402 ipsi
817 4311 1004 4371 eteorum
1026 4293 1191 4401 quilibet
1204 4293 1346 4370 dictum
1366 4292 1610 4372 Salomonem
1624 4293 1928 4383 Britonem,sco·

494 4423 623 4516 larem,
639 4443 681 4504 ut
693 4425 844 4518 dicitur,
856 4425 1117 4516 Parisiensem,
1133 4442 1171 4503 et
1186 4425 1227 4501 in
1241 4442 1368 4504 nostra
1382 4424 1533 4532 speciali
1548 4425 1676 4535 gardia
1691 4425 1924 4519 existentem,

493 4557 679 4636 violenter
705 4575 743 4636 et
771 4585 858 4635 cum
884 4557 997 4635 armis
1019 4556 1312 4636 verberaverunt
1338 4575 1378 4634 et
1400 4558 1690 4636 vulneraverunt
1717 4573 1755 4634 et
1783 4585 1926 4664 equum

494 4717 606 4768 suum
625 4707 663 4768 et
677 4689 854 4768 muletam
874 4719 998 4778 suam,
1021 4719 1109 4767 cum
1125 4689 1238 4768 bonis
1258 4689 1340 4797 ejus
1357 4689 1501 4768 ibidem
1518 4687 1782 4781 existentibus,
1797 4717 1927 4766 secum
2034 4739 2040 4748 ·

494 4837 738 4928 portaverunt
748 4850 816 4902 seu
829 4823 1010 4929 premissa
1021 4821 1105 4900 [ieri
1118 4823 1393 4900 mandaverunt
1402 4841 1441 4900 et
1452 4839 1765 4930 procuraverunt,
1781 4838 1819 4900 et
1829 4839 1923 4909 rata,
1972 4922 1976 4930 Ι

357 4961 360 4971 “
494 4969 673 5061 tanquam
689 4953 843 5032 nomine
859 4983 928 5032 suo
939 4953 1048 5044 lacta,
1065 4955 1299 5048 habuerunt,
1312 4955 1360 5032 ad
1376 4936 1485 5032 illum
1500 4953 1618 5032 finem
1630 4971 1688 5045 ut,
1700 4952 1731 5032 si
1745 4953 1923 5061 premissa

493 5085 647 5166 veritate
666 5085 889 5176 niterentur,
916 5086 1005 5166 dicti
1026 5087 1080 5164 rei
1100 5087 1212 5165 nobis
1231 5086 1394 5166 aedicto
1413 5086 1606 5166 Salomoni
1627 5103 1666 5164 et
1684 5084 1767 5164 aliis
1785 5085 1923 5194 quibus
