4450 6209
770 748 1039 856 anounrns
1065 767 1130 840 nr
1157 747 1363 842 rnocts.
1711 773 1781 845 ns

350 933 462 986 nere:
478 905 628 985 Auditis
646 907 738 984 hinc
754 907 845 986 inde
864 907 1084 1014 propositis,
1102 927 1141 986 et
1158 910 1234 987 visa
1253 909 1424 1018 inquesta
1443 939 1556 1019 super
1575 911 1649 990 hoc
1668 912 1781 1005 sacta,
1822 924 1952 977 enum
1966 923 2008 984 lv.

350 1039 514 1146 visisque
537 1038 742 1148 privilegiis
762 1069 806 1117 ex
828 1057 935 1147 parte
957 1039 1119 1148 predicti
1140 1041 1278 1149 prioris
1299 1042 1488 1132 exhibitis,
1511 1072 1580 1150 per
1594 1043 1783 1153 judicium
1885 1015 1948 1056 Μ’

353 1187 482 1250 nostre
495 1171 611 1260 curie,
629 1169 772 1248 dictum
786 1171 860 1250 fuit
874 1189 912 1249 et
928 1172 1220 1278 pronunciatum
1238 1174 1571 1280 impedimentum,
1587 1204 1701 1283 super
1712 1177 1786 1254 hoc
1905 1272 1907 1280 ἲ

354 1333 422 1412 per
438 1303 582 1381 dictum
602 1305 839 1410 prepositum
859 1305 900 1380 in
915 1304 1180 1412 jurisdictione
1205 1305 1295 1392 dicti
1314 1306 1451 1412 prioris
1471 1307 1701 1414 appositum,
1720 1308 1787 1386 de-

354 1435 445 1513 bere
460 1436 644 1527 amoveri,
662 1452 701 1513 et
718 1436 863 1514 dictum
878 1436 1045 1544 priorem
1063 1438 1233 1544 permitti
1251 1437 1441 1546 justiciam
1460 1467 1573 1544 super
1590 1439 1665 1517 hoc
1683 1441 1786 1517 exhi-

354 1568 458 1645 bere.
479 1569 521 1644 In
537 1567 660 1675 cujus,
684 1586 752 1647 etc.

411 1699 575 1778 Sabbato
608 1719 694 1807 post
720 1701 901 1779 Sanctum
931 1699 1160 1791 Bemabam,
1198 1729 1297 1778 anno
1331 1703 1598 1782 trecentesimo
1632 1723 1785 1812 quarto,

354 1859 484 1908 mense
501 1829 614 1907 Iunii.

412 2097 570 2178 XXVIII.
591 2067 691 2176 Cum
711 2096 809 2176 iuter
827 2097 1009 2176 dilectum
1029 2115 1067 2175 et
1081 2097 1238 2176 fidelem
1258 2117 1431 2179 nostrum
1452 2103 1629 2178 comitem
1648 2103 1790 2180 Donni-

357 2231 524 2320 Martini,
547 2258 592 2307 er
609 2259 685 2306 una
704 2247 825 2337 parte,
848 2247 887 2308 et
904 2231 1071 2338 priorem
1092 2232 1390 2341 Sancti-Nicolay
1409 2233 1718 2324 silvanectensis,
1745 2264 1789 2312 ex

357 2363 482 2451 altera,
495 2362 681 2469 penderet
693 2361 944 2441 controversia
957 2390 1082 2440 coram
1097 2362 1223 2452 nobis,
1242 2391 1414 2470 supereo
1428 2365 1790 2471 quodidemcomes

359 2495 508 2572 dicebat
531 2494 672 2586 villam,
699 2521 856 2572 nemora
879 2511 918 2571 et
936 2510 1054 2570 terras
1074 2493 1123 2570 de
1145 2494 1323 2602 Loysiaco
1344 2522 1425 2572 esse
1446 2497 1494 2572 de
1517 2513 1680 2573 ressorto
1704 2525 1790 2603 pre-

358 2626 527 2734 positure
541 2625 773 2716 Parisiensis,
790 2625 987 2732 dictusque
1005 2625 1315 2732 prionasserebat
1327 2622 1496 2732 predicta
1513 2655 1592 2705 esse
1608 2644 1646 2704 et
1666 2627 1711 2704 ab
1727 2657 1791 2704 an-

359 2759 467 2864 tiquo
486 2756 601 2834 fuisse
620 2785 698 2835 non
718 2757 766 2833 de
781 2773 946 2834 ressorto
964 2754 1202 2863 prepositure
1217 2756 1450 2848 Parisiensis,
1469 2759 1536 2835 sed
1559 2758 1606 2835 de
1627 2775 1791 2835 ressorto

361 2888 511 2968 ballivie
528 2888 834 2968 silvanectensis:
850 2887 1042 2980 Tandem,
1058 2887 1198 2964 auditis
1213 2887 1302 2965 hinc
1319 2888 1410 2966 inde
1425 2888 1644 2997 propositis,
1663 2907 1701 2965 et
1714 2890 1791 2968 vise

362 3021 744 3128 diligenterinquesta
754 3047 868 3125 super
883 3019 956 3097 hoc
966 3018 1076 3107 sacta,
1087 3047 1157 3125 per
1164 3019 1355 3126 judicium
1367 3036 1493 3097 nostre
1510 3022 1629 3113 curie,
1647 3021 1791 3097 dictum

362 3152 434 3230 fuit
448 3169 486 3231 et
504 3152 795 3259 pronunciatum
808 3149 1018 3258 predictam
1028 3150 1172 3243 villam,
1190 3180 1348 3229 nemora
1363 3168 1401 3229 et
1414 3168 1534 3229 terras
1549 3153 1596 3229 de
1612 3129 1791 3259 Loysiaco

364 3312 443 3362 esse
467 3300 505 3361 et
526 3311 722 3362 remanere
746 3283 887 3361 debere
905 3283 976 3360 sub
998 3299 1162 3387 ressorto
1177 3281 1327 3360 ballivie
1347 3283 1647 3362 Silvanectensis.
1666 3286 1708 3360 In
1730 3314 1794 3361 cu-

356 3418 440 3524 jus,
462 3433 532 3493 etc.

418 3547 579 3627 Veneris
597 3565 685 3655 post
704 3547 887 3626 Sanctum
905 3546 1133 3636 Bemabam,
1154 3573 1255 3622 anno
1272 3545 1540 3623 trecentesimo
1559 3563 1706 3652 quarto.

419 3789 546 3890 XXIX.
579 3812 677 3892 Cum
698 3829 801 3890 mota
821 3810 1010 3890 discordia
1030 3839 1156 3888 coram
1175 3810 1367 3919 preposito
1387 3811 1585 3889 Parisiensi
1607 3810 1707 3889 inter
1725 3810 1796 3889 sel-

363 3944 477 4023 Iarios
501 3945 589 4023 ville
619 3943 854 4035 Parisiensis,
880 3971 924 4020 ex
949 3972 1027 4021 una
1047 3961 1171 4049 parte,
1199 3961 1237 4020 et
1261 3942 1459 4020 Iormarios
1484 3941 1572 4020 ville
1601 3942 1793 4052 ejusdem,

365 4107 409 4154 ex
428 4076 566 4166 altera,
590 4105 771 4184 supereo
792 4075 899 4184 quod
924 4076 1014 4153 dicti
1035 4064 1203 4154 lormarii
1228 4077 1419 4182 predictos
1438 4074 1606 4152 seIIarios
1629 4075 1796 4183 gagiave·

364 4226 465 4300 rant,
487 4209 730 4316 imponentes
746 4208 890 4288 eisdem
909 4207 1013 4316 quod
1035 4207 1107 4314 ipsi
1127 4206 1265 4284 sellarii
1287 4235 1399 4314 opera
1420 4204 1651 4311 pertinencia
1671 4194 1797 4281 ados-

366 4339 496 4418 ficium
511 4340 797 4428 lormariorum,
813 4367 891 4416 non
910 4340 959 4415 ad
979 4338 1148 4416 officium
1167 4337 1422 4428 sellariorum,
1440 4335 1560 4413 facere
1578 4335 1799 4413 nitebantur

367 4472 507 4580 injuste
531 4489 571 4550 et
595 4473 644 4549 de
666 4500 784 4565 novo,
807 4470 849 4548 in
870 4469 1127 4578 prejudicium
1147 4469 1337 4547 dictorum
1355 4466 1624 4550 lormariorum
1650 4482 1687 4542 et
1711 4494 1800 4543 con-

365 4621 425 4682 tra
443 4621 619 4683 tenorem
642 4602 898 4682 ordinacionis
915 4601 1062 4711 registri
1082 4599 1276 4680 CasteIIeti
1294 4599 1512 4677 Parisiensis
1529 4598 1605 4704 (5),
1630 4625 1674 4674 ex
1692 4615 1798 4704 parte

368 4736 514 4816 domini
526 4736 638 4844 Regis
647 4735 734 4813 sacti
753 4736 855 4813 inter
861 4752 987 4841 partes
1001 4734 1201 4840 predictae,
1216 4731 1418 4840 aquodam
1428 4730 1617 4838 judicatu,
1630 4759 1698 4836 per
1719 4730 1799 4807 dic-

368 4884 452 4945 tum
471 4867 710 4975 prepositum
733 4860 980 4944 Parisiensem
1004 4894 1119 4972 super
1142 4865 1214 4941 hoc
1234 4863 1349 4954 facto,
1378 4891 1449 4968 pro
1474 4861 1584 4939 dictis
1610 4860 1797 4939 Iormariis

371 5016 500 5078 contra
523 4997 695 5077 seIIarios
718 4998 928 5105 predictum
954 4997 1059 5074 idem
1075 4994 1237 5088 sellarii,
1256 5013 1436 5102 tanquam
1462 5022 1482 5069 a
1501 4992 1594 5072 Ialso
1611 5012 1648 5072 et
1663 5021 1797 5100 pravo,

371 5129 418 5206 ad
441 5147 611 5211 nostram
633 5129 775 5207 curiam
796 5129 1072 5235 appellassent:
1093 5125 1286 5214 Tandem,
1307 5125 1447 5204 auditis
1463 5153 1576 5230 super
1595 5125 1667 5200 hoc
1687 5124 1801 5228 parti-
