4450 6209
507 725 582 805 act
1085 682 1181 803 tss'
1208 704 1349 803 dstv.

280 883 410 935 smum
423 880 468 942 tv,
508 873 548 947 in
562 870 753 976 premissis
768 872 914 978 gravius
929 870 1147 979 deliquisse,
1164 872 1266 951 curia
1279 888 1406 951 nostre
1420 872 1469 949 ad
1487 874 1686 953 emendem
1703 876 1925 983 condignam

341 970 404 1016 ml
505 1001 695 1108 procedet.
970 1100 975 1107 Ι

563 1134 692 1213 Martis
703 1150 791 1238 post
804 1133 956 1211 octabas
971 1134 1194 1213 Condelusu

560 1270 662 1372 Roya
677 1266 891 1369 reportavit.

558 1397 729 1504 Precepit
740 1395 962 1503 curiaquod
977 1414 1106 1474 contra
1118 1396 1212 1475 istos
1225 1396 1439 1503 inquiretur
1453 1397 1503 1475 ad
1513 1395 1631 1474 finem
1640 1398 1919 1489 contribuendi,

503 1557 587 1605 cum
601 1529 782 1636 predictis
794 1528 1093 1634 condempnatis,
1107 1526 1146 1603 in
1159 1524 1317 1603 emenda
1327 1526 1510 1632 predicta,
1521 1528 1609 1634 quit
1618 1529 1706 1606 sartis
1715 1546 1772 1607 est
1780 1556 1919 1637 magns.

557 1793 683 1868 XXXI.
714 1791 814 1869 Cum
828 1816 989 1896 persone
1002 1787 1247 1887 ecclesiastice
1264 1814 1413 1865 necnon
1428 1789 1576 1868 nobiles
1590 1806 1628 1865 et
1640 1790 1842 1897 populares
1853 1820 1922 1867 css

501 1920 655 1998 tellanie
671 1920 897 1997 Peronensis
912 1946 979 1995 sus
997 1918 1107 1996 nobis
1122 1918 1391 2026 conquestione
1406 1936 1677 1999 monstrassent
1687 1920 1792 2026 qnod
1806 1921 1923 2027 major

503 2068 542 2129 et
552 2052 669 2159 jurati
682 2048 783 2129 dicte
797 2050 907 2137 ville,
924 2049 973 2126 de
986 2049 1165 2127 omnibus
1174 2052 1396 2129 mercenarie
1408 2068 1449 2129 ct
1459 2050 1682 2129 victualibus
1692 2054 1734 2129 in
1747 2052 1828 2159 ipsa
1837 2052 1922 2131 ville

502 2180 677 2275 venditis,
692 2182 897 2290 qnamdam
921 2197 1129 2258 maumam
1148 2208 1226 2289 que
1247 2183 1387 2260 dicitur
1408 2180 1645 2273 mola-tulta,
1667 2207 1736 2289 pro
1757 2184 1922 2261 releven-

503 2314 580 2402 dis,
602 2332 647 2391 ut
663 2314 896 2401 asserebant,
920 2311 1059 2389 debitis
1078 2330 1119 2391 et
1135 2308 1314 2391 oneribus
1330 2314 1429 2391 diets
1443 2312 1551 2403 ville,
1569 2313 1663 2419 exigi
1684 2314 1868 2392 faciehant
1886 2333 1922 2391 et

502 2444 633 2536 lovari,
653 2442 832 2553 qnodque
846 2441 1007 2521 ballivus
1021 2444 1347 2534 viromandensis,
1363 2444 1482 2521 forma
1499 2444 1666 2521 mandati
1685 2446 1803 2523 nostri
1824 2445 1922 2523 litte·

501 2575 640 2652 ratorie
655 2573 857 2680 superbos
871 2572 944 2651 sibi
959 2573 1046 2651 lecti
1062 2600 1141 2653 noo
1157 2592 1297 2653 servata
1312 2602 1381 2652 nec
1396 2575 1535 2652 vocatis
1548 2598 1712 2682 quorum
1727 2576 1918 2665 intererat,

503 2705 641 2781 dictem
661 2722 869 2783 costumam
889 2705 1024 2811 mojori
1043 2722 1085 2782 et
1097 2704 1233 2813 juretis
1251 2705 1430 2812 predictis
1448 2734 1568 2813 usque
1589 2708 1636 2783 sd
1655 2735 1790 2784 novem
1805 2734 1922 2785 annos

502 2835 711 2940 improvide
739 2851 986 2925 concessant,
1011 2836 1051 2910 in
1079 2834 1268 2913 dictorum
1295 2838 1616 2943 conquerencium
1642 2855 1680 2915 et
1705 2836 1919 2917 libertatum

502 2990 655 3040 suarum
673 2964 927 3069 prejudicium
945 2991 1023 3039 non
1037 2966 1230 3043 modicum
1246 2983 1284 3042 et
1298 2994 1510 3073 gravamen,
1528 2994 1616 3059 nos,
1634 2970 1683 3045 sd
1703 2970 1919 3047 instanciam

501 3094 775 3199 predictorum,
799 3094 1057 3173 mandavimus
1078 3094 1283 3202 superbiis
1301 3098 1492 3175 veritatem
1514 3100 1653 3207 inquiri
1674 3130 1682 3177 ε
1700 3101 1784 3179 viss
1808 3100 1921 3207 igitur

500 3224 672 3330 inquesta
691 3251 804 3331 super
818 3224 892 3301 hoc
906 3224 1020 3316 lacta,
1038 3241 1076 3343 et
1093 3227 1297 3333 propositis
1315 3254 1359 3304 ex
1381 3246 1485 3334 porte
1508 3229 1696 3307 dictor-ern
1717 3232 1870 3338 majoris
1886 3250 1921 3309 et

496 3357 711 3461 juratorum
720 3353 920 3462 diligenter
926 3354 1080 3445 auditis,
1093 3357 1196 3432 curia
1210 3374 1351 3447 nostre,
1364 3377 1432 3461 per
1440 3356 1629 3464 judicium
1642 3384 1769 3446 snum,
1785 3360 1920 3437 dictam

500 3484 807 3561 malam-toltum
826 3485 1038 3590 suspendit,
1060 3502 1100 3561 et
1122 3483 1335 3591 dicitquod
1353 3486 1402 3563 sd
1418 3486 1555 3563 dictam
1576 3485 1701 3563 villsm
1724 3488 1920 3566 mittentur

499 3616 609 3722 probi
626 3616 818 3706 homines,
832 3616 899 3721 qui
915 3616 963 3692 de
979 3632 1078 3693 statu
1095 3616 1194 3693 dicte
1209 3616 1297 3693 villo
1313 3632 1350 3693 et
1365 3618 1446 3724 ejus
1460 3616 1643 3695 oneribus
1658 3618 1851 3724 inquirent
1866 3621 1921 3697 di-

499 3744 681 3851 ligencius
704 3746 919 3833 veritatem,
942 3746 1080 3822 vocatis
1100 3746 1278 3851 predictis
1297 3748 1468 3852 personia
1491 3765 1529 3825 et
1549 3747 1632 3825 eliis
1650 3750 1863 3837 evocandis,
1883 3767 1919 3827 st

500 3874 637 3951 dictum
657 3876 866 3980 inquestam
884 3876 988 3954 curie
1005 3894 1131 3955 nostre
1147 3878 1360 3966 remittent,
1380 3894 1424 3955 ut
1443 3880 1687 3957 consideretis
1704 3908 1779 3987 que
1800 3880 1919 3959 consi-

500 4001 667 4080 deranda
681 4002 825 4081 luerint
840 4006 880 4081 in
898 4006 968 4082 hac
981 4024 1102 4113 perte,
1120 4036 1208 4085 cum
1223 4008 1360 4087 minori
1376 4010 1618 4115 popularium
1633 4027 1672 4087 et
1686 4010 1850 4089 aliorum
1861 4010 1917 4087 in-

498 4133 718 4225 commodo,
738 4163 807 4241 per
820 4137 962 4213 coriam
978 4156 1142 4215 nostram
1157 4140 1261 4247 quod
1279 4139 1507 4219 racionabile
1521 4140 1636 4219 luerit
1652 4142 1860 4221 ordinetur.

554 4266 682 4343 Martis
694 4283 780 4371 post
798 4267 946 4345 octabas
964 4266 1185 4348 Cendelose.

554 4398 656 4503 Roys
671 4398 883 4504 reportavit.

554 4660 695 4734 XXXII.
724 4659 886 4738 Gravem
904 4660 1035 4738 decani
1053 4679 1092 4739 et
1110 4660 1262 4769 capituli
1281 4667 1503 4742 Peronensis
1519 4665 1690 4753 ecclesie,
1712 4666 1751 4741 in
1766 4665 1914 4771 speciali

497 4788 1787 4901 gardonenca-existentium,querimoniamaccepimus,continentem
1797 4796 1913 4902 quod,

498 4946 587 4993 curn
604 4944 726 5021 nuper
747 4919 901 5023 quidam
919 4922 1095 5002 homines
1107 4925 1193 5003 ville
1212 4927 1259 5003 de
1276 4926 1406 5005 Athies
1419 4927 1466 5003 sd
1481 4924 1669 5035 refugium
1681 4944 1722 5003 et
1737 4926 1915 5005 immuni-

497 5064 612 5125 tatem
631 5048 730 5124 dicte
748 5050 905 5129 ecclesie
922 5053 1191 5164 confugissent,
1209 5056 1457 5149 Godefridus
1473 5075 1563 5135 tunc
1578 5059 1792 5165 prepositus
1805 5058 1917 5135 Pero-
