4450 6209
509 698 583 771 sss
1088 694 1180 769 css
1210 666 1349 771 omni

286 844 472 909 Patimur,
508 836 632 914 silium
654 833 737 943 ejus
757 835 972 942 predictum
993 834 1318 943 condempnemus
1342 836 1381 913 in
1400 836 1579 914 trecentis
1604 834 1711 915 libris
1729 836 1930 917 Turonen-

347 937 410 981 Μ’
508 968 631 1058 sibus,
648 966 882 1074 applicandis
895 965 1135 1045 etsolvendis
1152 966 1253 1047 dicto
1275 968 1410 1045 rectori
1433 994 1502 1074 pro
1525 966 1713 1075 dampnis,
1732 967 1927 1059 interesse,

507 1096 720 1189 violenciis,
744 1096 956 1175 excessibus
976 1114 1015 1175 et
1033 1097 1198 1205 injuriis,
1219 1114 1427 1177 memorato
1449 1096 1585 1177 rectori
1607 1114 1646 1175 et
1671 1097 1753 1204 ejus
1774 1098 1931 1177 familia·

508 1227 616 1307 ribus
637 1228 769 1314 illatis,
794 1244 833 1306 et
854 1242 899 1305 ut
915 1227 987 1335 ipsi
1014 1245 1160 1307 cessent
1185 1244 1224 1307 et
1243 1228 1424 1307 desistant
1442 1228 1629 1336 impedire
1651 1228 1794 1313 dictum
1813 1249 1930 1309 recto-

508 1390 590 1439 rem
611 1376 649 1437 et
664 1359 838 1439 homines
856 1386 948 1437 suos
966 1356 1120 1438 furuum
1141 1358 1263 1439 lacere
1278 1374 1318 1437 et
1336 1388 1472 1465 panem
1492 1360 1532 1437 in
1551 1358 1672 1439 firmis
1691 1359 1853 1467 propriis
1867 1361 1928 1439 de·.

508 1519 686 1598 coquere;
702 1490 854 1597 etquod
872 1490 1015 1571 dictum
1029 1507 1214 1569 rectorem
1230 1516 1307 1569 uon
1317 1488 1544 1595 compellant
1552 1490 1755 1599 pedagium
1771 1491 1924 1582 solvere,

508 1640 638 1701 contra
650 1622 843 1699 libertates
862 1619 1016 1699 ecclesie
1036 1620 1087 1704 de
1104 1620 1275 1701 Cornaco
1293 1608 1548 1726 predictas,'et
1561 1621 1848 1729 quartuordecim
1867 1621 1928 1701 dc-

508 1752 650 1840 narios,
667 1779 737 1857 pro
756 1778 870 1831 censu
887 1748 1088 1829 domns'de
1106 1778 1181 1858 qua
1197 1778 1310 1857 supra
1325 1748 1370 1827 fit
1388 1750 1544 1841 mendo,
1563 1752 1671 1831 annis
1687 1751 1846 1859 singulis
1863 1752 1928 1831 sol-

506 1912 594 1961 vere
612 1898 825 1971 teneantur,
847 1881 1031 1989 quamdiu
1054 1880 1247 1959 tenuerint
1268 1879 1406 1959 dictam
1431 1880 1605 1973 domum,
1632 1897 1671 1961 et
1689 1899 1732 1961 ut
1748 1885 1928 1991 arreragia

508 2013 678 2123 preteriti
701 2012 884 2119 temporis
909 2010 1055 2091 solvant
1078 2010 1205 2091 eidem
1229 2011 1384 2103 rectori,
1412 2011 1565 2089 nomine
1594 2011 1750 2091 ecclesie
1773 2012 1821 2089 de
1843 2012 1929 2091 Cor·

509 2172 620 2235 naoo;
632 2144 723 2221 item
735 2142 1058 2249 condempnamus
1069 2140 1235 2219 eundom
1246 2140 1406 2220 militem
1416 2158 1454 2219 et
1462 2142 1674 2248 predictum
1684 2141 1925 2233 Metiredum,

505 2274 593 2381 ejus
618 2274 757 2364 filium,
779 2276 819 2351 in
844 2273 1032 2381 sexopnta
1057 2271 1164 2351 libris
1185 2272 1472 2351 Turonensibus
1496 2272 1667 2379 predicto
1692 2272 1856 2353 Geraldo
1882 2274 1926 2351 de

510 2405 692 2499 Cosodor,
708 2405 884 2485 servienti
898 2420 1044 2492 nostro,
1053 2431 1122 2511 pro
1136 2402 1315 2509 predictis
1330 2402 1467 2511 injuria
1481 2420 1520 2481 et
1530 2403 1712 2487 violencia
1725 2404 1796 2483 sibi
1809 2403 1924 2494 factis,

509 2537 710 2617 solvendis.

565 2670 607 2745 ln
627 2668 768 2747 octabis
784 2668 937 2747 Pasche.

566 2800 616 2877 M.
637 2800 682 2878 G.
705 2800 754 2877 de
773 2800 865 2877 Usto
886 2798 1101 2905 reportavit.

568 3062 757 3143 LXXXIV.
788 3062 888 3141 Cum
897 3061 1139 3141 Fortunerius
1152 3062 1200 3139 de
1215 3063 1479 3171 RuppeForti,
1492 3064 1929 3145 nominesuoetcousor·

510 3213 593 3271 tum
613 3222 787 3284 suorum,
804 3192 914 3271 nobis
932 3191 1177 3302 significasset
1195 3193 1300 3299 quod
1321 3222 1407 3273 cum
1428 3194 1652 3273 Manuchius
1675 3194 1724 3273 de
1741 3194 1926 3285 Vallem,

509 3341 732 3432 procurator
743 3325 946 3414 lobannis,
961 3324 1127 3432 Philippi
1142 3343 1182 3403 et
1194 3324 1346 3432 Nicolay
1358 3326 1502 3416 Jacobi,
1519 3343 1772 3405 mercatorum
1789 3327 1838 3406 de
1853 3326 1928 3405 Flo

508 3458 650 3549 rencia,
677 3457 871 3545 Nemausi,
896 3473 940 3535 ut
964 3456 1114 3548 dicitur,
1143 3456 1484 3550 commorancium,
1509 3458 1742 3537 convenisset
1759 3474 1928 3537 mamare

509 3588 653 3666 eisdem
666 3586 904 3665 consortibus
917 3601 1081 3692 quatuor
1091 3584 1212 3663 millia
1221 3602 1260 3663 et
1273 3586 1536 3694 quadragintas
1550 3587 1665 3665 libras
1675 3590 1926 3675 Turonenses,

508 3747 551 3795 ac
566 3718 684 3795 iidem
700 3733 894 3794 consortes
908 3714 1069 3793 confessi
1089 3714 1248 3794 finissent
1267 3744 1306 3795 se
1326 3715 1464 3793 dictam
1482 3744 1669 3795 summam
1684 3718 1844 3823 pecunie
1861 3718 1929 3795 dic·

507 3850 557 3925 tis
575 3846 848 3926 mercatoribus
867 3862 906 3923 et
925 3872 1061 3923 eorum
1083 3846 1318 3953 procuratori
1342 3846 1513 3954 predicto
1534 3846 1674 3927 debere
1694 3876 1739 3927 ex
1758 3878 1867 3929 causa
1884 3850 1930 3927 si-

508 3976 642 4055 mulati
662 3993 875 4055 contractus
890 3974 1108 4079 ›empcionis
1126 3974 1232 4065 salis,
1252 3976 1464 4057 secundum
1485 3977 1592 4087 quod
1611 3978 1652 4057 in
1671 3979 1929 4059 instrumentis

509 4137 623 4216 super
641 4108 715 4187 hoc
734 4106 914 4185 confectis
926 4104 1079 4213 plenius
1091 4107 1319 4199 continetur,
1341 4125 1379 4186 et
1398 4108 1500 4185 idem
1511 4124 1731 4214 procurator
1743 4108 1929 4187 dictorum

508 4257 762 4317 mercatorum
775 4236 1100 4327 Florentinorum,
1114 4236 1209 4315 facta
1224 4238 1323 4317 dicta
1338 4236 1572 4345 obligacione
1585 4268 1672 4317 cum
1689 4238 1843 4345 publico
1857 4238 1930 4317 ius·

285 4355 289 4361 ¹
399 4396 412 4463 '.
508 4384 701 4447 trumento
720 4396 835 4475 super
853 4366 928 4445 hoc
946 4366 1133 4455 confecto,
1149 4394 1349 4445 numerare
1369 4385 1407 4445 et
1421 4366 1568 4453 tradere
1589 4367 1726 4447 dicum
1745 4396 1929 4449 summam

507 4499 668 4605 pecunie
680 4498 897 4605 promiserit
911 4496 1023 4575 dictis
1036 4498 1291 4588 consortibus,
1309 4514 1409 4577 certa
1426 4498 1506 4589 die,
1522 4498 1628 4606 quod
1646 4498 1766 4579 facere
1782 4516 1820 4579 et
1832 4528 1930 4577 com·

507 4630 613 4737 plere
637 4630 864 4707 obmitteute
893 4628 995 4707 dicto
1020 4646 1278 4734 procuratore,
1307 4645 1351 4707 ut
1376 4630 1613 4735 promiserat,
1642 4630 1691 4707 ad
1714 4630 1929 4709 instanciam

510 4760 698 4838 dictorum
717 4777 934 4837 consortum
955 4758 1057 4837 citati
1079 4756 1233 4837 fuorunt
1252 4759 1409 4865 predicti
1430 4775 1655 4839 mercatores
1670 4758 1878 4839 Florentini
1894 4777 1929 4837 et

510 4905 730 4998 procurator
743 4889 935 4996 predictus
949 4888 1189 4981 eorumdem,
1208 4916 1331 4967 coram
1347 4888 1479 4998 majori
1489 4889 1618 4998 judice
1631 4890 1924 4978 Carcassoneusi,

505 5020 577 5128 qui
593 5020 694 5096 citati
712 5047 801 5126 sepe
821 5037 859 5098 et
876 5020 1003 5125 sepius
1021 5046 1237 5125 comparere
1256 5020 1516 5128 neglexerunt,
1539 5036 1577 5097 et
1597 5038 1750 5127 propter
1769 5020 1843 5099 hoc
1856 5019 1925 5099 suit
