4450 6209
760 703 1028 815 anunres
1054 725 1117 797 nr
1143 705 1350 797 rnoons.
1690 723 1764 797 ooo

345 865 440 973 pleri
465 893 532 944 seu
559 865 728 945 mandari
748 867 963 946 execucioui
985 865 1113 945 debite
1140 864 1366 956 laceremus3
1391 894 1508 974 qnare
1535 865 1769 973 supplicabat
1806 876 1936 931 Parnm
1950 877 1993 941 lv,

347 995 445 1074 dicta
459 995 635 1104 priorissa
650 1000 756 1106 quod
769 998 928 1107 predicti
948 998 1209 1088 commissarii,
1234 996 1282 1075 de
1303 996 1387 1074 loco
1408 1014 1445 1075 et
1463 997 1706 1104 pertinenciis
1725 1027 1767 1074 ac
1868 969 1933 1012 Μ’

342 1127 429 1235 jure
449 1143 667 1233 patronatus
693 1131 890 1237 predictis,
918 1130 1182 1208 execucionem
1204 1128 1390 1218 lacerent,
1407 1130 1513 1238 juxta
1535 1129 1768 1207 voluntatem

346 1258 463 1364 ipsius
486 1260 682 1351 testatoris,
706 1277 750 1340 et·
761 1261 981 1341 mandatum
1006 1278 1178 1340 nostrum
1198 1288 1312 1367 super
1329 1260 1404 1338 boc
1423 1260 1476 1338 eis
1496 1259 1682 1338 directum
1702 1258 1769 1338 ad-

347 1389 564 1497 implerent3
586 1391 757 1496 predicto
782 1389 948 1470 Arnaldo
967 1391 1112 1470 Barasci
1130 1410 1168 1470 et
1189 1406 1409 1500 preceptore
1435 1390 1524 1468 dicti
1549 1391 1768 1499 Hospitalis,

347 1548 391 1598 ex
409 1520 580 1611 adverso,
600 1551 639 1599 se
658 1523 940 1631 opponentibus
954 1523 1053 1601 dicte
1070 1521 1356 1629 supplicacioni,
1375 1536 1413 1600 et
1430 1521 1658 1612 dicentibus,
1674 1523 1773 1600 mul-

346 1651 394 1728 tis
417 1651 646 1742 rationibus,
672 1654 809 1732 dictam
835 1654 1098 1732 exemcionem
1124 1675 1202 1730 non
1225 1652 1364 1730 debere
1385 1651 1469 1729 lieri
1493 1651 1533 1729 in
1557 1654 1769 1758 premissis3

347 1809 438 1887 quas
463 1784 632 1862 raciones
659 1784 903 1862 commissarii
927 1770 1046 1861 nostri
1071 1783 1229 1888 predicti
1255 1782 1405 1861 lrivolas
1433 1801 1667 1889 reputantes,
1693 1815 1773 1865 non

347 1913 582 1992 obstantibus
619 1915 846 2021 quibusdam
885 1911 1181 2018 spoliationibus
1216 1941 1238 1988 a
1271 1913 1382 1989 dictis
1418 1912 1583 1990 Arnaldo
1619 1931 1658 1993 et
1687 1946 1773 2022 pre-

346 2059 496 2148 ceptore
516 2043 564 2120 ad
583 2071 652 2120 nos
671 2070 785 2152 super
804 2043 876 2122 boc
891 2042 1114 2151 interjectis,
1132 2042 1181 2119 ad
1194 2043 1456 2150 recepcionem
1473 2061 1511 2120 et
1527 2046 1778 2126 examinacio·

346 2197 433 2248 nem
450 2175 605 2251 testium
625 2174 914 2281 productorum,
942 2201 986 2250 ex
1006 2189 1108 2278 parte
1136 2172 1235 2250 dicte
1252 2172 1445 2279 priorisse,
1467 2174 1770 2280 adprobandum

347 2303 452 2406 quod
472 2331 533 2382 res
548 2303 717 2410 predicte
731 2301 856 2382 eidem
873 2301 994 2410 legate
1010 2318 1132 2391 erant,
1151 2320 1190 2380 et
1205 2300 1311 2408 quod
1328 2302 1427 2380 dicte
1442 2289 1503 2382 res
1523 2324 1630 2384 erant
1645 2307 1686 2384 in
1703 2308 1773 2388 bo-

347 2433 406 2509 nis
429 2434 617 2512 testatoris
640 2433 814 2542 predicti,
841 2450 1013 2540 tempore
1038 2432 1172 2512 mortis
1195 2461 1280 2523 sue,
1309 2410 1387 2512 non
1413 2435 1649 2514 obstantibus
1672 2439 1773 2545 ipso-

347 2591 433 2640 rum
457 2562 612 2642 Arnaldi
637 2581 675 2642 et
697 2564 929 2672 preceptoris
953 2563 1289 2672 appellacionibus,
1316 2584 1598 2670 processerunt,
1626 2585 1664 2646 et
1681 2564 1775 2678 {pro-

348 2721 495 2771 cessum
517 2695 758 2774 solummodo
785 2694 884 2773 dicte
904 2694 1076 2803 inqueste
1095 2723 1212 2801 super
1230 2695 1422 2802 premissis
1440 2695 1596 2790 lactum,
1618 2701 1773 2778 retentis

348 2825 449 2932 apud
473 2853 512 2904 se
542 2827 846 2906 attestacionibus
868 2827 1024 2906 testium
1051 2855 1166 2935 super
1193 2826 1268 2904 biis
1296 2827 1585 2934 productorum,
1614 2831 1662 2907 ad
1685 2861 1773 2910 nos

346 2974 442 3034 tram
461 2959 604 3036 curiam
623 2959 865 3050 remiserunt,
888 2975 927 3038 et
946 2959 1033 3036 ideo
1047 2987 1127 3036 non
1145 2959 1271 3064 potuit
1285 2958 1384 3036 dicta
1404 2958 1577 3066 inquesta
1592 2961 1770 3070 judicari,

349 3117 481 3195 quare,
497 3119 565 3195 per
581 3107 764 3168 arrestum
779 3108 906 3168 nostre
922 3090 1042 3180 curie,
1059 3089 1131 3168 fuit
1146 3089 1289 3166 dictum
1301 3088 1407 3196 quod
1418 3089 1659 3168 mandabitur
1672 3122 1775 3172 com·
1840 3106 1846 3117 '

349 3221 527 3300 missariis
550 3220 729 3327 predictis
748 3220 854 3328 quod
879 3221 950 3328 ipsi
969 3221 1107 3300 dictam
1128 3221 1357 3326 inquestam,
1384 3220 1414 3296 si
1438 3248 1517 3297 non
1541 3223 1590 3298 sit
1609 3223 1771 3327 comple·

347 3367 443 3442 tam,
467 3353 694 3459 compleant,
722 3369 761 3430 et
783 3351 1008 3459 completam
1035 3368 1072 3430 et
1097 3352 1281 3458 integram
1305 3350 1497 3430 remittant
1521 3369 1649 3430 nostre
1669 3352 1773 3430 curie

344 3481 603 3588 judicandam.

404 3615 580 3692 Mercurii
601 3615 780 3722 predicta.

405 3746 455 3821 M.
472 3743 518 3824 G.
537 3745 583 3823 de
597 3748 692 3828 Usco
712 3748 925 3855 reportavit.

406 3876 514 3952 Facta
529 3895 585 3954 est
599 3905 713 3984 super
727 3880 801 3958 boc
821 3880 1048 3959 commissio.

407 4137 497 4214 Llll.
527 4139 608 4215 Lite
636 4156 754 4231 mota,
777 4167 901 4217 coram
927 4142 1119 4248 preposito
1140 4141 1355 4232 Parisiensi,
1379 4143 1477 4219 inter
1495 4144 1707 4221 lohannem
1728 4144 1774 4220 de

350 4269 488 4360 Mares,
502 4286 677 4362 actorem,
691 4301 734 4348 ex
744 4299 818 4349 una
829 4289 945 4379 parte,
957 4286 994 4348 et
1000 4269 1211 4348 lobannem
1223 4271 1578 4361 Hardi,Jobannam‚
1595 4274 1677 4380 ejus
1690 4304 1777 4352 uxo-

350 4427 448 4491 rem,
464 4420 502 4480 et
512 4402 772 4494 Petronillam,
785 4431 940 4481 uxorem
951 4403 1050 4480 Petri
1065 4401 1112 4478 de
1123 4401 1386 4492 Bello-Monte,
1399 4401 1664 4493 defendentes,
1675 4406 1777 4484 exel-

350 4547 445 4619 tera,
461 4561 574 4640 super
594 4562 640 4612 eo
660 4535 764 4643 prod
782 4534 883 4612 idem
898 4533 1089 4613 lebannes
1110 4534 1158 4612 de
1178 4535 1298 4612 Mares
1311 4533 1460 4611 dicebat
1471 4533 1576 4640 quod
1594 4535 1776 4615 medietas

352 4661 548 4770 cujusdam
569 4664 718 4743 dimidii
738 4665 836 4744 stalli
857 4665 918 4744 siti
940 4666 979 4744 in
997 4694 1090 4744 nova
1110 4665 1231 4752 balla,
1249 4664 1288 4740 in
1305 4663 1401 4753 alto,
1420 4664 1520 4741 inter
1533 4665 1775 4746 medietatem

353 4792 451 4869 stalli
468 4797 637 4874 lobanne
658 4798 756 4876 dicte
776 4827 842 4876 aus
857 4798 1061 4888 Boissiaus,
1082 4825 1127 4875 ex
1144 4824 1219 4873 una
1238 4813 1361 4902 parte,
1379 4812 1417 4873 et
1432 4794 1580 4875 stallum
1595 4799 1776 4876 lobannis

354 4920 442 4999 dicti
453 4924 678 5019 Tainturier‚
696 4958 740 5006 ex
753 4928 883 5020 altera,
901 4929 941 5006 in
954 4929 1097 5007 censiva
1109 4944 1253 5018 nostra3
1270 4927 1360 5004 item
1377 4924 1533 5004 dimidia
1544 4954 1628 5035 pars
1641 4929 1776 5007 domus

352 5052 549 5160 cujusdam
566 5057 635 5136 site
647 5059 686 5136 in
701 5059 783 5139 uico
797 5058 845 5138 de
860 5059 1141 5170 Quiquenpoit,
1159 5059 1258 5137 inter
1269 5056 1426 5136 domum
1446 5055 1586 5136 Juliani
1607 5057 1655 5134 de
1670 5055 1778 5136 Grei-

464 5230 515 5272 nrs
537 5230 622 5274 curu.
644 5232 689 5276 ιιι.
1630 5210 1669 5298 87
