4450 6209
506 695 581 768 260
1083 693 1175 765 LES
1205 691 1348 766 OLIM.

280 847 412 902 Parum
425 843 468 908 rt,
503 854 549 913 ut
561 835 751 925 consulas,
768 835 890 913 donec
904 834 1030 912 eidem
1046 833 1178 941 majori
1191 850 1321 910 nostro
1332 831 1455 940 judici
1470 832 1587 912 fidem
1602 832 1777 910 fecissent
1793 832 1842 910 de
1857 835 1928 939 pri-

342 937 405 980 Μ’
504 967 650 1078 vilegiis
676 997 751 1076 que
778 995 819 1046 se
847 967 987 1044 habere
1011 966 1207 1056 dicebant,
1239 965 1521 1072 inhibitumque
1552 964 1683 1043 fuisset
1712 965 1928 1045 bominibus

507 1101 605 1177 dicte
617 1100 707 1176 ville
719 1098 914 1176 abeodem
926 1097 1056 1204 judice
1066 1114 1213 1190 nostro,
1228 1097 1298 1174 sub
1314 1096 1499 1176 consimili
1511 1125 1609 1204 pena
1622 1095 1727 1174 mille
1746 1096 1925 1178 librarum

506 1228 802 1317 Turonensium,
818 1227 928 1306 nobis
945 1226 1180 1333 applicanda,
1204 1255 1253 1305 ue
1273 1226 1344 1335 ipsi
1363 1227 1540 1334 predictis
1552 1245 1716 1334 quatuor
1731 1228 1927 1308 obedirent

505 1377 549 1439 ut
568 1360 789 1440 consulibus
806 1358 866 1436 vel
886 1357 1108 1465 collegiatis,
1131 1385 1201 1436 nec
1220 1359 1268 1435 ad
1289 1385 1353 1436 eos
1373 1387 1487 1475 super
1501 1357 1630 1464 aliquo
1650 1387 1847 1436 recursum
1866 1361 1927 1438 ha-

503 1493 655 1582 berent,
672 1510 865 1597 tamquam
880 1490 929 1566 ad
943 1489 1118 1568 consules
1129 1489 1187 1566 vel
1201 1489 1436 1598 collegiatus,
1452 1489 1658 1567 inhibitum
1670 1489 1789 1567 eciam
1800 1489 1927 1570 brisset

505 1625 615 1702 dictis
634 1621 855 1700 hominibus
874 1621 923 1698 de
941 1621 1106 1710 Nantbo,
1128 1621 1302 1700 similiter
1321 1622 1392 1700 sub
1412 1649 1508 1728 pena
1528 1621 1633 1698 mille
1654 1619 1837 1698 librarum
1853 1625 1927 1702 Tu-

505 1753 742 1841 ronensium,
764 1751 875 1829 nobis
894 1751 1131 1858 applicanda,
1154 1780 1202 1829 ne
1227 1751 1501 1830 conventiculas
1527 1779 1595 1830 scu
1622 1753 1926 1858 congregationes

506 1887 606 1961 iuter
624 1911 664 1960 se
683 1882 866 1971 lacerent,
888 1910 959 1960 nec
976 1910 1016 1958 se
1036 1882 1136 1959 ultra
1153 1899 1231 1962 tres
1249 1883 1307 1960 vel
1325 1901 1490 1990 quatuor
1505 1901 1791 1992 congregarent3
1809 1886 1938 1991 aquia

505 2016 578 2094 bus
590 2015 902 2107 inhibiciouibus,
917 2031 1108 2122 tamquam
1121 2015 1167 2092 ab
1183 2015 1349 2121 injustis,
1362 2014 1451 2092 dicti
1467 2015 1641 2094 homines
1654 2017 1702 2094 ad
1716 2043 1786 2094 nos
1801 2032 1926 2094 contra

507 2148 651 2225 dictum
667 2145 838 2253 judicem
857 2145 1155 2253 appellaverunt,
1177 2163 1222 2224 ut
1241 2145 1390 2236 dicitur,
1417 2163 1456 2224 et
1474 2145 1643 2253 judicem
1667 2145 1709 2222 in
1734 2173 1843 2226 causa
1866 2176 1926 2254 ap-

504 2278 724 2386 pellacionis
736 2306 805 2356 sue
824 2279 1088 2384 impetrarunt,
1106 2277 1252 2355 utendo
1270 2294 1308 2355 et
1327 2277 1570 2385 expleotundo
1591 2278 1692 2357 dioto
1711 2278 1923 2368 consulatu,

505 2410 891 2520 congregacionasque
901 2407 1094 2498 faciendo,
1108 2426 1146 2486 et
1157 2426 1285 2486 contra
1298 2409 1549 2488 inhibiciones
1558 2408 1744 2516 predictas
1753 2409 1793 2486 in
1804 2410 1926 2518 hujus

503 2542 610 2619 modi
628 2541 887 2648 multipliciter
904 2541 1140 2632 excedend03
1158 2569 1272 2647 super
1291 2540 1431 2648 quibus
1446 2541 1655 2619 excessibus
1668 2539 1927 2620 mandavimus

504 2673 695 2751 veritatem
717 2673 880 2778 inquiri:
901 2673 987 2752 Visa
1006 2672 1122 2778 igitur
1136 2672 1308 2778 inquesta
1324 2699 1439 2780 super
1454 2673 1528 2750 hoc
1543 2672 1591 2750 de
1606 2671 1784 2750 mandato
1799 2689 1926 2752 nostro

504 2803 614 2893 lacta,
637 2833 723 2880 cum
749 2804 798 2880 sit
816 2804 1012 2881 inventurn
1036 2803 1140 2909 quod
1166 2804 1435 2909 prenominati,
1459 2831 1514 2894 se,
1537 2830 1606 2910 pro
1627 2801 1847 2882 consulibus
1865 2832 1927 2912 ge-

503 2949 630 3010 rentes
644 2950 683 3011 et
694 2933 871 3010 homines
882 2934 979 3012 dicte
994 2934 1101 3024 ville,
1118 2935 1252 3042 spretis
1265 2935 1402 3042 injuste
1417 2935 1714 3016 inhibiciouibus
1729 2935 1924 3041 predictis,

505 3081 632 3141 contra
652 3091 715 3141 eas
735 3061 907 3142 fecerunt
923 3094 994 3143 nec
1011 3065 1287 3172 appellaciones
1302 3093 1386 3144 suas
1401 3067 1632 3145 sufficienter
1646 3067 1834 3172 prosecuti
1851 3065 1926 3144 fue-
1951 3041 1954 3052 Ι

503 3211 607 3287 runt,
624 3221 693 3300 per
711 3195 814 3272 curie
834 3212 963 3274 nostre
977 3196 1184 3303 judicium,
1206 3196 1278 3302 ipsi
1297 3196 1409 3274 nobis
1427 3225 1495 3302 pro
1515 3196 1694 3306 predictis
1715 3198 1926 3278 excessibus

503 3324 658 3403 fuerunt
677 3326 716 3403 in
736 3325 842 3403 mille
861 3326 969 3406 libris
986 3355 1186 3434 parvorum
1207 3326 1396 3406 bonorum
1418 3326 1701 3406 Turonensium
1720 3328 1925 3406 sentencia-

503 3455 593 3561 liter
608 3456 886 3563 condempnati.

559 3589 664 3665 Lune
685 3588 863 3696 predicta.

557 3851 697 3929 XLVII.
728 3853 917 3941 Preterea,
940 3882 1027 3928 cum
1052 3855 1163 3933 nobis
1188 3853 1438 3962 significatum
1462 3857 1595 3934 luisset
1620 3856 1724 3962 quod
1751 3857 1925 3936 homines

502 3979 601 4056 dicte
626 3979 732 4071 ville,
758 3981 933 4089 gentibus
956 3985 1094 4062 nostris
1121 3986 1310 4093 deputatis
1336 3990 1383 4065 ad
1407 3987 1608 4065 levandum
1631 3987 1923 4066 subvencionem

502 4111 612 4188 nobis
629 4112 817 4203 debitam,
834 4114 1016 4220 vituperia
1031 4116 1150 4192 multa
1168 4132 1206 4194 et
1223 4145 1408 4196 rescussas
1423 4118 1593 4196 fecerunt
1607 4121 1647 4194 in
1664 4135 1921 4225 contemptum

501 4258 675 4318 nostrum
688 4260 728 4320 et
739 4244 957 4322 scandalum
972 4249 1107 4352 patrie,
1125 4275 1238 4354 super
1251 4248 1461 4326 excessibus
1474 4249 1651 4355 predictis
1665 4249 1923 4333 mandavimus

500 4373 692 4453 veritatem
709 4374 868 4482 inquiri:
886 4377 972 4457 Visa
984 4376 1100 4484 igitur
1117 4379 1290 4485 inquesta
1310 4407 1423 4485 super
1441 4379 1515 4456 biis
1534 4381 1582 4457 de
1602 4380 1779 4458 mandato
1794 4397 1922 4458 nostro

496 4506 608 4596 lacta,
632 4508 720 4613 quia
739 4536 807 4615 por
827 4538 909 4586 eam
927 4527 1119 4617 repertum
1138 4509 1210 4587 fuit
1228 4513 1383 4588 Petrum
1401 4512 1552 4603 Brison,
1574 4527 1761 4601 sutorem,
1782 4511 1922 4590 lohan-

499 4663 588 4712 nem
598 4695 606 4722 ,
618 4638 701 4744 ejus
710 4638 878 4730 fratrem,
891 4643 1045 4718 Petrum
1055 4642 1202 4733 Brison,
1216 4642 1338 4720 lilium
1349 4643 1449 4720 Petri
1464 4643 1696 4733 Martellarii,
1709 4644 1918 4722 Jobannam

500 4765 548 4842 de
572 4765 732 4860 Vebrot,
757 4769 968 4849 lohanneru
989 4772 1036 4849 de
1060 4774 1166 4862 Bret,
1194 4773 1458 4880 llaymundum
1478 4775 1626 4865 Gariui,
1652 4777 1920 4885 Raymundum

498 4896 719 4989 Aremanni,
736 4899 959 4992 Rolandam,
976 4932 1135 4984 uxorem
1148 4907 1328 4984 Bernardi
1348 4906 1509 4998 Triaire,
1527 4909 1681 5012 Petrum
1699 4907 1921 4985 Chabauna·

497 5028 559 5119 rii,
576 5030 727 5106 Petrum
745 5030 939 5128 Columbi,
952 5035 1161 5141 juniorem,
1175 5055 1212 5114 ct
1224 5036 1354 5145 plures
1373 5037 1482 5130 alios,
1494 5039 1655 5147 graviter
1665 5037 1865 5118 excessisse
1882 5049 1919 5114 et
