4450 6209
469 714 519 787 88
1051 712 1143 785 LES
1173 711 1311 785 OLIM.

243 860 372 913 Parnm
386 858 430 922 Il·
524 856 649 934 XXXI.
681 857 778 935 Cum
797 856 837 932 iu
857 856 959 932 curia
977 870 1103 931 nostra
1121 853 1270 961 questio
1288 869 1390 929 mota
1408 851 1540 930 fuisset
1557 850 1658 929 inter
1674 851 1892 933 ministrnm

303 950 367 993 lm
468 1004 506 1063 et
534 985 664 1064 fratres
689 986 825 1064 domus
849 984 1196 1065 Sancte-Trinitatis
1219 982 1530 1072 Fontis-Bliaudi,
1554 1012 1598 1060 ex
1616 1011 1692 1061 uua
1710 1001 1832 1091 parte,
1855 1004 1893 1065 et

467 1117 643 1194 homines
661 1116 835 1195 villarum
851 1116 898 1193 de
914 1116 1216 1205 Fonte-Bliaudi,
1233 1114 1280 1191 de
1298 1113 1546 1221 Bosco-llegis
1565 1130 1603 1190 et
1623 1111 1670 1191 de
1688 1113 1888 1204 Samosiis,

467 1276 510 1323 ex
535 1248 669 1336 altera,
695 1276 808 1354 super
833 1276 878 1324 eo
903 1248 1009 1353 quod
1032 1246 1124 1325 dicti
1148 1246 1311 1354 religiosi
1335 1245 1511 1322 dicebant
1536 1272 1575 1321 se
1599 1270 1689 1321 usos
1714 1229 1828 1323 fuisse
1851 1264 1891 1324 et

467 1378 583 1453 eciam
604 1407 643 1455 se
658 1378 723 1485 jus
744 1378 884 1456 hahere
900 1378 1130 1455 immittendi
1145 1406 1280 1487 porcos
1294 1404 1399 1465 suos,
1418 1391 1608 1483 quotquot
1620 1373 1776 1464 vellent,
1795 1395 1892 1455 tem-

463 1535 555 1613 pore
576 1508 770 1615 peissone,
796 1509 844 1585 ad
862 1509 1091 1615 pascendum
1113 1509 1153 1583 in
1172 1507 1314 1585 valleiis
1332 1522 1460 1583 nostre
1481 1504 1618 1583 foreste
1634 1505 1784 1612 Byerie,
1801 1535 1889 1586 cum

464 1636 683 1714 redevencia
701 1638 818 1715 trium
842 1637 1083 1717 denariorum
1101 1667 1171 1744 pro
1192 1637 1364 1745 quotibet
1386 1664 1520 1745 porco,
1542 1652 1581 1711 et
1604 1663 1645 1713 se
1665 1634 1823 1743 injuste,
1845 1640 1892 1716 ad

463 1771 773 1876 procuracionem
795 1772 984 1849 dictorum
1003 1772 1221 1860 hominum,
1240 1799 1310 1877 per
1328 1786 1458 1878 gentes
1476 1785 1622 1845 nostras
1642 1766 1758 1845 luisse
1780 1796 1893 1875 super

465 1901 537 1979 hoc
557 1902 776 2008 impeditos3
799 1903 907 1980 dietis
928 1903 1149 1981 homiuibus
1166 1902 1397 1981 contrarium
1417 1898 1686 1991 asserentibus,
1707 1917 1747 1976 et
1767 1900 1892 1978 dicen-

464 2030 568 2110 tibus
580 2032 645 2140 jus
661 2033 875 2138 predictum
890 2033 938 2110 ad
957 2034 1221 2139 parrochianos
1240 2030 1426 2111 seculares
1443 2030 1629 2113 dictarum
1649 2030 1766 2107 trium
1785 2031 1890 2109 villa-

358 2180 362 2187 '
463 2190 550 2239 rum
574 2165 840 2243 tantummodo
864 2164 1068 2270 pertinere,
1097 2167 1148 2242 ita
1167 2163 1272 2271 quod
1290 2190 1368 2240 non
1385 2161 1432 2238 ad
1450 2161 1647 2269 religiosos
1673 2161 1889 2267 predictost

464 2292 652 2381 Tandem,
669 2293 806 2372 auditis
819 2296 1032 2373 racionibus
1045 2297 1161 2402 partis
1171 2294 1386 2399 utriusque,
1398 2292 1550 2400 visaque
1569 2293 1757 2399 inquesta,
1777 2322 1891 2402 super

464 2421 551 2511 hoc,
569 2423 807 2503 demandato
821 2442 967 2515 nostro,
982 2426 1094 2514 lacta,
1110 2454 1178 2532 per
1191 2425 1294 2502 curie
1309 2440 1436 2501 nostre
1444 2422 1651 2531 judicium,
1666 2424 1808 2501 dictum
1819 2423 1891 2502 fuit

463 2552 652 2631 addictos
677 2555 852 2633 homiues
873 2555 1044 2635 villarum
1069 2556 1325 2664 predictarum
1349 2581 1426 2631 non
1449 2553 1676 2660 pertinuisse
1695 2553 1890 2661 religiosos

386 2750 391 2767 .
462 2684 652 2789 predictos
675 2686 796 2764 lacere
816 2687 992 2793 impediri
1013 2690 1052 2764 in
1072 2687 1270 2794 predictis,
1298 2703 1337 2763 et
1359 2685 1447 2761 ideo
1473 2684 1617 2762 dictum
1642 2684 1892 2792 impedimen-

462 2832 561 2905 tum,
577 2833 758 2923 quantum
775 2819 823 2896 ad
837 2819 957 2896 dictos
972 2819 1166 2907 homines,
1182 2816 1346 2894 amoveri
1360 2815 1513 2893 dehere.
1525 2817 1683 2905 Verum,
1699 2816 1786 2924 quia
1796 2818 1889 2897 dicti

463 2944 627 3052 religiosi
655 2948 869 3026 asserebant
898 2977 937 3025 se
953 3030 958 3041 ,
961 2948 1024 3056 jus
1050 2948 1263 3056 predictum
1291 2946 1449 3037 habere,
1473 2945 1649 3024 videlicet
1673 2948 1889 3029 inmittendi

463 3103 598 3182 porcos
617 3106 706 3155 suos
722 3080 763 3154 in
781 3077 922 3155 valleiis
937 3079 1035 3158 dicte
1048 3079 1186 3157 foreste
1201 3094 1344 3167 nostre,
1362 3105 1448 3154 cum
1467 3077 1686 3157 redevencia
1703 3080 1887 3185 predicta,

464 3225 503 3283 et
521 3236 560 3284 se
577 3236 658 3287 esse
676 3209 715 3286 in
734 3209 867 3287 saisina
881 3210 978 3317 juris
997 3210 1170 3318 predicti,
1197 3210 1304 3317 cujus
1323 3208 1524 3315 peticionis
1543 3208 1713 3287 defensio
1731 3211 1781 3288 ad
1799 3238 1887 3303 nos,

362 3352 366 3363 '
462 3356 639 3445 tanquam
664 3341 862 3419 dominum
888 3359 926 3418 et
950 3343 1242 3450 proprietarium
1266 3341 1438 3448 ejusdem
1461 3338 1612 3429 foreste,
1634 3341 1812 3447 pertinet,
1833 3344 1890 3419 in-

462 3470 646 3549 tencionis
671 3492 797 3551 nostre
825 3502 901 3551 non
927 3491 983 3551 est
1006 3503 1074 3582 per
1097 3475 1172 3553 hoe
1195 3472 1338 3579 aliquid
1358 3472 1397 3548 in
1418 3471 1646 3579 proprietate
1664 3472 1722 3549 rel
1741 3500 1889 3579 posses-

462 3601 567 3680 sione
587 3630 656 3707 pro
677 3604 787 3682 dictis
809 3605 995 3712 religiosis
1017 3606 1282 3713 pronunciasse
1306 3604 1345 3680 in
1369 3602 1566 3709 predictis,
1588 3603 1655 3681 sed
1678 3606 1810 3710 pocius
1823 3605 1889 3713 jus

462 3749 633 3810 nostrum
653 3734 793 3811 salvum
813 3734 922 3813 nobis
941 3735 981 3811 in
1000 3736 1218 3843 hujusmodi
1237 3762 1443 3813 remanere.

516 3864 617 3940 Jovis
636 3883 721 3971 post
740 3867 968 3946 Brandones.

518 3991 568 4067 Μ.
591 3994 632 4070 L.
655 3996 702 4071 de
723 3996 854 4105 Voissy
872 4001 1084 4106 reportavit.

404 4243 429 4268 ..
516 4256 658 4341 XXXH.
690 4257 787 4335 Cum
807 4258 980 4337 consules
1000 4259 1145 4337 bastide
1165 4287 1261 4339 nore
1283 4261 1332 4340 de
1351 4264 1534 4340 Tauriaco
1549 4262 1660 4341 nobis
1680 4263 1888 4372 supplicas-

460 4405 543 4464 sent
567 4406 610 4465 ut
639 4388 819 4496 quasdam
848 4389 954 4469 villas
980 4391 1347 4499 circomadjacentes,
1376 4422 1537 4473 numero
1566 4423 1629 4471 sex
1659 4395 1796 4504 vigenti
1828 4394 1888 4471 vel

460 4518 617 4610 circiter,
638 4550 712 4628 que
727 4522 906 4600 hactenus
924 4522 972 4599 ab
993 4524 1147 4630 antiquo
1162 4542 1438 4603 consueverunt
1457 4552 1537 4603 esse
1559 4526 1608 4603 de
1625 4542 1789 4604 ressorto
1808 4543 1885 4602 tam

459 4650 619 4728 Martelli
639 4680 751 4758 mam
771 4654 956 4730 Foncium
975 4682 1089 4759 quam
1103 4655 1227 4744 Briva,
1245 4682 1476 4760 poneremus
1491 4656 1539 4733 de
1558 4672 1723 4735 ressorto
1739 4655 1885 4735 bastide

458 4780 651 4883 predicte,¹
663 4810 732 4887 pro
753 4783 1018 4862 melioracione
1038 4784 1157 4891 ipsius
1179 4784 1325 4864 bastide
1343 4817 1352 4863 ε
1368 4786 1556 4876 Tandem,
1579 4788 1751 4894 inquesta
1770 4800 1885 4893 s'uper

459 4908 533 4986 hoc
561 4908 670 4999 lacta,
702 4928 830 4989 utrum
861 4914 1033 5020 expediat
1060 4914 1144 4992 fieri
1174 4915 1462 4994 translacionem
1491 4917 1717 5024 predictam,
1744 4918 1819 4995 visa
1846 4934 1885 4994 et

398 5144 403 5149 Ι
459 5039 657 5148 diligenter
686 5042 906 5134 examinata,
934 5030 1002 5151 per
1027 5064 1192 5125 nostram
1220 5048 1362 5126 curiam
1386 5048 1530 5125 dietum
1553 5048 1626 5126 fuit
1651 5049 1758 5157 quod
1783 5049 1881 5126 dicta
