4450 6209
501 709 575 784 556
1082 711 1174 784 Les
1204 710 1345 786 OLIM.

272 853 402 912 Parum
415 857 459 920 tv.
497 851 641 930 ibidem
660 853 810 961 signum
826 850 956 932 fecisse
974 852 1192 932 extrahendi
1209 854 1503 934 misericordiam
1522 853 1581 933 vel
1596 856 1780 936 cutellum
1795 888 1919 946 suum,

334 947 400 1054 ”ms
497 1011 605 1060 cause
629 982 869 1089 percuciendi
894 983 1036 1062 dictum
1060 985 1282 1094 magistrum
1301 986 1551 1076 Bernardum,
1578 1016 1647 1095 per
1670 989 1775 1066 curie
1799 1009 1921 1068 nostre

491 1113 698 1222 judicium,
721 1112 793 1192 luit
818 1114 959 1192 dictum
983 1115 1089 1224 quod
1112 1116 1369 1224 temporalitas
1393 1117 1484 1196 dicti
1506 1119 1739 1226 preceptoris
1760 1122 1922 1229 capiatur

497 1261 534 1322 et
549 1243 598 1321 ad
618 1271 769 1321 manum
787 1261 953 1322 nostram
975 1261 1162 1337 teneatur,
1182 1246 1303 1326 donec
1319 1247 1445 1326 dictim
1459 1264 1660 1355 preceptor
1676 1249 1778 1329 dicto
1791 1253 1922 1357 magis·

494 1392 552 1452 tro
572 1374 764 1452 Bernardo
783 1374 915 1454 decem
932 1373 1045 1454 libras
1064 1379 1306 1457 Turonenses
1325 1397 1363 1457 et
1381 1378 1493 1458 nobis
1512 1379 1692 1458 ducentas
1710 1380 1828 1460 libras
1846 1385 1922 1460 'l'u-

494 1533 675 1584 ronenses
694 1504 845 1583 solverit
861 1534 931 1612 pro
951 1507 1125 1585 emenda.
1148 1508 1235 1587 Fuit
1253 1509 1372 1588 eciam
1391 1510 1535 1590 dictum
1555 1510 1661 1618 quod
1676 1510 1841 1590 ballivus
1859 1513 1922 1592 Se-

357 1637 359 1642 ’
494 1637 687 1726 nonensis,
707 1637 736 1713 si
761 1653 799 1714 et
816 1654 929 1744 prout
951 1637 999 1715 ad
1019 1639 1143 1746 ipsum
1161 1640 1341 1748 pertinet,
1364 1641 1520 1748 prestari
1540 1639 1649 1719 faciat
1668 1659 1734 1720 aut
1747 1661 1922 1749 procuret
1983 1702 1986 1706 »

495 1768 816 1848 assecuracionem
829 1767 928 1846 dicto
945 1769 1123 1878 magistro
1137 1771 1327 1850 Bernardo
1339 1800 1408 1879 per
1417 1789 1676 1881 preceptorem
1689 1773 1919 1879 predictum,

497 1916 534 1976 et
547 1898 700 1976 interim
713 1896 786 1975 luit
797 1897 900 1975 idem
913 1901 1088 2008 magister
1102 1901 1247 2008 positus
1258 1902 1299 1980 in
1316 1919 1442 1981 nostm
1458 1904 1572 2010 garda
1587 1903 1751 2010 speciali.

552 2029 681 2107 Martis
705 2045 791 2136 post
814 2028 1161 2110 Annunciacioncm
1186 2033 1426 2112 dominicam.

552 2161 715 2268 Mangon
739 2163 953 2268 reportavit.

550 2427 608 2504 Ll.
639 2427 736 2504 Cum
755 2455 866 2535 super
891 2427 1065 2536 inquesta
1086 2429 1181 2506 lacta
1203 2457 1271 2536 per
1293 2428 1472 2508 ballivum
1496 2430 1828 2509 constantiensem
1858 2457 1921 2507 seu

494 2559 575 2666 ejus
589 2558 881 2649 commissarios,
897 2559 996 2638 inter
1012 2558 1263 2639 Guillelmum
1275 2559 1312 2638 le
1330 2560 1440 2653 Grae,
1455 2561 1634 2648 militem,
1648 2591 1695 2639 cx
1706 2590 1783 2639 una
1794 2570 1920 2668 parte,

495 2707 532 2766 et
551 2687 779 2767 habitatores
796 2688 885 2768 ville
905 2690 1132 2780 Enerensis,
1158 2691 1310 2779 exalia,
1330 2689 1444 2798 snper
1458 2692 1625 2798 quodam
1643 2691 1867 2799 monopolio
1888 2709 1924 2768 et

493 2819 722 2926 quibusdam
746 2819 828 2898 aliis
853 2821 1010 2898 indicta
1033 2822 1206 2928 inquesta
1225 2822 1429 2911 contentis,
1455 2823 1595 2900 auditis
1616 2822 1921 2930 procuratoribus

493 2951 661 3056 parcium
680 2951 956 3058 predictarum,
973 2980 1042 3058 per
1061 2969 1228 3028 nostram
1246 2953 1408 3042 curiam,
1429 2953 1573 3032 dictum
1594 2954 1726 3034 fuisset
1743 2955 1853 3062 quod
1872 2955 1922 3031 in·

493 3095 625 3188 queste
653 3081 821 3189 predicta
844 3081 1037 3161 videretur
1060 3083 1108 3158 ad
1135 3080 1245 3160 illum
1270 3083 1387 3161 finem
1415 3084 1463 3161 ad
1487 3114 1601 3192 quem
1626 3103 1754 3192 posset
1776 3086 1918 3163 videri:

492 3211 577 3289 Visa
598 3211 713 3320 igitur
731 3210 933 3322 diligenter
953 3213 1124 3320 inquesta
1138 3212 1323 3320 predicta,
1344 3215 1527 3322 quianon
1548 3216 1738 3322 reperitur
1754 3215 1795 3293 in
1816 3216 1919 3294 dicto

490 3370 669 3448 processu
690 3343 905 3421 commissio
924 3341 1030 3434 lacta,
1052 3372 1168 3451 super
1186 3344 1275 3435 hoc,
1298 3373 1366 3452 per
1383 3344 1581 3423 dominum
1600 3373 1743 3455 regem,
1766 3346 1920 3425 baillivo

491 3473 792 3564 constanciensi,
807 3474 875 3552 sed
890 3474 1016 3553 solum
1031 3475 1219 3581 reperitur
1230 3475 1394 3582 quedam
1411 3477 1634 3556 informacio
1646 3476 1740 3555 lacta
1751 3505 1820 3584 per
1839 3507 1919 3555 ma·

490 3604 646 3710 gistrum
668 3605 899 3683 Richardum
925 3605 976 3682 du
999 3606 1105 3695 Parc,
1130 3605 1177 3682 de
1202 3604 1380 3684 mandato
1404 3607 1563 3714 predicti
1582 3606 1711 3686 ballivi
1736 3607 1918 3687 Constan-

491 3735 640 3828 cicnsis‚
655 3753 699 3812 ut
710 3734 876 3828 dicebat,
894 3763 964 3812 nec
978 3736 1096 3813 eciam
1109 3735 1297 3842 reperitur
1308 3736 1411 3844 quod
1422 3737 1542 3816 vocati
1555 3737 1712 3816 suerum
1723 3740 1913 3827 evocandi,

489 3895 559 3971 per
573 3865 676 3942 curie
689 3882 814 3943 nostre
828 3865 1036 3973 judicium,
1054 3866 1217 3944 anullate
1232 3865 1306 3946 luit
1320 3868 1493 3976 inquesta
1510 3868 1694 3978 predicta,
1712 3887 1751 3948 et
1769 3869 1913 3948 dictum

491 3994 596 4102 qnod
615 3993 817 4084 reficietur,
837 3997 974 4075 vocatis
995 3996 1205 4076 evocandis.

545 4127 674 4206 Martis
700 4145 786 4240 post
799 4127 1149 4208 'Annunciacionem
1175 4129 1417 4208 dominicam.

545 4259 719 4336 Decanus
739 4259 963 4338 Caslctensis
990 4260 1106 4339 babet
1125 4289 1220 4338 eam.

543 4523 616 4598 Lll.
648 4524 744 4603 Cum
766 4524 956 4606 Johannes
980 4526 1183 4604 Cbochons
1204 4525 1314 4605 nobis
1333 4527 1466 4606 luisset
1486 4546 1713 4637 conquestus
1731 4558 1845 4636 super
1862 4556 1908 4606 eo

487 4651 693 4756 quodcum
709 4655 875 4734 Heraeus
887 4654 923 4733 le
937 4657 1103 4738 Fcunicr
1114 4656 1294 4766 quasdam
1311 4658 1454 4740 litteras
1466 4661 1707 4771 obligatorias
1725 4661 1856 4768 majori
1871 4676 1910 4737 et

481 4782 618 4887 juratis
639 4784 830 4862 Pontisare
855 4805 1103 4895 presentassct
1134 4807 1263 4867 contra
1287 4790 1412 4898 ipsum
1437 4791 1666 4892 iohannem,
1694 4791 1908 4870 execucioni

485 4913 732 5004 mandandas,
750 4917 943 4997 occasione
960 4918 1209 4996 ducentarum
1218 4919 1401 4999 librarum
1416 4950 1509 5029 quas
1522 4921 1625 4999 idem
1641 4924 1824 5013 Hes-vens,
1838 4948 1906 5028 pro

486 5043 586 5121 dicto
607 5044 790 5136 Jobenne,
817 5065 859 5126 nt
879 5048 1092 5158 fidejussor,
1118 5080 1158 5129 se
1171 5051 1329 5130 'solvisse
1351 5053 1575 5160 Templariis
1593 5052 1796 5146 asserebat,
1818 5051 1905 5128 dicti
