4450 6209
500 672 574 748 240
1072 677 1166 750 LES
1197 675 1339 751 OLIM.

274 827 404 880 essarris
416 822 460 884 IV·
498 815 683 895 Garnerio
703 818 778 895 hoc
795 833 975 924 negante,
993 835 1031 894 et
1043 818 1084 894 in
1099 818 1329 896 contrarium
1346 835 1582 925 proponente
1600 816 1743 896 dictum
1758 815 1925 894 Michae-

334 917 398 960 1⁸⁰7.

499 947 576 1024 lem
596 947 670 1025 sibi
689 948 866 1056 injuriam
883 946 1072 1040 intulisse,
1094 964 1133 1026 et
1149 977 1230 1028 eam
1249 948 1320 1027 sibi
1337 947 1530 1026 emendari
1548 963 1701 1055 petente
1717 961 1755 1024 et
1769 975 1808 1024 se
1823 976 1844 1022 a
1857 975 1926 1054 pe-

499 1078 580 1155 titis
592 1096 721 1157 contre
737 1079 861 1185 ipsum
876 1078 1036 1170 absolvi3
1057 1079 1229 1170 tandem,
1252 1107 1365 1186 super
1383 1079 1574 1186 premissis
1590 1078 1685 1156 facta
1698 1105 1767 1182 per
1778 1078 1925 1154 curiam

500 1225 664 1286 nostram
686 1209 951 1287 commissione
972 1210 1114 1288 decano
1135 1207 1494 1290 Sancti-Frambaldi
1514 1206 1798 1288 Silvanectensis
1815 1226 1853 1285 et
1865 1209 1926 1284 Je-

500 1337 597 1418 cobo
616 1341 663 1417 de
683 1339 1058 1448 Curtiiis,‘burgensi
1078 1341 1167 1420 ville
1187 1342 1235 1420 de
1255 1337 1814 1428 Pontibus-Sanctc-Maxencie,
1837 1365 1923 1416 cum

499 1468 561 1546 illa
580 1469 761 1560 clausula,
783 1498 932 1550 causam
952 1471 1172 1580 hujusmodi
1200 1471 1361 1550 audietis
1384 1489 1423 1550 et
1441 1471 1517 1550 fine
1538 1470 1667 1550 debito
1689 1467 1922 1556 terminetis,

498 1598 657 1706 predicti
678 1601 940 1692 commissarii,
969 1603 1137 1680 dedicta
1162 1631 1271 1682 cause
1297 1602 1463 1712 cognito,
1490 1602 1635 1680 dietum
1657 1597 1882 1680 Garnerium
1903 1629 1924 1676 a

499 1729 678 1836 predictis
692 1749 821 1810 contra
836 1733 959 1839 ipsum
974 1733 1101 1840 petitis
1114 1761 1307 1840 persuum
1316 1732 1504 1841 judicium
1519 1729 1777 1820 absolvenmt;
1794 1757 1925 1836 aquo-

500 1890 586 1938 rum
602 1861 789 1968 judicato,
810 1879 990 1971 tanquam
1010 1862 1103 1942 falso
1124 1882 1163 1941 et
1180 1893 1308 1970 pravo,
1330 1863 1490 1970 predicti
1510 1863 1645 1970 major,
1666 1887 1775 1968 pares
1794 1877 1833 1938 et
1851 1861 1924 1940 Mi-

501 1991 609 2070 chael
625 1991 674 2071 ad
694 2010 858 2074 nostram
878 1995 1020 2072 curiam
1041 1993 1275 2102 appellarunt
1292 2027 1301 2072 =
1321 1992 1471 2072 Auditis
1489 1993 1616 2103 igitur,
1637 1992 1678 2069 in
1697 2019 1807 2070 causa
1825 1991 1923 2069 dicte

501 2122 785 2228 appellacionis,
802 2125 1055 2231 predictarum
1069 2126 1238 2232 parcium
1254 2124 1466 2202 racionibus
1482 2124 1571 2202 hinc
1585 2140 1624 2200 et
1637 2122 1745 2212 inde,
1762 2120 1922 2228 visisque

502 2253 738 2356 processibus
757 2272 796 2331 et
804 2254 975 2362 judicato
987 2255 1184 2361 predictis,
1202 2279 1270 2361 per
1289 2253 1391 2332 curie
1412 2269 1539 2332 nostre
1552 2251 1761 2361 judicium,
1780 2252 1923 2329 dictum

501 2379 574 2460 fuit
585 2400 624 2460 et
633 2384 925 2489 pronunciatum
937 2385 1128 2491 predictos
1141 2383 1414 2462 commissarios
1426 2382 1524 2462 bene
1536 2382 1739 2492 judicasse,
1754 2399 1792 2460 et
1804 2381 1925 2460 dictos

501 2511 728 2619 appellantes
747 2512 846 2592 male
866 2514 1070 2620 appellasse
1088 2530 1127 2592 et
1146 2515 1249 2622 quod
1270 2513 1340 2620 ipsi
1361 2515 1434 2591 hoc
1454 2511 1720 2591 emendabunt.

559 2643 713 2722 sabbati
731 2643 911 2751 predicta.

558 2775 609 2850 M.
630 2774 857 2882 Pasquerius
876 2777 1087 2881 reportavit.

559 3036 684 3115 XXIV.
715 3037 812 3116 Cum
829 3036 974 3129 Guido,
994 3038 1172 3118 dominus
1194 3039 1240 3117 de
1259 3039 1424 3130 dunecl,
1446 3037 1571 3130 miles,
1593 3063 1809 3146 proponens
1823 3038 1929 3146 quod

503 3163 707 3244 Gaufridus
724 3167 772 3244 de
787 3167 967 3260 vitriaco,
987 3169 1266 3250 commissarius
1280 3198 1300 3248 a
1316 3170 1427 3249 nobis
1445 3169 1661 3277 deputatus,
1679 3184 1851 3274 tempore
1869 3197 1927 3246 ca·

502 3295 605 3374 ristie
625 3297 820 3404 proterite,
841 3297 890 3374 ad
911 3299 1213 3409 investigandum
1233 3317 1272 3378 et
1289 3298 1432 3378 venalia
1454 3297 1719 3406 exponendum
1738 3298 1924 3407 granaria,

397 3462 401 3475 ·
501 3443 687 3504 reservato
697 3425 929 3506 sufficienter
937 3430 1037 3507 victu
1047 3448 1086 3508 et
1097 3431 1242 3509 semine
1254 3429 1495 3509 dominomm
1507 3455 1671 3536 quorum
1682 3443 1805 3506 essent
1817 3426 1927 3506 blada

500 3573 669 3662 reperta,
690 3575 793 3635 certo
815 3560 953 3664 preci0,
976 3589 1045 3667 pro
1067 3559 1270 3668 cujuslibet
1293 3558 1396 3639 bladi
1421 3560 1599 3648 sextario,
1618 3583 1687 3663 per
1708 3583 1778 3636 nos
1799 3557 1926 3635 eidem

407 3794 414 3804 “
501 3701 642 3778 taxato,
655 3715 716 3763 sex
731 3687 881 3765 modios
895 3705 934 3766 et
948 3706 1110 3796 quatuor
1125 3690 1302 3768 sextarios
1313 3685 1492 3768 limnenti
1509 3686 1599 3766 dicti
1609 3686 1813 3776 Guidonis,
1827 3689 1928 3793 apud

503 3813 742 3904 Corbolium,
759 3816 799 3892 in
810 3818 976 3923 quodam
991 3820 1176 3926 granario,
1191 3848 1262 3927 pro
1277 3820 1395 3928 ipsius
1407 3819 1507 3898 victu
1520 3817 1720 3926 repositos,
1733 3817 1928 3924 contraip-

505 3943 584 4020 sius
602 3945 833 4024 voluntatem
855 3965 892 4026 et
907 3948 1007 4026 dicte
1022 3950 1297 4028 commissionis
1318 3977 1383 4028 sue
1403 3967 1592 4038 tenorem,
1610 3947 1724 4053 cepit,
1743 3947 1868 4052 ipsum
1886 3947 1926 4026 in

505 4073 726 4180 hujusmodi
736 4074 944 4186 plurimum
958 4078 1279 4185 dampnificando,
1291 4097 1437 4188 peteret
1449 4079 1592 4157 dictum
1605 4075 1845 4166 Gaufridum,
1859 4105 1927 4184 pro

504 4203 737 4310 preciodicti
756 4205 875 4296 bladi,
892 4209 1100 4287 secundum
1116 4211 1321 4317 predictam
1341 4211 1571 4288 taracionem
1586 4223 1769 4299 nostram,
1786 4207 1826 4283 in
1841 4233 1928 4284 cen-

503 4350 586 4410 tum
600 4351 638 4412 et
653 4335 924 4445 quinquaginta
938 4340 1085 4420 duabus
1099 4341 1207 4421 libris
1220 4341 1505 4430 Parisiensibus,
1522 4356 1559 4418 et
1575 4339 1616 4415 in
1633 4337 1805 4416 ducentis
1820 4335 1926 4416 libris

504 4464 774 4544 Parisiensibus
792 4496 862 4575 pro
887 4469 965 4548 suis
985 4471 1159 4579 dampnis
1180 4473 1378 4580 predictis,
1400 4472 1470 4551 sibi
1493 4467 1762 4574 condempnari
1783 4483 1820 4546 et
1841 4493 1926 4544 con-

505 4594 751 4700 dempnatum
770 4599 819 4676 ad
838 4599 1061 4680 solvendum
1080 4603 1276 4711 compelli;
1299 4603 1399 4682 dicto
1420 4601 1601 4684 Gaufrido
1617 4599 1745 4708 plures
1760 4597 1926 4676 raciones

503 4723 543 4799 in
564 4726 793 4804 contrarium
812 4750 1065 4837 proponente,
1082 4751 1121 4810 et
1137 4734 1241 4839 quod
1253 4735 1356 4841 juste
1377 4751 1415 4811 et
1431 4732 1531 4811 licite
1549 4729 1701 4822 fecerat,
1717 4727 1926 4806 secundum

504 4852 644 4930 dictam
660 4859 966 4939 commissionem
982 4891 1104 4953 suam,
1122 4864 1303 4971 quicquid
1318 4863 1398 4970 ipse
1415 4863 1553 4942 fecerat
1566 4862 1607 4940 in
1622 4860 1818 4968 predictis:
1830 4860 1928 4935 Tan-

506 4981 611 5074 dem,
625 4984 763 5066 euditis
777 5015 890 5094 super
902 4993 976 5070 hoc
988 4994 1157 5100 partibus
1174 4995 1387 5088 antedictis,
1400 5013 1438 5073 et
1451 4994 1526 5072 visa
1539 4994 1711 5098 inquesta
1728 5017 1842 5097 super
1855 4987 1928 5068 hoc
