4450 6209
521 717 595 789 570
1103 711 1194 786 LES
1223 709 1364 786 OLIM.

294 869 424 922 aarum
437 865 480 931 W.
517 873 592 948 tos,
611 872 650 933 et
668 883 732 934 eos
752 854 850 934 male
868 853 1090 961 appellasse,
1110 871 1165 944 et,
1185 868 1369 959 quantum
1386 850 1436 929 ad
1453 850 1694 959 Aymericum
1707 850 1934 956 prodirem,

355 958 418 1002 Μ’
518 986 762 1065 senescallum
781 984 945 1064 eundem
963 983 1060 1063 male
1076 984 1360 1090 pronunciasse,
1376 999 1414 1060 et
1430 983 1573 1060 dictum
1587 980 1829 1090 Aymericum
1844 981 1936 1062 bene

517 1119 739 1226 appellasse,
759 1135 797 1196 et
810 1116 916 1225 quod
932 1115 1214 1194 mundabuntur
1231 1114 1331 1196 dicte
1347 1112 1711 1221 condempnationes
1725 1113 1934 1196 exeouctoni

517 1265 644 1328 contra
658 1248 829 1356 syndicus
848 1247 1056 1326 antedictos
1071 1263 1110 1325 et
1127 1274 1205 1324 non
1219 1265 1349 1326 eontra
1364 1244 1603 1353 Aymericum
1622 1244 1847 1352 predictum.

570 1382 670 1459 Jovis
689 1398 775 1488 post
794 1383 974 1460 Sanctum
990 1377 1209 1485 Georgium.

572 1511 972 1592 Sanetus-Benedictus
988 1509 1201 1617 reportavit.

541 1815 546 1824 ·
570 1776 677 1854 LXV.
709 1772 791 1850 Lite
810 1789 930 1858 mota,
956 1771 996 1847 in
1015 1769 1119 1846 curia
1133 1768 1327 1848 Castelleti
1345 1768 1576 1858 Parisiensis,
1602 1768 1700 1844 inter
1720 1769 1936 1876 magistrum

514 1904 765 1984 Guillelmum
777 1901 825 1979 de
835 1900 979 1990 Remis,
992 1928 1036 1978 ex
1046 1917 1253 2005 unaparte,
1267 1918 1307 1978 et
1313 1901 1528 1979 iohannem
1537 1899 1682 1979 dictum
1692 1900 1810 1990 Petit,
1822 1897 1936 1978 lilium

514 2035 681 2112 Romane
698 2034 744 2111 de
761 2031 989 2128 Quarreriis,
1009 2059 1052 2108 ex
1066 2031 1199 2119 altera,
1214 2057 1388 2137 supereo
1403 2031 1509 2138 quod
1527 2029 1631 2108 idem
1650 2030 1831 2136 magister
1841 2028 1937 2110 Guil-

515 2164 652 2243 lelmus
674 2162 924 2271 proponebat,
947 2178 1076 2241 eontra
1096 2161 1241 2240 dictum
1258 2163 1488 2251 lohannem,
1508 2161 1615 2270 quod
1634 2159 1733 2238 bona
1756 2161 1859 2239 dicte
1874 2163 1938 2240 lte

514 2323 623 2372 mane
645 2295 692 2372 de
710 2293 939 2388 Quarreriis,
961 2292 1091 2375 matris
1108 2293 1225 2399 ipsius
1245 2295 1442 2385 lobannis,
1461 2293 1655 2372 occasione
1670 2291 1870 2399 cujusdam
1880 2292 1937 2400 ju-

427 2519 434 2528 ,
514 2427 626 2506 dicati
648 2426 696 2504 ab
721 2425 858 2503 eodem
886 2425 1063 2530 magistro
1087 2421 1315 2517 Guillelmo,
1339 2426 1431 2502 dum
1456 2425 1539 2531 ipse
1563 2441 1644 2503 erat
1665 2423 1820 2502 auditor
1841 2423 1937 2503 narie
2075 2507 2081 2533 ι

513 2557 705 2637 Castelleti
720 2557 907 2664 predicte,
924 2556 987 2634 lati
1005 2573 1134 2634 contra
1149 2555 1288 2634 dictam
1299 2558 1521 2646 Romanam,
1537 2583 1608 2662 per
1617 2554 1723 2662 quod
1737 2553 1822 2660 ipse
1835 2555 1938 2664 adju·

514 2689 699 2768 dicaverat
717 2686 882 2765 Robeno
903 2685 951 2762 de
969 2685 1172 2794 langonio,
1188 2687 1383 2793 quondam
1401 2686 1538 2764 marito
1554 2685 1652 2764 dicte
1672 2687 1860 2774 Romane,
1876 2684 1937 2762 ad-

513 2818 829 2897 ministrationem
844 2817 1038 2896 =bon01um
1055 2817 1315 2896 communium
1333 2818 1433 2895 inter
1449 2816 1576 2923 ipsum
1592 2833 1631 2894 et
1650 2816 1790 2896 dictam
1805 2818 1938 2894 Roma-

514 2979 618 3039 nm,
640 2977 797 3028 uxorem
816 2977 941 3038 snam,
960 2975 1029 3054 per
1048 2949 1213 3030 cundem
1233 2949 1453 3058 magistrum
1470 2947 1739 3038 Guillelmum,
1758 2964 1935 3054 tanquam

514 3078 714 3158 officialem
737 3096 927 3168 nostrum,
952 3078 1011 3156 vel
1035 3077 1117 3184 ejus
1136 3079 1374 3169 mandatum,
1389 3097 1497 3186 napta
1508 3077 1679 3169 fuerunt,
1702 3078 1882 3185 dissipata
1901 3094 1938 3156 et

513 3229 750 3318 consumpta,
770 3237 840 3288 nec
856 3209 897 3288 in
915 3208 1117 3288 utilitatem
1135 3209 1326 3288 dictorum
1345 3210 1549 3318 conjugum
1564 3237 1757 3298 conversa,
1771 3237 1846 3314 pro
1857 3208 1937 3316 qui-

511 3342 582 3420 bus
602 3341 712 3422 bonis
730 3371 798 3420 scu
816 3369 948 3419 eorum
967 3341 1111 3430 valore,
1125 3340 1230 3418 idem
1248 3340 1425 3448 magister
1445 3339 1674 3422 Guillelmus
1693 3339 1735 3416 in
1756 3340 1936 3420 sexcentis

510 3472 618 3551 libris
632 3472 902 3552 Parisiensibus
921 3472 992 3550 sub
1007 3471 1131 3550 valore
1151 3489 1303 3549 monete
1323 3501 1437 3580 quam
1456 3471 1650 3562 currebat,
1667 3488 1842 3577 tempore
1861 3499 1934 3578 quo

511 3603 609 3681 dicta
627 3605 727 3685 hona
742 3622 847 3712 capta
867 3581 1036 3696 suerunt,
1059 3603 1237 3680 videlieet
1249 3632 1348 3683 anno
1368 3603 1523 3682 Domini
1539 3602 1738 3684 millesimo
1757 3602 1934 3681 ducente

460 3782 463 3793 ·
509 3735 604 3813 simo
619 3737 860 3843 nonagesimo
875 3763 989 3827 nono,
1005 3763 1072 3839 per
1092 3733 1195 3810 curie
1210 3752 1336 3812 nostre
1345 3733 1552 3843 judicium,
1571 3734 1800 3842 [lohannes
1817 3732 1932 3839 lilius]

511 3866 610 3942 dicte
630 3868 813 3954 Romane,
832 3865 952 3943 extitit
966 3865 1283 3971 condempnatum,
1301 3865 1400 3944 salva
1417 3865 1517 3944 dicto
1535 3867 1712 3973 magistro
1731 3865 1933 3945 Guillelmo

511 3995 656 4072 actione
672 4023 739 4072 sua
754 4013 882 4072 eontra
897 3995 1098 4074 servientes
1114 3995 1306 4074 Castelleti
1320 3996 1538 4076 Parisiensis
1557 4013 1596 4076 et
1612 3996 1736 4076 filium
1749 3996 1847 4074 dicte
1862 3997 1934 4073 Ro-

510 4151 635 4216 mane,
656 4155 698 4203 ao
719 4153 852 4206 omnes
871 4125 964 4204 alios
984 4127 1049 4234 qui
1066 4127 1114 4204 de
1130 4125 1240 4206 dictis
1255 4127 1366 4208 bonis
1380 4128 1526 4236 aliquid
1543 4126 1727 4233 recepisse
1742 4125 1929 4214 dicuntur,

509 4255 728 4364 diceretque
743 4257 845 4334 idem
869 4257 1045 4364 magister
1066 4257 1293 4337 Guillelmus
1313 4260 1419 4365 quod
1441 4259 1540 4336 dicta
1556 4259 1676 4348 bona,
1700 4285 1770 4364 pro
1795 4256 1933 4363 quihus

508 4387 587 4493 ipse
602 4388 740 4480 fuerat,
753 4405 797 4465 ut
808 4387 1049 4495 premittitur,
1067 4388 1341 4467 condemnatus
1353 4406 1392 4466 et
1405 4387 1628 4494 compulsus.
1634 4387 1684 4466 ad
1694 4387 1930 4465 reddendum

510 4516 626 4595 dictas
645 4535 833 4595 sexcentas
853 4518 968 4596 libras
989 4519 1086 4596 dicte
1105 4521 1289 4607 Romane,
1311 4519 1505 4625 predictus
1520 4519 1711 4604 lohannes
1730 4517 1927 4605 habuerat,

507 4645 690 4726 levaverat
709 4666 746 4726 et
765 4667 966 4757 receperat,
989 4649 1086 4726 etin
1105 4679 1212 4728 suam
1231 4650 1436 4729 utilitatem
1454 4665 1706 4739 converterat,
1728 4677 1769 4726 ac
1787 4665 1929 4756 peteret

508 4777 675 4854 cundem
698 4779 910 4857 iohannem
929 4779 969 4857 in
994 4779 1103 4857 dictis
1125 4781 1307 4858 sexcentis
1325 4780 1432 4861 libris
1450 4781 1523 4860 sihi
1542 4780 1765 4870 reddendis,
1782 4779 1929 4858 raaiom

507 4907 690 5013 predicta,
720 4909 1003 5018 condempnari,
1029 4909 1131 4988 dieto
1154 4913 1329 4989 lohanne
1356 4911 1397 4988 in
1422 4914 1653 4990 contrarium
1678 4927 1924 5020 proponente,

507 5037 638 5115 mrdtis
650 5039 880 5128 nacionibus,
895 5041 968 5118 hoc
983 5040 1065 5117 lieri
1080 5070 1158 5120 non
1172 5043 1332 5134 debere,
1348 5043 1506 5124 demum
1516 5043 1678 5123 inerma
1688 5039 1925 5151 hujumodi,
