4450 6209
781 666 1047 786 anQunrns
1072 684 1138 761 aa
1164 668 1381 762 raucas:
1682 635 1786 761 '213
1845 762 1853 778 ,

364 855 451 909 nam
460 827 611 907 raeio'ne
625 827 777 938 minagii
785 880 799 917 ‚-
809 830 860 909 ad
872 828 1104 909 voluntatem
1119 830 1318 936 capientis3
1334 853 1449 936 quare
1462 856 1533 909 nos
1544 845 1582 909 et
1597 828 1686 907 dieti
1702 828 1790 908 reli·
1827 836 1958 892 meffl
1969 837 2013 899 IV¹

364 961 458 1068 giosi
473 958 695 1065 petebamus
708 960 1038 1067 impedimentum,
1056 990 1170 1068 super
1181 961 1254 1042 hoc
1268 961 1481 1068 appositum
1496 988 1541 1037 ex
1552 976 1658 1065 parte
1670 960 1790 1038 dicto·
1889 927 1953 969 Μ’

365 1116 450 1172 rum
470 1088 621 1197 majoris
643 1107 681 1167 et
697 1092 913 1198 juratorum
930 1092 1221 1179 Piretensium,
1244 1093 1424 1180 amoveri,
1442 1091 1584 1198 majore
1606 1107 1645 1169 et
1653 1091 1789 1197 juratis
1928 1188 1933 1195 ἡ

364 1219 541 1328 predictis
551 1220 804 1301 asserentibus
816 1224 857 1299 in
868 1224 1097 1303 eontrarium
1110 1239 1149 1301 et
1158 1222 1424 1303 dicentibnsse
1437 1248 1519 1299 esse
1529 1222 1570 1299 in
1582 1222 1717 1302 saisina
1726 1224 1791 1299 im·

364 1348 560 1431 munitatis
586 1369 624 1429 et
646 1350 846 1431 franchisie
870 1354 1245 1461 diotumminagium
1262 1380 1341 1431 non
1358 1353 1576 1459 prestandi:
1600 1353 1787 1441 Tandem,

341 1484 535 1593 ‚inquesta
551 1482 750 1590 superbos
768 1484 1010 1565 demandato
1029 1501 1159 1563 nostro
1174 1484 1268 1564 faeta
1293 1484 1369 1562 visa
1385 1502 1424 1564 et
1438 1484 1638 1593 diligenter
1654 1487 1792 1564 exami-

365 1632 468 1705 nata,
483 1616 570 1721 quia
588 1615 784 1694 inventum
807 1634 864 1696 eet
885 1615 1117 1697 sufficienter
1139 1616 1339 1723 probatum
1366 1644 1435 1695 nos
1458 1633 1497 1693 et
1518 1615 1791 1722 predictosab-
1917 1699 1930 1720 ⁸

363 1748 490 1825 batem
504 1764 797 1836 reconventum,
811 1776 880 1854 pro
891 1748 1069 1840 indiviso,
1081 1776 1164 1861 esse
1180 1764 1219 1827 et
1233 1747 1349 1827 luisse
1360 1749 1401 1826 in
1413 1747 1548 1830 mune
1565 1747 1655 1828 dicti
1672 1748 1792 1825 mina-

364 1879 433 1985 gii,
453 1879 570 1957 eciam
586 1906 699 1987 super
713 1878 799 1958 illos
816 1879 863 1958 de
881 1878 1098 1960 eommunia
1112 1878 1300 1985 predicta,
1316 1879 1608 1985 pronunciatum
1621 1878 1707 1969 luit,
1723 1896 1791 1985 per

250 1991 256 2000 ¹
365 2010 468 2087 curie
484 2028 611 2089 nostre
628 2009 836 2119 judicium,
860 2040 930 2091 nos
949 2028 988 2090 et
1004 2010 1196 2118 predictos
1216 2010 1391 2089 abbatem
1414 2026 1455 2089 et
1475 1990 1703 2090 uenientum
1722 2012 1789 2089 de·

365 2142 455 2225 bere
475 2170 670 2221 remanere
690 2143 730 2221 in
750 2143 886 2223 saisina
904 2141 1180 2249 predictorm
1196 2160 1236 2222 et
1255 2142 1570 2247 impedimentum
1586 2169 1701 2248 super
1717 2143 1792 2220 hoe

365 2273 594 2379 apposimm‚
611 2302 653 2352 ex
667 2290 771 2381 parte
786 2272 978 2353 dictorum
993 2273 1145 2380 majoris
1157 2290 1197 2351 et
1202 2273 1434 2380 juratorum,
1450 2271 1590 2351 debere
1606 2275 1788 2363 amoveri,

365 2402 461 2484 salva
474 2431 593 2510 super
609 2404 682 2481 hoc
696 2403 846 2509 majori,
863 2402 997 2509 juratis
1010 2419 1047 2481 et
1062 2403 1281 2483 communie
1292 2401 1472 2507 predictis
1489 2401 1687 2507 questione
1704 2430 1792 2508 pro-

364 2532 543 2638 prietatis,

341 2647 375 2729 ⁸.
423 2664 585 2755 Sabbato
598 2682 684 2772 post
702 2665 961 2772 Epiphaniam.

421 2794 596 2875 Bocellus
615 2794 827 2903 reportavit.

423 3062 531 3139 XLII.
562 3062 607 3139 ln
630 3089 738 3139 eausa
761 3062 1027 3168 appellacionis
1058 3060 1106 3139 ad
1132 3061 1275 3140 ruriam
1307 3079 1472 3141 nestram
1500 3062 1722 3168 interposite
1745 3063 1793 3141 ab

368 3191 564 3272 audiencia
588 3190 715 3269 dilecti
743 3208 782 3269 et
800 3190 1067 3272 fidelis-nostri
1092 3190 1370 3271 Aurelianensis
1393 3191 1580 3299 episeopi‚
1607 3220 1721 3300 super
1745 3221 1793 3273 eo

367 3322 473 3429 quod
493 3320 617 3401 didus
642 3322 840 3428 episcopus
861 3319 920 3399 vel
946 3323 1028 3430 ejas
1054 3322 1159 3399 ouria
1183 3321 1360 3401 secularis
1380 3321 1594 3401 lohannem
1617 3321 1666 3400 de
1688 3324 1793 3417 Que-

367 3452 459 3544 beu‚
477 3451 647 3532 Giletum
660 3451 709 3531 de
726 3452 889 3559 Latingi,
912 3468 951 3529 et
966 3434 1206 3557 Aruiralpltum
1226 3451 1379 3529 Leutier
1395 3479 1464 3558 per
1482 3480 1595 3529 snum
1605 3452 1792 3560 judicium

368 3584 707 3691 condempnaverat
727 3583 776 3663 ad
800 3583 1042 3665 reddendum
1070 3600 1108 3661 et
1131 3580 1411 3665 restituendum
1434 3583 1597 3661 Iohanni
1622 3585 1790 3675 Thema

367 3712 519 3821 Agneti‚
534 3716 753 3822 ejusmoni,
772 3714 1006 3807 elstanni,
1023 3712 1105 3793 filio
1121 3714 1360 3803 eorumdem,
1374 3731 1519 3820 septem
1539 3715 1728 3822 quarteria
1741 3718 1794 3793 vi·

369 3874 527 3924 nearum
547 3848 701 3930 sitarum
722 3847 761 3927 in
776 3847 967 3928 territorio
986 3846 1038 3926 de
1050 3847 1151 3938 Bon,
1174 3845 1379 3951 dequibus
1397 3845 1575 3954 agebatur
1594 3848 1694 3927 inter
1710 3876 1794 3953 par·

368 3994 426 4055 tes
442 3978 642 4084 predictas,
661 3977 795 4057 solutis
812 3979 918 4084 prius
937 3976 1027 4083 ipsis
1046 3976 1333 4082 condempnatis
1349 4005 1370 4053 a
1388 3974 1498 4055 dietis
1514 3976 1740 4085 conjugibus
1756 3996 1795 4056 et

369 4106 453 4186 lilio
470 4136 605 4187 novem
619 4108 726 4187 libris
741 4136 804 4186 sex
823 4108 955 4187 solidis
968 4124 1007 4185 et
1021 4125 1168 4215 septem
1189 4107 1372 4195 denariis3
1387 4135 1409 4185 a
1422 4135 1500 4214 quo
1514 4107 1702 4215 judicato,
1717 4125 1795 4185 tan·

369 4268 484 4346 quam
508 4239 602 4319 falso
627 4256 665 4318 et
686 4268 815 4346 pravo,
841 4239 931 4319 dieti
952 4234 1222 4345 condempnati
1241 4238 1291 4315 ad
1311 4256 1480 4317 nostram
1502 4238 1646 4316 curiam
1667 4238 1795 4344 appel·

370 4366 515 4449 larunt:
530 4371 617 4452 Viso
626 4398 805 4479 processu
819 4386 857 4447 et
861 4368 1033 4478 judicato
1050 4368 1244 4473 predictis,
1257 4398 1325 4474 per
1336 4368 1439 4445 curie
1450 4386 1576 4446 nostre
1587 4366 1790 4475 judicium,

372 4500 515 4580 dictum
536 4500 607 4579 fuit
626 4519 666 4580 at
681 4501 974 4609 pronunciatum
992 4498 1136 4577 dietum
1157 4499 1378 4604 episcopum
1391 4515 1431 4574 et
1447 4500 1529 4606 ejus
1541 4498 1680 4575 curiam
1696 4498 1793 4575 bene

366 4630 555 4739 judicasse
566 4650 606 4713 et
616 4629 1045 4740 predictesappellantes
1064 4629 1162 4707 male
1182 4629 1403 4737 appellasse,
1420 4647 1458 4706 et
1469 4628 1798 4737 quodjudieaturn·

371 4764 584 4867 predictum
604 4766 694 4843 dieti
716 4761 879 4871 episcopi
899 4760 1140 4839 mandabitur
1157 4760 1385 4839 exeoucioni.

431 4896 530 4974 Jovis
546 4913 631 5003 post
647 4896 797 4978 octabas
816 4893 1037 5001 Epiphania.

430 5028 480 5108 Μ.
503 5029 547 5107 Η.
569 5026 728 5111 Cuillier
743 5028 955 5134 reportavit.
