4450 6209
513 727 585 800 6l2
1090 725 1182 798 LES
1211 723 1350 799 OLIM.

286 875 415 931 esrum
427 877 470 940 tv,
509 869 686 946 territorii
708 867 851 973 absque
871 894 1004 944 eorum
1024 865 1180 944 licencia
1199 865 1367 972 speciali,
1389 867 1429 942 in
1448 895 1555 975 grave
1575 869 1780 975 dampnum
1800 889 1838 948 et
1853 903 1929 979 pre

346 967 410 1014 nn.
504 999 692 1108 judicium
717 998 904 1076 dictorum
927 997 1143 1084 hominum,
1173 1023 1320 1074 necnon
1342 1015 1469 1076 contra
1489 1000 1552 1106 jus
1575 1027 1794 1090 commune,
1825 1002 1930 1081 liber·

508 1149 623 1209 tatem
655 1149 692 1207 et
716 1129 952 1206 franchisiam
986 1128 1259 1234 predictorum,
1285 1157 1327 1206 ac
1345 1129 1447 1234 ipsos
1476 1129 1515 1206 in
1541 1159 1607 1208 sua
1629 1134 1862 1238 possessione
1890 1153 1928 1212 et

509 1263 641 1339 saisina
662 1260 921 1367 multipliciter
944 1277 982 1337 et
1012 1260 1058 1337 de
1084 1287 1182 1338 novo
1202 1257 1449 1366 impediendo
1468 1279 1506 1336 et
1522 1260 1796 1366 perturbando,
1816 1293 1926 1372 quare

509 1393 724 1502 requirebat
743 1410 963 1499 procurator
989 1391 1176 1469 dictorum
1198 1391 1398 1468 hominum
1424 1392 1628 1497 predictam
1654 1392 1923 1482 defensionem,

508 1553 576 1632 per
599 1525 720 1602 dictos
744 1523 938 1630 religiosos
966 1523 1116 1612 laetam,
1139 1521 1301 1600 revocari
1322 1539 1361 1599 et
1385 1521 1559 1612 anullari,
1588 1523 1804 1632 dictamque
1828 1527 1927 1603 novi·

508 1674 623 1736 tatem
651 1676 688 1735 et
718 1656 1032 1762 impedimentum
1063 1653 1245 1742 amoveri,
1275 1653 1451 1760 ipsosque
1472 1653 1512 1731 in
1531 1683 1598 1732 sua
1617 1655 1751 1733 saisina
1774 1657 1926 1763 premis-

508 1817 637 1866 sorum
665 1789 891 1878 conservari;
922 1803 1166 1893 procuratore
1196 1784 1383 1862 dictorum
1412 1785 1675 1893 religiosorum
1703 1815 1749 1865 ex
1777 1789 1926 1868 adverso

508 1936 761 2025 proponente,
785 1935 911 1996 contra
929 1933 1213 2024 procuratorem
1234 1916 1423 1993 dictorum
1439 1917 1638 1995 hominum
1656 1934 1695 1994 et
1715 1947 1827 1995 suum
1845 1948 1927 2025 pre

509 2051 756 2140 curatorium,
774 2049 878 2156 quod
896 2038 978 2157 ejus
992 2047 1294 2154 procuratorium
1308 2065 1387 2126 erat
1400 2048 1527 2126 minus
1539 2047 1743 2138 sufficiens,
1758 2067 1796 2126 et
1809 2051 1924 2157 quod,

507 2181 644 2258 virtute
660 2181 752 2259 dicti
769 2180 1032 2288 procuratorii,
1051 2208 1130 2256 non
1151 2196 1231 2258 erat
1245 2207 1330 2256 cum
1349 2206 1396 2256 eo
1414 2179 1711 2285 procedendum,
1733 2179 1862 2287 plures
1875 2211 1927 2257 ra-

508 2311 632 2389 ciones
650 2340 762 2418 super
784 2314 855 2390 hoc
874 2311 1144 2418 proponend03
1164 2308 1317 2417 petebat
1335 2311 1487 2415 insuper
1504 2329 1725 2416 procurator
1742 2311 1926 2390 dictorum

507 2442 768 2550 religiosorum
791 2443 913 2548 quod,
933 2440 1113 2518 sumsere
1136 2469 1269 2520 omnes
1288 2441 1499 2519 habitantes
1518 2459 1557 2519 et
1570 2440 1738 2549 hospites
1751 2442 1842 2520 dicti
1857 2442 1927 2522 loci

507 2575 599 2664 sint,
617 2591 659 2651 ut
682 2574 845 2664 dicebat,
863 2572 1111 2682 justiciabiles
1127 2571 1315 2650 dictorum
1330 2572 1608 2680 religiosorum,
1626 2600 1667 2648 ac
1683 2573 1924 2683 hereditagia,

506 2705 656 2783 racione
679 2732 843 2811 quorum
866 2705 965 2782 dicta
989 2703 1147 2780 vertitur
1167 2704 1418 2780 controversia
1442 2705 1540 2780 inter
1562 2703 1680 2809 ipsos,
1705 2705 1839 2783 situata
1856 2707 1926 2784 sint

507 2834 546 2912 in
563 2837 734 2914 dominic
748 2853 786 2914 et
795 2835 945 2944 justicia
959 2834 1147 2914 dictorum
1162 2834 1424 2942 religiosorum
1435 2852 1474 2912 et
1486 2834 1534 2912 ab
1543 2833 1634 2942 ipsis
1646 2851 1856 2928 teneantur,
1872 2867 1927 2915 cu·

506 2967 560 3042 ria
586 2984 623 3042 et
644 2967 812 3072 cognicio
831 2965 1087 3070 predictorum
1111 2966 1221 3043 dictis
1241 2966 1426 3074 religiosis
1449 2966 1639 3056 reddatur,
1661 2985 1700 3044 et
1717 2969 1824 3074 quod
1841 2969 1924 3046 dicti

507 3097 680 3174 homines
693 3113 965 3204 conquerentes
978 3095 1025 3174 ad
1036 3125 1169 3174 eorum
1184 3126 1338 3174 examen
1352 3126 1467 3203 super
1479 3096 1552 3174 hoc
1562 3097 1813 3189 remittantur;
1827 3117 1925 3205 parte

507 3228 658 3305 adversa
683 3227 910 3305 contrarium
935 3228 1152 3335 requirente
1177 3245 1231 3318 et,
1262 3229 1360 3305 inter
1387 3245 1525 3317 cetera,
1555 3229 1703 3306 dicente
1730 3231 1838 3335 quod
1860 3232 1924 3335 ipsi
1989 3207 1993 3214 ¹

507 3359 687 3465 quasdam
714 3359 761 3436 de
781 3359 890 3436 dictis
913 3359 1030 3435 vineis
1055 3359 1125 3436 sub
1152 3359 1306 3435 domino
1329 3361 1427 3465 Rege
1449 3376 1487 3435 et
1505 3358 1551 3437 ab
1570 3361 1651 3467 ipso
1673 3361 1853 3438 tenebant
1874 3391 1925 3438 su·

505 3519 575 3596 per
598 3491 737 3598 quibus
760 3508 1021 3598 procuratores
1049 3490 1233 3567 dictarum
1259 3492 1427 3596 parcium
1455 3491 1633 3597 petebant
1650 3492 1715 3597 jus
1739 3491 1807 3570 sihi
1829 3492 1922 3581 lieri,

507 3622 645 3728 quibus
665 3622 718 3700 sic
738 3623 843 3712 actis,
861 3623 1051 3729 predictus
1065 3623 1294 3730 prepositus,
1312 3649 1379 3729 per
1393 3650 1505 3698 suum
1515 3623 1744 3729 judicatum,
1764 3651 1923 3729 pronun·

507 3753 614 3832 ciarit
634 3753 738 3860 quod
758 3753 925 3860 cognicio
947 3753 1045 3831 dicte
1059 3781 1167 3830 cause
1188 3780 1313 3829 coram
1331 3755 1411 3860 ipso
1424 3754 1463 3829 in
1482 3753 1685 3832 Castelleto
1702 3755 1921 3846 remanebit,

508 3901 545 3960 et
563 3883 684 3990 quod,
710 3884 739 3960 si
763 3883 852 3959 dicti
872 3884 1037 3990 religiosi
1057 3884 1174 3961 velint
1193 3884 1397 3962 defendere
1417 3912 1565 3962 causam
1584 3884 1791 3990 predictam
1812 3884 1923 3961 dicto-

507 4041 592 4090 rum
607 4014 806 4090 hominum
820 4014 1151 4122 conquerencium,
1170 4014 1294 4094 dictus
1307 4017 1520 4122 prepositus
1533 4045 1598 4094 eos
1611 4016 1753 4106 audiet,
1770 4031 1807 4092 et
1815 4032 1922 4120 parti

506 4145 578 4223 bus
603 4143 809 4234 exhibebit,
837 4175 949 4252 super
973 4145 1060 4236 hoc,
1085 4147 1236 4253 justicie
1257 4147 1595 4253 complementum,
1617 4146 1785 4254 alioquin
1809 4147 1921 4222 dictus

505 4277 717 4382 prepositus
739 4274 960 4353 deliberabit
974 4293 1102 4353 utrum
1118 4293 1330 4384 requestam
1345 4278 1550 4384 predictam
1566 4277 1753 4355 dictorum
1767 4304 1923 4382 conque·

504 4408 674 4484 rencium
696 4408 830 4484 debeat
844 4406 1079 4514 ademplere3
1099 4437 1118 4484 a
1134 4437 1211 4515 quo
1219 4409 1407 4517 judicato,
1424 4391 1499 4485 tarn
1515 4392 1628 4516 quam
1642 4408 1734 4485 falso
1748 4423 1786 4484 et
1797 4435 1920 4513 prato,

504 4555 725 4644 procurator
741 4539 929 4616 dictorum
944 4538 1206 4646 religiosorum
1223 4541 1271 4617 ad
1285 4558 1449 4618 nostram
1466 4539 1608 4617 curiam
1620 4538 1816 4646 appellavit
1832 4566 1840 4612 ε
1857 4537 1923 4614 Αυ-

505 4669 593 4748 ditis
613 4671 726 4777 igitur
746 4699 859 4776 super
876 4671 949 4748 hoc
971 4671 1077 4749 dictis
1101 4673 1270 4778 partibus
1294 4690 1333 4749 et
1356 4671 1441 4749 visis
1462 4672 1695 4777 processibus
1714 4668 1919 4754 antedictis,

502 4829 571 4907 per
590 4802 692 4878 curie
714 4820 839 4880 nostre
854 4803 1057 4910 judicium,
1087 4803 1229 4880 dictum
1254 4803 1325 4880 suit
1342 4803 1552 4909 predictum
1577 4802 1811 4909 prepositum
1832 4800 1922 4876 hene

497 4931 686 5040 judicasse
702 4951 738 5009 et
754 4951 1036 5039 procuratorem
1059 4934 1244 5011 dictorum
1262 4933 1522 5042 religiosorum
1540 4933 1637 5009 male
1651 4932 1872 5039 appellasse,
1888 4947 1921 5005 et

503 5065 608 5170 quod
628 5063 706 5170 ipse
728 5065 800 5141 hoc
819 5066 1043 5142 emendabit.
