4450 6209
751 724 1021 833 suousrss
1048 742 1110 815 ss
1137 726 1342 815 rsooss.
1684 746 1758 818 ass

339 884 558 967 molendina
568 884 702 988 ipsius,
715 882 913 974 destruxit,
934 884 1061 961 vineas
1074 883 1155 991 ejus
1170 900 1209 960 et
1223 883 1378 961 arbores
1397 884 1609 991 extirpavit,
1631 904 1760 964 contra
1797 892 1926 947 Pur-w
1939 892 1982 957 w,

340 1014 641 1123 prohibicionem
653 1013 828 1123 gencium
839 1032 1068 1106 nostrerum,
1081 1042 1237 1099 manum
1247 1032 1414 1092 nostram
1423 1015 1622 1092 temerarie
1632 1015 1760 1093 infrin·
1858 986 1921 1029 ’Μ’

339 1145 482 1254 gendo:
499 1146 689 1235 Tandem,
702 1145 890 1254 inquests,
907 1146 1104 1251 superbos
1118 1146 1167 1221 de
1181 1145 1618 1234 mandatonostrofacte,
1635 1147 1710 1224 visa
1723 1163 1761 1223 et

340 1277 541 1386 diligenter
551 1276 780 1367 examinata,
799 1278 888 1385 qnia
906 1276 1100 1355 inventum
1117 1294 1174 1354 est
1186 1277 1332 1357 dictum
1344 1275 1572 1367 Geraidnm,
1585 1306 1672 1355 eum
1683 1278 1762 1356 suis

341 1407 603 1515 eomplicibus,
619 1407 740 1487 dictos
755 1436 925 1487 excessus
937 1424 1188 1516 perpetrasse,
1203 1426 1241 1487 et
1250 1409 1368 1486 eciam
1377 1407 1521 1487 dietum
1532 1405 1762 1486 maleficium

341 1538 535 1628 advenae,
548 1536 865 1621 diotusGereldus
879 1538 990 1617 uobis
1003 1540 1043 1615 iu
1056 1538 1163 1615 mille
1177 1536 1600 1630 iibrisTuronensibns‚
1612 1540 1761 1615 racione

341 1670 530 1753 dictorum
547 1694 782 1759 excessuum,
801 1687 838 1747 et
849 1671 948 1749 dieto
961 1670 1142 1777 Fsiquete
1156 1669 1196 1746 in
1212 1669 1362 1747 duobtrs
1378 1669 1551 1749 millibus
1563 1670 1762 1747 Turonen-

341 1800 463 1891 sibus,
476 1828 544 1907 pro
558 1799 746 1906 dampnis,
761 1800 968 1908 deperditis
984 1818 1022 1877 et
1032 1799 1180 1907 injuriis
1193 1800 1233 1876 in
1243 1800 1464 1908 hujusmodi
1477 1800 1548 1878 sibi
1561 1798 1682 1892 fectis,
1694 1828 1763 1907 per

342 1930 443 2015 curie
463 1947 589 2011 nostre
605 1930 812 2039 judicium,
835 1932 955 2010 extitit
972 1932 1282 2037 condempnatus.
1475 1957 1500 2012 ο

396 2063 444 2139 Et
466 2060 707 2147 mandabitur
725 2063 864 2142 ballivo
882 2062 1106 2141 Bituricensi
1123 2063 1231 2169 qnod
1250 2061 1297 2139 de
1316 2060 1564 2169 eomplicibus
1579 2063 1760 2169 inquiret,

342 2191 478 2272 vocatis
493 2193 677 2299 partibus,
693 2222 807 2301 super
820 2192 919 2272 facto
932 2194 1112 2300 predicto,
1129 2210 1169 2271 et
1179 2194 1392 2299 inquestsm
1408 2194 1573 2271 remittet
1583 2193 1633 2270 ad
1646 2192 1763 2270 finem
1885 2234 1891 2245 ·

341 2322 490 2413 civilem
498 2322 755 2430 judicandam.

398 2451 527 2558 Manis
540 2453 718 2559 predieta.

398 2582 796 2689 Booeilusreportavit

398 2714 585 2797 Dominus
606 2716 683 2793 Rex
701 2731 846 2820 postea,
871 2713 919 2791 de
940 2712 1045 2791 dieto
1059 2712 1220 2791 emenda
1239 2742 1305 2791 sus
1324 2711 1430 2790 misse
1450 2712 1633 2791 librarum
1647 2714 1765 2791 Turo

342 2844 518 2927 seusium
537 2844 611 2924 sihi
635 2844 861 2952 adjudicata,
886 2845 1044 2951 quitavit
1069 2843 1194 2921 eidem
1219 2843 1353 2932 militi,
1381 2843 1429 2920 de
1449 2844 1570 2951 grecia
1592 2843 1762 2950 speciali,

343 2974 599 3067 medietatem,
625 2992 678 3066 et,
701 2977 748 3053 de
769 2974 840 3053 alia
857 2974 1076 3064 medietate,
1095 2975 1202 3053 dedit
1222 2974 1346 3052 eidem
1366 2990 1581 3081 respectum
1603 3002 1672 3081 per
1689 2990 1766 3051 ter·

343 3106 488 3195 minos,
512 3106 685 3183 videlicet
707 3105 813 3213 quod
834 3107 881 3183 de
905 3106 958 3183 eis
986 3105 1103 3185 solvat
1127 3122 1280 3184 centum
1302 3098 1631 3213 et·quinqusginm
1652 3104 1766 3182 libras

343 3234 391 3310 ad
409 3235 616 3341 proximam
632 3234 895 3325 Candelosam,
914 3251 951 3311 et
971 3235 1018 3312 ad
1039 3254 1261 3341 sequentem
1282 3236 1531 3314 Candelosam
1554 3252 1706 3313 centrum
1730 3251 1767 3310 et

345 3364 614 3473 quinquaginta
642 3365 771 3455 libras,
793 3382 830 3441 et
854 3364 1022 3441 residuas
1046 3364 1226 3441 ducentes
1246 3362 1361 3442 libres
1381 3363 1428 3442 ad
1452 3364 1561 3441 aliam
1581 3363 1766 3443 Candelo·

346 3526 424 3575 sam
443 3495 752 3603 subsequentem.

402 3759 495 3839 XIV.
514 3758 733 3839 iudicatum
741 3756 879 3837 fautum
892 3757 991 3834 inter
1000 3756 1197 3835 dominum
1206 3758 1255 3836 de
1265 3756 1490 3847 Mirassesso,
1505 3786 1549 3834 ex
1562 3772 1782 3862 unaparte,

348 3907 385 3967 et
406 3890 589 3975 decanum
612 3905 651 3966 et
668 3888 872 3995 capimlum
895 3904 935 3967 et
947 3888 1182 3995 prepositum
1195 3888 1250 3965 de
1272 3886 1443 3966 Bladolio
1459 3884 1613 3965 eoelesie
1628 3886 1773 3965 Sancti-¹

348 4020 498 4099 Martini
516 4020 768 4109 Turonensis,
782 4049 826 4099 ex
844 4018 979 4111 altera,
1000 4018 1203 4125 supersita
1219 4017 1370 4125 justinia
1389 4017 1512 4096 etsita
1530 4019 1650 4096 vassia
1668 4034 1768 4095 terre

348 4150 653 4244 Sancti-Martini,
670 4151 710 4229 in
724 4150 959 4258 prepositura
972 4150 1020 4228 de
1038 4150 1228 4243 Bladolio,
1246 4180 1334 4227 oum
1350 4152 1432 4258 ejus
1448 4151 1710 4256 suspensione,
1725 4176 1770 4225 ex

349 4308 456 4368 eausa
479 4280 573 4365 faeta
591 4310 710 4388 usque
731 4282 779 4360 ad
799 4280 1031 4388 subsequens
1055 4281 1349 4388 parlamentum,
1372 4274 1487 4357 estin
1508 4278 1636 4357 rotulo
1655 4277 1769 4384 hujus

348 4410 593 4519 parlamenti„

405 4674 483 4753 XV.
513 4645 783 4782 Dunjudicau
797 4672 1040 4753 sautaoontra
1058 4673 1279 4751 Ratherium
1296 4667 1347 4749 de
1358 4671 1543 4759 calceata,
1561 4670 1771 4776 super-qui-

351 4801 511 4884 busdum
532 4792 703 4886 ersendis
715 4804 959 4911 pedunisriis,
974 4834 1059 4882 cum
1074 4804 1208 4883 eorum
1222 4804 1479 4894 revocacioue,
1495 4828 1538 4877 ex
1550 4817 1650 4878 oertn
1660 4828 1770 4878 causa

349 4932 464 5021 facts,
484 4948 668 5039 quantum
692 4937 740 5017 ad
760 4936 957 5019 dominum
979 4937 1120 5046 Regem
1138 4927 1406 5015 tantumnodo
1425 4933 1612 5041 pertinet,
1625 4947 1713 5010 sunt
1730 4933 1769 5008 in

351 5064 479 5146 rotulo
490 5065 608 5173 hujus.
619 5068 857 5171 pedamenti.

1593 5216 1641 5277 36.
