4450 6209
756 711 1024 819 moneres
1051 727 1114 797 ιιι
1143 707 1348 798 procas.
1687 726 1754 795 cor

347 876 488 952 dictum
503 872 576 950 fuit
591 871 695 978 quod
710 869 808 946 dicta
821 867 1041 946 informacio
1051 841 1129 943 non
1140 865 1382 974 judicabitur,
1400 893 1502 954 cum,
1524 893 1592 970 per
1604 862 1761 939 modum
1800 873 1931 928 Pmum
1942 871 1986 935 lt,

346 1005 535 1111 inquesta,
551 1029 627 1078 non
643 999 757 1078 fuerit
770 998 862 1116 facta
872 1062 880 1091 ‚
891 997 959 1076 sed
972 997 1002 1074 si
1018 995 1108 1073 dicti
1123 994 1290 1102 religiosi
1301 1023 1414 1100 super
1425 994 1650 1101 proprietate
1664 991 1763 1069 dicte

340 1135 492 1243 justicie
510 1151 637 1211 contra
651 1161 720 1210 nos
739 1130 871 1212 volunt
887 1157 1015 1237 agere,
1036 1125 1250 1234 superhoc,
1269 1125 1325 1202 via
1342 1125 1545 1215 ordinaria,
1562 1124 1766 1202 audientur

1863 963 1925 1007 1³1⁰.

347 1284 384 1342 et
404 1265 470 1342 fiet
484 1267 558 1374 jus.

403 1396 578 1473 Mercurii
598 1396 776 1502 predicta.

404 1527 575 1604 Decanus
592 1526 639 1602 de
654 1525 820 1603 Cassello
841 1527 1053 1631 reportavit.

402 1788 526 1865 XCIII.
558 1788 672 1874 Cum,
691 1802 852 1893 exparte
867 1784 1003 1890 prioris
1017 1784 1064 1860 de
1081 1783 1299 1890 Albigniaco
1312 1784 1456 1890 captivo
1471 1802 1508 1861 et
1517 1785 1767 1890 procuratoris

347 1919 464 1994 nostri
479 1918 722 1996 Bituricensis
736 1917 868 1996 fuisset
880 1915 1018 2003 ballivo
1032 1912 1273 2006 Bituricensi,
1290 1917 1574 2021 conquerendo,
1591 1932 1768 1993 monstra·
1895 1914 1899 1919 ’

346 2063 427 2122 turn
443 2048 547 2154 quod
563 2046 730 2126 Andreas
745 2046 942 2153 Bourgois,
959 2044 1181 2123 castellanus
1199 2045 1343 2123 domini
1359 2042 1625 2135 Graciatensis,
1640 2044 1768 2150 plures

346 2176 500 2283 injurias
519 2195 556 2254 et
569 2178 771 2256 violencias
791 2177 916 2254 eidem
935 2175 1050 2282 priori
1072 2152 1243 2281 etipsius
1261 2175 1423 2252 subditis
1438 2175 1617 2253 intulerat
1636 2192 1674 2252 et
1691 2203 1769 2251 ma-

346 2334 439 2384 num
463 2288 663 2409 violentam
686 2309 725 2415 in
747 2287 906 2414 persona
926 2305 1168 2416 dictipri01is
1190 2323 1431 2413 apposuerat,
1452 2305 1552 2382 dicto
1578 2305 1703 2410 priore
1728 2305 1768 2379 in

348 2437 499 2544 speciali
520 2438 632 2545 garda
652 2456 779 2516 nostra
797 2439 992 2525 existente,
1004 2453 1089 2543 post
1108 2422 1147 2512 et
1161 2452 1288 2513 contra
1311 2435 1581 2514 inhibicionem
1605 2433 1770 2512 Simonis

348 2567 463 2656 Duri,
479 2568 670 2645 servientis
682 2569 815 2658 nostri,
832 2569 963 2645 adhoc
976 2567 1099 2643 cidem
1114 2566 1231 2673 priori
1244 2565 1453 2672 specialiter
1465 2563 1652 2671 deputati,
1665 2561 1771 2640 balli·

348 2727 415 2776 vus
424 2698 666 2776 Bituricensis
679 2699 726 2776 de
736 2699 929 2804 predictis,
941 2698 1077 2775 vocatis
1089 2696 1300 2785 evocandis,
1315 2695 1403 2774 fecit
1415 2694 1556 2801 inquiri
1570 2693 1769 2802 diligenter

347 2856 461 2933 super
480 2829 553 2906 hiis
571 2829 778 2919 veritatem,
798 2828 892 2906 facta
910 2829 1023 2934 igitur
1041 2857 1154 2934 super
1173 2829 1247 2904 hoc
1262 2827 1450 2933 inquesta,
1475 2826 1599 2902 dictus
1610 2823 1770 2901 ballivus

348 2958 466 3064 ipsam
487 2960 534 3036 ad
559 2959 698 3036 curiam
724 2977 889 3037 nostram
916 2958 1162 3036 Parisiensem
1181 2956 1327 3035 remisit
1342 2956 1609 3063 judicandam
1633 2954 1770 3032 auditis

348 3116 435 3165 vero
457 3089 566 3165 dictis
589 3087 758 3195 partibus
783 3117 896 3195 super
913 3088 985 3166 hoc
1006 3087 1045 3162 in
1068 3087 1300 3193 parlamento
1324 3105 1469 3177 nostro,
1492 3115 1561 3192 per
1588 3103 1770 3163 arrestum

348 3234 476 3295 nostre
489 3219 603 3306 curie,
617 3249 660 3294 ex
675 3218 925 3307 habundanti,
939 3218 1030 3294 certi
1043 3217 1194 3294 luerunt
1208 3217 1374 3323 deputati
1392 3215 1636 3293 commissarii
1650 3214 1699 3291 ad
1713 3215 1771 3290 in-

349 3346 599 3450 quirendum,
621 3374 735 3452 super
752 3347 859 3424 totali
875 3347 972 3423 facto
985 3347 1172 3453 predicto,
1194 3348 1331 3424 voeatis
1349 3345 1535 3452 panibus,
1556 3344 1768 3433 veritatem,

349 3475 488 3552 deinde
508 3475 686 3581 predictis
710 3475 877 3582 partibus
900 3503 1024 3553 coram
1045 3476 1155 3553 dictis
1172 3474 1435 3553 commissariis
1453 3473 1707 3583 presentibus,
1724 3475 1771 3550 de

349 3595 512 3710 ipsarum
532 3605 700 3712 parcium
712 3606 904 3683 voluntate
926 3624 963 3683 et
982 3634 1152 3697 assensn,
1173 3605 1246 3682 fuit
1262 3605 1530 3682 concordatum
1545 3604 1651 3711 quod
1670 3605 1772 3680 curia
1814 3604 1819 3616 '

349 3753 474 3813 nostra
487 3736 698 3841 inquestam
714 3735 919 3842 predictam
930 3797 938 3826 ‚
948 3765 1016 3842 per
1029 3735 1303 3814 commissarios
1313 3733 1441 3811 ballivi
1450 3733 1689 3812 Bituricensis
1700 3732 1774 3812 sae-

348 3883 442 3954 tam,
451 3865 649 3971 judicaret,
661 3867 727 3943 tali
741 3867 867 3944 habita
884 3867 1120 3954 condicione,
1134 3867 1181 3942 de
1193 3866 1361 3973 parcium
1376 3865 1629 3972 predictarum
1640 3863 1772 3942 volun·
1809 3845 1814 3856 ¹

347 4011 439 4079 tate,
452 3994 575 4100 quod,
588 4023 655 4101 per
668 4012 849 4073 arrestum
864 3996 1076 4074 laciendum
1093 4025 1207 4103 super
1222 3998 1392 4103 inquesta
1405 3996 1605 4088 antedicta,
1624 3993 1769 4070 nullum

349 4124 601 4231 prejudicium
626 4153 695 4200 nec
721 4126 838 4236 eciam
865 4126 1166 4204 emolumentum
1194 4127 1435 4236 generabitur
1464 4154 1533 4202 nec
1557 4125 1773 4229 imponetur

351 4256 507 4334 domino
524 4255 571 4331 de
588 4255 764 4334 Graciaco
780 4283 851 4333 nec
868 4257 986 4362 priori,
997 4258 1184 4363 predicto,
1207 4275 1391 4363 quantum
1407 4255 1455 4332 ad
1470 4256 1679 4362 justiciam,
1696 4285 1774 4364 gar·

350 4389 449 4465 diam
465 4405 502 4464 et
514 4387 686 4464 saisinam
695 4386 846 4492 justicie
863 4386 909 4464 de
921 4387 1139 4496 Albigniaco
1153 4388 1312 4494 captiv0;
1327 4386 1464 4494 quibus
1479 4386 1531 4462 sic
1546 4385 1666 4473 factis,
1684 4386 1773 4461 dicti

350 4506 592 4596 commissa'rii
616 4518 823 4624 predictam
850 4519 1062 4624 inquestam
1089 4518 1137 4594 ad
1165 4517 1308 4594 curiam
1333 4534 1499 4595 nostram
1525 4515 1772 4592 remiserunt:

348 4650 433 4728 Visa
451 4650 565 4756 igitur
581 4649 783 4756 diligenter
802 4648 973 4756 inquesta
990 4649 1172 4757 predicta,
1190 4647 1277 4755 quia
1292 4665 1483 4754 repertum
1500 4663 1557 4724 est
1573 4646 1677 4752 quod
1691 4675 1775 4752 pre·

351 4777 888 4870 diotusAndreas,castellanus
899 4777 1276 4867 Graciatencis,dicto
1287 4777 1403 4884 priori
1414 4777 1460 4853 de
1469 4773 1688 4882 Albigniaco
1697 4803 1776 4882 cap

350 4910 438 5001 tivo,
448 4912 531 5016 ipso
541 4912 677 5015 priore,
696 4911 734 4986 in
750 4912 863 5018 garda
873 4928 1000 4990 nostra
1011 4910 1249 4998 existenteet
1263 4926 1350 5015 post
1364 4906 1632 4986 inhibitionem
1641 4903 1772 4983 factam

353 5039 422 5145 ipsi
444 5039 642 5117 castellano
658 5071 725 5147 per
740 5041 995 5147 supradictum
1013 5039 1235 5158 sarrientem
1249 5057 1437 5131 nostrum,
1455 5039 1562 5145 plura
1575 5037 1776 5144 obprobria

438 5217 491 5258 nes
512 5217 595 5258 οιιιι.
619 5217 665 5258 ιιι.
1238 5205 1242 5217 “
1586 5191 1625 5277 76
