4450 6209
527 705 574 776 92
1107 707 1196 780 Les
1226 705 1364 782 OLlM.

300 855 431 908 Partim
443 853 487 917 tv,
526 877 588 925 eas
604 848 823 944 lacerando,
841 850 1021 958 plurimas
1040 848 1212 959 injurias,
1232 849 1387 930 verbera
1404 869 1443 929 et
1457 852 1527 930 alia
1544 854 1755 960 gravamina
1772 854 1947 936 intulerat

362 951 425 990 Μ’
527 979 669 1072 eidem,
692 1001 730 1060 et
750 983 876 1089 ipsum
896 999 1085 1060 amoverat
1103 1011 1124 1058 a
1140 981 1296 1059 servicio
1315 1009 1385 1060 suo
1404 984 1593 1089 predicto,
1619 1003 1657 1063 et
1673 986 1721 1062 ad
1740 985 1857 1092 ipsius
1871 1015 1945 1066 ser-

525 1111 659 1188 vientis
671 1113 887 1189 instanciam
906 1141 948 1188 ac
960 1141 1004 1190 ex
1017 1111 1141 1192 officio
1155 1129 1284 1190 nostro
1299 1112 1594 1204 mandassemus,
1609 1116 1778 1221 partibus
1794 1119 1942 1207 vocatis,

525 1243 666 1349 inquiri
694 1272 807 1349 super
834 1245 905 1321 hoc
935 1244 1161 1322 veritatem:
1187 1243 1361 1320 Tandem
1383 1244 1570 1352 inquesta,
1604 1275 1716 1353 super
1742 1248 1817 1326 boe
1836 1248 1941 1339 facta,

524 1374 600 1450 visa
619 1391 658 1451 et
677 1375 878 1481 diligenter
897 1375 1467 1482 examinata,percu1ienostre
1484 1377 1693 1486 judicium,
1715 1378 1860 1457 dictum
1878 1379 1945 1458 lirit

525 1506 630 1610 quod
645 1505 766 1583 dictus
781 1507 945 1584 serviens
957 1503 1197 1614 recuperabit
1209 1505 1406 1583 servicium
1420 1535 1531 1585 suum
1545 1509 1776 1614 predictum,
1793 1527 1831 1587 et
1847 1511 1944 1616 quod

526 1636 574 1712 de
591 1637 671 1745 ejus
683 1639 972 1744 recuperacione
987 1638 1144 1716 ballivus
1159 1636 1355 1714 Trecensis
1370 1638 1475 1716 dabit
1490 1637 1613 1716 eidem
1629 1639 1772 1718 litteras
1787 1669 1871 1718 suas
1885 1669 1944 1747 pa

524 1784 663 1857 tentes,
690 1787 727 1847 et
745 1769 851 1876 quod
873 1770 995 1846 dictus
1010 1769 1182 1850 Galterus
1202 1768 1250 1844 de
1268 1769 1379 1844 Porta
1397 1769 1515 1846 solvet
1534 1769 1645 1850 nobis
1659 1771 1943 1878 quadringentas

526 1898 641 1976 libras
653 1901 893 1978 Turonenses
904 1931 973 2008 pro
989 1901 1148 1979 emenda
1161 1898 1435 2006 predictorum,
1451 1919 1490 1978 et
1501 1901 1601 1980 dicto
1612 1903 1787 1980 servienti
1801 1919 1942 1980 centum

527 2027 639 2107 libras
657 2032 914 2122 Turonenses,
936 2061 1004 2138 pro
1029 2031 1166 2141 injuria
1186 2047 1224 2107 et
1247 2031 1419 2136 dampnis
1441 2031 1512 2110 sibi
1533 2060 1602 2140 per
1624 2033 1802 2112 eumdem
1824 2033 1942 2111 illatis.

583 2163 741 2240 Veneris
758 2163 937 2269 predicta.

582 2293 691 2372 Divio
711 2297 921 2400 reportavit.

581 2559 740 2636 XXXIX.
771 2559 869 2637 Cum
885 2588 905 2635 a
920 2560 1087 2666 quodam
1095 2559 1263 2670 judicato
1273 2587 1343 2668 per
1354 2558 1534 2639 ballivum
1548 2559 1849 2642 Cenomanensis
1859 2561 1943 2666 epis

525 2690 608 2795 copi
629 2688 721 2778 lato,
747 2720 815 2795 pro
836 2689 1019 2769 Gaulrido
1038 2691 1074 2768 le
1096 2692 1219 2769 Vallet
1238 2709 1367 2768 contra
1385 2693 1596 2770 lohannem
1617 2693 1776 2798 Dyerre,
1798 2691 1838 2768 in
1857 2719 1942 2798 qua-

527 2819 615 2896 dam
647 2849 756 2896 causa
788 2847 864 2927 que
897 2847 1009 2928 super
1042 2821 1331 2927 recuperacione
1359 2823 1612 2928 quarumdam
1643 2849 1772 2898 rerum
1801 2821 1944 2899 heredi-

527 2948 706 3024 tariarum
728 2978 853 3027 coram
873 2950 973 3027 dicto
997 2949 1134 3028 ballivo
1158 2951 1370 3030 vertebatur
1394 2953 1494 3029 inter
1517 2969 1643 3058 partes
1659 2951 1862 3059 predictas,
1883 2951 1942 3058 qui

526 3078 685 3158 ballivus
705 3081 964 3188 pronunciavit
986 3082 1025 3158 in
1044 3111 1153 3160 causa
1170 3084 1389 3191 hujusmodi
1405 3082 1692 3191 procedendum
1710 3111 1789 3161 esse
1809 3113 1878 3191 per
1890 3112 1944 3160 re-

526 3211 744 3316 cepcionem
762 3211 966 3319 juramenti
990 3230 1030 3290 et
1048 3213 1341 3319 probacionum,
1365 3215 1487 3292 dictus
1502 3215 1709 3302 lohannes,
1729 3230 1944 3320 tanquama

526 3341 620 3421 lalso
639 3361 677 3420 et
696 3373 825 3451 pravo,
847 3344 895 3420 ad
914 3363 1080 3422 nostram
1102 3347 1243 3424 curiam
1260 3346 1500 3453 appellasset,
1523 3363 1561 3424 et
1577 3347 1618 3422 in
1638 3373 1747 3424 causa
1766 3346 1866 3424 dicte
1887 3374 1945 3452 ap-

524 3473 760 3580 pellacionis,
781 3503 896 3583 super
914 3474 1018 3554 factis
1039 3476 1086 3554 ab
1109 3477 1199 3584 ipsis
1214 3477 1383 3584 partibus
1402 3477 1441 3553 in
1463 3495 1589 3554 nostra
1609 3478 1712 3554 curia
1730 3478 1942 3585 propositis,

522 3604 742 3683 fecissemus
758 3607 951 3684 veritatem
969 3608 1109 3714 inquiri
1127 3641 1136 3685 ε
1152 3609 1339 3699 Tandem,
1356 3609 1443 3687 visis
1460 3626 1498 3686 et
1514 3608 1714 3716 diligenter
1733 3608 1946 3686 examinatis

524 3753 602 3813 tam
619 3739 792 3844 inquesta
811 3767 924 3844 quam
943 3739 1179 3844 processibus
1197 3739 1374 3818 omuibus
1386 3739 1600 3830 antedictis,
1614 3767 1682 3844 per
1701 3739 1803 3814 curie
1822 3755 1944 3816 nostre

522 3867 725 3973 judicium,
742 3868 884 3945 dictum
904 3868 977 3946 fuit
992 3886 1029 3946 et
1046 3870 1338 3975 pronunciatum
1354 3869 1568 3975 predictum
1582 3868 1763 3946 ballivum
1778 3868 1879 3946 bene
1891 3867 1947 3974 ju·

528 3998 669 4077 dicasse
691 4019 729 4077 et
746 3999 889 4077 dictum
904 4002 1118 4079 lohannem
1133 4001 1228 4079 male
1248 4000 1469 4109 appellasse,
1487 4017 1526 4078 et
1539 3999 1645 4108 quod
1662 4000 1742 4107 ipse
1758 3999 1944 4078 lohannes

526 4129 602 4207 hoc
619 4149 746 4209 nostre
766 4131 868 4209 curie
888 4133 1116 4211 emendabit.

581 4263 738 4341 Veneris
756 4263 935 4370 predicta.

580 4394 755 4501 Magister
775 4395 998 4474 Lambertus
1013 4397 1060 4474 de
1074 4398 1205 4505 Voyssi
1225 4397 1438 4504 reportavit.

580 4658 655 4733 XL.
686 4657 784 4735 Cum
799 4659 898 4737 inter
911 4661 1065 4738 Petrum
1076 4654 1253 4749 Gillardi,
1269 4660 1384 4737 civem
1399 4659 1664 4747 Parisiensem,
1681 4683 1810 4733 muna
1821 4672 1939 4762 parte,

526 4806 564 4865 et
591 4787 831 4880 Oudardum,
859 4790 1092 4897 draperium,
1122 4791 1238 4867 civem
1269 4792 1603 4879 silvanectensem,
1632 4817 1675 4866 ex
1701 4787 1792 4878 alia,
1820 4812 1941 4864 coram

524 4918 792 4997 Silvanectensi
820 4921 1012 5027 preposito
1038 4923 1185 5030 questio
1212 4940 1313 5001 mota
1339 4920 1471 4999 suisset
1493 4949 1606 5027 super
1629 4946 1675 4996 eo
1697 4916 1804 5024 quod
1823 4917 1941 4996 dictm

523 5050 656 5129 Petms
677 5069 806 5130 contra
829 5053 1043 5159 predictum
1062 5054 1286 5133 Oudardum
1309 5055 1543 5162 proponebat
1566 5051 1675 5159 quod,
1694 5050 1773 5155 ipse
1794 5051 1939 5178 Petrus,
