4450 6209
516 702 566 773 20
903 730 910 746 ·
1091 696 1183 771 LES
1214 694 1356 770 OLIM.

287 851 417 905 aarum
430 850 474 915 W.
514 840 825 949 predecessorum
850 865 1024 928 suorum,
1048 866 1135 915 cum
1162 836 1317 915 canibus
1336 851 1375 913 et
1393 836 1548 915 arnesiis
1567 834 1659 930 suis,
1685 864 1726 917 ae
1745 838 1861 919 eciam
1883 838 1936 919 le-

348 943 413 985 m
513 972 624 1049 randi
656 971 837 1049 emendas
866 999 888 1047 a
912 968 1136 1047 venantibus
1161 968 1307 1046 ibidem
1335 986 1464 1046 contra
1492 968 1722 1047 voluntatem
1749 998 1871 1061 suam,
1901 954 1937 1050 et

513 1102 725 1209 specialiter
750 1129 771 1178 a
796 1100 1127 1208 predecessoribus
1150 1099 1308 1206 predicti
1332 1097 1510 1191 Auberti;
1535 1128 1609 1205 quc
1635 1126 1791 1177 nemora
1815 1102 1937 1181 dictus

513 1231 722 1321 Guiardus,
743 1248 787 1309 ut
809 1230 958 1319 dicitur,
980 1230 1131 1308 anobis
1149 1246 1255 1307 tenet
1274 1228 1314 1304 in
1332 1226 1490 1307 feodum
1509 1256 1595 1307 cum
1617 1229 1786 1307 dominio
1807 1248 1845 1309 et
1856 1232 1935 1339 jus·

511 1362 598 1439 ticia
620 1362 694 1440 alta
713 1380 751 1439 et
768 1361 893 1449 bassa,
914 1378 953 1437 et
971 1362 1076 1468 quod
1096 1361 1144 1437 de
1165 1359 1344 1466 predictis
1368 1376 1446 1437 erat
1467 1359 1564 1437 sarna
1582 1359 1750 1466 publica,
1776 1378 1814 1439 et
1831 1363 1934 1469 quod

510 1492 702 1598 predictus
715 1489 905 1569 Aubertus
920 1492 1151 1597 impediebat
1166 1490 1309 1569 dictum
1323 1488 1534 1569 Guiardum
1548 1491 1589 1567 in
1603 1490 1740 1567 saisina
1754 1492 1934 1598 predicta,

508 1623 683 1701 venando
696 1640 735 1701 et
746 1622 871 1699 venari
883 1622 1135 1729 saciendoper
1147 1638 1278 1729 gentes
1291 1648 1374 1698 suas
1386 1620 1425 1697 iu
1437 1620 1548 1699 dictis
1556 1621 1793 1709 nemoribus.
1806 1642 1935 1701 contra

507 1752 741 1831 voluntatem
771 1752 862 1830 dicti
889 1752 1064 1840 Guiardi3
1091 1781 1208 1859 quare
1235 1753 1388 1857 petebat
1415 1751 1538 1829 dictus
1562 1750 1752 1830 Guiardus
1778 1752 1934 1859 impedi—

509 1902 657 1973 menta,
678 1914 746 1991 per
773 1884 918 1962 dictum
941 1884 1153 1962 Aubertum
1181 1902 1218 1961 et
1249 1901 1378 1991 gentes
1408 1912 1512 1972 suas,
1539 1911 1652 1990 super
1678 1882 1753 1962 boc
1771 1886 1934 1993 apposita

510 2016 694 2108 amoveri,
730 2032 770 2093 et
798 2015 879 2093 loca
911 2016 1076 2093 resaisita
1107 2015 1147 2091 in
1177 2043 1294 2092 manu
1325 2032 1451 2094 nostra
1477 2015 1597 2120 posita
1623 2014 1664 2091 iu
1700 2044 1815 2093 manu
1848 2017 1933 2095 dicti

509 2146 667 2226 Guiardi
692 2146 844 2254 reponi,
872 2164 911 2225 et
934 2146 1127 2224 emendari
1152 2146 1337 2253 predicta,
1365 2147 1465 2223 dicto
1489 2146 1657 2225 Auberto
1680 2148 1849 2253 predicta
1869 2174 1934 2225 ne·

507 2295 638 2387 gante,
659 2295 697 2355 et
715 2279 755 2353 iu
771 2278 1001 2356 contrarium
1017 2296 1203 2355 asserente
1218 2276 1323 2384 quod
1337 2276 1506 2382 predicta
1524 2304 1678 2355 nemora
1695 2295 1785 2355 suut
1798 2278 1885 2357 talia
1899 2295 1935 2357 et

509 2407 595 2486 talis
614 2409 848 2487 condicionis
867 2409 973 2517 quod
992 2437 1126 2486 omues
1144 2408 1295 2487 nobiles
1315 2427 1353 2485 ct
1372 2407 1553 2515 religiosi,
1573 2426 1611 2486 et
1628 2408 1837 2514 specialiter
1854 2438 1934 2518 pre·

510 2538 724 2619 decessores
743 2542 860 2647 ipsius
878 2540 1058 2631 Auberti,
1079 2540 1201 2617 venati
1221 2541 1376 2617 suerunt
1390 2540 1428 2615 in
1446 2539 1625 2646 predictis
1643 2540 1878 2633 nemoribus,
1899 2558 1935 2617 et

508 2689 599 2750 sunt
616 2672 657 2747 in
676 2673 811 2751 saisina
827 2672 987 2749 venandi
1008 2670 1171 2761 ibidem,
1193 2688 1231 2749 et
1253 2670 1311 2749 usi
1328 2672 1484 2749 suerunt
1498 2668 1844 2779 quocienscumque
1858 2673 1934 2779 pla·

508 2800 631 2877 cuerit
643 2798 787 2876 eisdem
802 2800 981 2905 predictis
995 2818 1033 2876 et
1044 2799 1221 2876 omuibus
1235 2798 1511 2905 pertinentibus
1521 2800 1569 2877 ad
1580 2800 1760 2890 cbaciam‚
1779 2819 1819 2879 et
1831 2801 1934 2908 quod

510 2929 559 3005 de
585 2957 683 3006 novo
705 2946 743 3005 et
768 2958 789 3005 a
814 2929 881 3005 tali
906 2947 1077 3034 ternpore
1105 2929 1209 3035 quod
1235 2958 1313 3009 uon
1339 2948 1464 3037 potest
1483 2932 1741 3038 proscripsisse
1761 2932 1932 3009 saisinam

468 3130 479 3145 ,
508 3088 690 3169 garenne,
713 3060 836 3137 dictus
854 3058 1044 3137 Guiardus
1064 3060 1104 3135 in
1125 3060 1278 3138 deleusa
1298 3076 1544 3166 proposuerat
1559 3060 1658 3137 dicta
1671 3064 1934 3141 nemornsicut

507 3219 729 3299 garennam,
751 3209 881 3269 contra
897 3190 1199 3297 prohibicionem
1219 3207 1386 3269 nostram
1408 3205 1446 3267 et
1464 3190 1636 3296 usagium
1651 3191 1836 3269 bonarum
1851 3220 1933 3301 gan·

508 3323 610 3400 cium
638 3341 677 3401 et
701 3323 820 3429 ipsius
846 3322 1019 3410 Auberti,
1049 3340 1088 3399 et
1113 3322 1219 3428 quod
1247 3322 1293 3398 de
1320 3320 1499 3426 predictis
1527 3322 1680 3429 publica
1706 3339 1785 3399 erat
1810 3322 1930 3401 lama:

509 3453 697 3546 Tandem,
725 3454 896 3561 inquesta
916 3482 1030 3558 super
1053 3453 1233 3561 predictis
1256 3451 1350 3528 lacta
1380 3453 1431 3531 de
1455 3452 1632 3531 mandato
1652 3471 1780 3531 nostro
1802 3456 1933 3535 visast

510 3583 710 3692 diligenter
729 3586 952 3672 examinata,
967 3586 1258 3690 pronunciatum
1273 3584 1362 3675 luit,
1383 3614 1451 3692 per
1465 3586 1569 3663 curie
1587 3605 1714 3667 nostre
1729 3587 1930 3695 judicium,

511 3714 726 3821 predictum
745 3714 958 3793 Guiardum
978 3715 1118 3791 debere
1138 3744 1330 3793 remanere
1350 3717 1389 3793 in
1409 3718 1543 3795 saisina
1562 3720 1798 3799 custodiendi
1820 3739 1858 3801 et
1878 3724 1935 3801 de

512 3844 694 3921 lendeudi
713 3846 878 3952 predicta
897 3874 1052 3923 nemora
1072 3876 1158 3935 sua,
1175 3846 1272 3925 sicut
1284 3875 1486 3957 garennam
1503 3866 1541 3927 et
1555 3850 1593 3928 in
1610 3878 1789 3958 garenna,
1807 3870 1933 3933 contra

511 3974 725 4081 predictum
743 3976 974 4068 Aubertum,
997 3996 1035 4055 et
1052 3978 1325 4085 impedimenta
1344 4010 1412 4087 per
1431 3979 1574 4057 dictum
1593 3982 1804 4061 Aubertum
1825 4014 1934 4092 super

513 4104 586 4184 hoc
610 4107 776 4213 apposita
801 4109 940 4187 debere
969 4111 1152 4203 amoveri,
1182 4129 1221 4188 et
1244 4111 1326 4188 loca
1350 4112 1516 4190 resaisita
1544 4130 1584 4190 et
1605 4114 1727 4221 posita
1750 4114 1790 4191 in
1820 4142 1932 4193 manu

512 4254 642 4315 nostra
669 4238 809 4317 debere
836 4242 968 4346 reponi
993 4242 1032 4318 in
1054 4270 1173 4320 manu
1193 4243 1282 4320 dicti
1303 4243 1480 4333 Guiardi‚
1502 4261 1541 4321 et
1560 4245 1703 4323 dictum
1722 4244 1931 4327 Aubenun

514 4366 653 4446 debere
670 4370 871 4449 emendare
891 4373 1059 4478 predicta
1077 4392 1156 4451 tam
1174 4374 1283 4451 nobis
1302 4403 1416 4480 quam
1437 4373 1604 4453 Guiardo
1623 4375 1805 4481 predicto.

568 4630 727 4709 XXXIII.
758 4633 854 4712 Cum
871 4664 916 4713 ex
929 4635 1169 4743 querimonia
1181 4636 1445 4748 religiosorum
1461 4638 1625 4719 virorum
1641 4638 1785 4723 abbatis
1801 4661 1840 4722 et
1854 4670 1933 4723 con

511 4777 644 4837 ventus
668 4763 988 4844 Virailiacensium
1012 4768 1310 4849 intellexerimus
1328 4773 1436 4879 quod
1453 4774 1733 4883 gentesdilecti
1753 4790 1791 4853 et
1809 4773 1932 4855 fidelis

510 4891 629 4967 nostri
649 4893 798 4971 comitis
815 4895 1069 4991 Niveruensis,
1090 4928 1178 4979 cum
1193 4928 1329 5009 magna
1342 4902 1588 4983 multitudine
1604 4922 1851 4997 armatorum,
1868 4932 1932 5013 pe·

510 5019 636 5098 ditum
662 5039 700 5099 et
725 5024 918 5132 equiturn,
938 5027 989 5105 ad
1011 5028 1091 5107 loca
1114 5031 1162 5109 de
1182 5033 1371 5111 Chameco
1396 5052 1434 5111 et
1458 5034 1506 5112 de
1529 5036 1709 5125 Dornecl,
1736 5036 1774 5113 iu
1794 5036 1932 5145 quibus
