<?xml version="1.0" encoding="UTF-8"?>
<!DOCTYPE html PUBLIC "-//W3C//DTD XHTML 1.0 Transitional//EN"
    "http://www.w3.org/TR/xhtml1/DTD/xhtml1-transitional.dtd">
<html xmlns="http://www.w3.org/1999/xhtml" xml:lang="en" lang="en">
 <head>
  <title>
</title>
<meta http-equiv="Content-Type" content="text/html;charset=utf-8" />
  <meta name='ocr-system' content='tesseract 3.04.00' />
  <meta name='ocr-capabilities' content='ocr_page ocr_carea ocr_par ocr_line ocrx_word'/>
</head>
<body>
  <div class='ocr_page' id='page_1' title='image "./lesolimouregist00parigoog_0673.png"; bbox 0 0 4450 6209; ppageno 0'>
   <div class='ocr_carea' id='block_1_1' title="bbox 533 697 1374 774">
    <p class='ocr_par' dir='ltr' id='par_1_1' title="bbox 533 697 1374 774">
     <span class='ocr_line' id='line_1_1' title="bbox 533 697 1374 774; baseline 0.002 -4"><span class='ocrx_word' id='word_1_1' title='bbox 533 697 607 770; x_wconf 82' lang='lat'>578</span> <span class='ocrx_word' id='word_1_2' title='bbox 1114 701 1206 774; x_wconf 74' lang='lat' dir='ltr'>tus</span> <span class='ocrx_word' id='word_1_3' title='bbox 1234 699 1374 774; x_wconf 87' lang='lat' dir='ltr'>OLlM.</span> 
     </span>
    </p>
   </div>
   <div class='ocr_carea' id='block_1_2' title="bbox 307 835 2098 4344">
    <p class='ocr_par' dir='ltr' id='par_1_2' title="bbox 307 835 1934 952">
     <span class='ocr_line' id='line_1_2' title="bbox 307 835 1934 952; baseline 0.004 -39"><span class='ocrx_word' id='word_1_4' title='bbox 307 843 492 906; x_wconf 67' lang='lat' dir='ltr'>peruuart,</span> <span class='ocrx_word' id='word_1_5' title='bbox 530 835 594 916; x_wconf 81' lang='lat' dir='ltr'>nie</span> <span class='ocrx_word' id='word_1_6' title='bbox 611 865 686 944; x_wconf 86' lang='lat' dir='ltr'>quc</span> <span class='ocrx_word' id='word_1_7' title='bbox 704 837 919 918; x_wconf 69' lang='lat' dir='ltr'>debebatur</span> <span class='ocrx_word' id='word_1_8' title='bbox 939 839 1040 918; x_wconf 89' lang='lat' dir='ltr'>dicto</span> <span class='ocrx_word' id='word_1_9' title='bbox 1060 841 1209 935; x_wconf 85' lang='lat' dir='ltr'>Tmne,</span> <span class='ocrx_word' id='word_1_10' title='bbox 1233 841 1340 950; x_wconf 87' lang='lat' dir='ltr'>quod</span> <span class='ocrx_word' id='word_1_11' title='bbox 1356 857 1541 919; x_wconf 78' lang='lat' dir='ltr'>arrestum</span> <span class='ocrx_word' id='word_1_12' title='bbox 1560 840 1686 919; x_wconf 73' lang='lat' dir='ltr'>dum</span> <span class='ocrx_word' id='word_1_13' title='bbox 1700 842 1829 919; x_wconf 82' lang='lat' dir='ltr'>Tanne</span> <span class='ocrx_word' id='word_1_14' title='bbox 1845 864 1934 952; x_wconf 77' lang='lat' dir='ltr'>pete.</span> 
     </span>
    </p>

    <p class='ocr_par' dir='ltr' id='par_1_3' title="bbox 369 936 2098 2388">
     <span class='ocr_line' id='line_1_3' title="bbox 369 936 1933 1078; baseline 0.009 -36"><span class='ocrx_word' id='word_1_15' title='bbox 369 936 433 980; x_wconf 54' lang='grc' dir='ltr'>Μ’</span> <span class='ocrx_word' id='word_1_16' title='bbox 530 966 596 1044; x_wconf 84' lang='lat' dir='ltr'>bat</span> <span class='ocrx_word' id='word_1_17' title='bbox 612 970 791 1059; x_wconf 78' lang='lat' dir='ltr'>amoveri,</span> <span class='ocrx_word' id='word_1_18' title='bbox 809 969 910 1047; x_wconf 89' lang='lat' dir='ltr'>dicto</span> <span class='ocrx_word' id='word_1_19' title='bbox 931 970 1101 1049; x_wconf 84' lang='lat' dir='ltr'>lohanne</span> <span class='ocrx_word' id='word_1_20' title='bbox 1120 972 1268 1049; x_wconf 81' lang='lat' dir='ltr'>dicente</span> <span class='ocrx_word' id='word_1_21' title='bbox 1288 972 1501 1078; x_wconf 90' lang='lat' dir='ltr'>predictum</span> <span class='ocrx_word' id='word_1_22' title='bbox 1518 989 1703 1050; x_wconf 83' lang='lat' dir='ltr'>arrestum</span> <span class='ocrx_word' id='word_1_23' title='bbox 1717 1000 1795 1048; x_wconf 92' lang='lat' dir='ltr'>non</span> <span class='ocrx_word' id='word_1_24' title='bbox 1810 975 1933 1056; x_wconf 86' lang='lat' dir='ltr'>debere</span> 
     </span>
     <span class='ocr_line' id='line_1_4' title="bbox 533 1088 2098 1211; baseline 0.008 -37"><span class='ocrx_word' id='word_1_25' title='bbox 533 1101 712 1188; x_wconf 84' lang='lat' dir='ltr'>amoveri,</span> <span class='ocrx_word' id='word_1_26' title='bbox 733 1099 804 1177; x_wconf 91' lang='lat' dir='ltr'>nisi</span> <span class='ocrx_word' id='word_1_27' title='bbox 824 1100 928 1206; x_wconf 89' lang='lat' dir='ltr'>prius</span> <span class='ocrx_word' id='word_1_28' title='bbox 947 1101 1134 1180; x_wconf 79' lang='lat' dir='ltr'>satisfacto</span> <span class='ocrx_word' id='word_1_29' title='bbox 1150 1102 1276 1180; x_wconf 87' lang='lat' dir='ltr'>eidem</span> <span class='ocrx_word' id='word_1_30' title='bbox 1297 1102 1345 1180; x_wconf 88' lang='lat' dir='ltr'>de</span> <span class='ocrx_word' id='word_1_31' title='bbox 1361 1103 1631 1211; x_wconf 60' lang='lat' dir='ltr'>quinquagina</span> <span class='ocrx_word' id='word_1_32' title='bbox 1645 1102 1756 1181; x_wconf 80' lang='lat' dir='ltr'>libris</span> <span class='ocrx_word' id='word_1_33' title='bbox 1768 1103 1825 1182; x_wconf 87' lang='lat' dir='ltr'>vel</span> <span class='ocrx_word' id='word_1_34' title='bbox 1837 1107 1930 1198; x_wconf 81' lang='lat' dir='ltr'>circa,</span> <span class='ocrx_word' id='word_1_35' title='bbox 2097 1088 2098 1101; x_wconf 56' lang='lat'>,</span> 
     </span>
     <span class='ocr_line' id='line_1_5' title="bbox 532 1231 1934 1342; baseline 0.009 -38"><span class='ocrx_word' id='word_1_36' title='bbox 532 1231 571 1306; x_wconf 92' lang='lat' dir='ltr'>in</span> <span class='ocrx_word' id='word_1_37' title='bbox 593 1231 731 1337; x_wconf 88' lang='lat' dir='ltr'>quibus</span> <span class='ocrx_word' id='word_1_38' title='bbox 754 1231 895 1308; x_wconf 90' lang='lat' dir='ltr'>dictum</span> <span class='ocrx_word' id='word_1_39' title='bbox 920 1235 1050 1311; x_wconf 88' lang='lat' dir='ltr'>Tanne</span> <span class='ocrx_word' id='word_1_40' title='bbox 1075 1233 1224 1312; x_wconf 83' lang='lat' dir='ltr'>dicebat</span> <span class='ocrx_word' id='word_1_41' title='bbox 1248 1233 1319 1310; x_wconf 84' lang='lat' dir='ltr'>sibi</span> <span class='ocrx_word' id='word_1_42' title='bbox 1344 1235 1465 1312; x_wconf 87' lang='lat' dir='ltr'>teneri</span> <span class='ocrx_word' id='word_1_43' title='bbox 1488 1235 1654 1324; x_wconf 83' lang='lat' dir='ltr'><strong>racione,</strong></span> <span class='ocrx_word' id='word_1_44' title='bbox 1677 1234 1869 1342; x_wconf 74' lang='lat' dir='ltr'>cujusdam</span> <span class='ocrx_word' id='word_1_45' title='bbox 1886 1269 1934 1316; x_wconf 83' lang='lat' dir='ltr'>ac·</span> 
     </span>
     <span class='ocr_line' id='line_1_6' title="bbox 532 1355 2015 1473; baseline 0.006 -36"><span class='ocrx_word' id='word_1_46' title='bbox 532 1355 657 1450; x_wconf 89' lang='lat' dir='ltr'>oense,</span> <span class='ocrx_word' id='word_1_47' title='bbox 684 1377 798 1469; x_wconf 88' lang='lat' dir='ltr'>prout</span> <span class='ocrx_word' id='word_1_48' title='bbox 818 1362 1079 1442; x_wconf 84' lang='lat' dir='ltr'>continebatur</span> <span class='ocrx_word' id='word_1_49' title='bbox 1099 1365 1138 1440; x_wconf 94' lang='lat' dir='ltr'>in</span> <span class='ocrx_word' id='word_1_50' title='bbox 1158 1364 1319 1472; x_wconf 83' lang='lat' dir='ltr'>quadam</span> <span class='ocrx_word' id='word_1_51' title='bbox 1346 1363 1468 1442; x_wconf 81' lang='lat' dir='ltr'>littere</span> <span class='ocrx_word' id='word_1_52' title='bbox 1492 1365 1616 1473; x_wconf 84' lang='lat' dir='ltr'>sigillo</span> <span class='ocrx_word' id='word_1_53' title='bbox 1640 1365 1830 1444; x_wconf 76' lang='lat' dir='ltr'>Castelleti</span> <span class='ocrx_word' id='word_1_54' title='bbox 1850 1369 1933 1446; x_wconf 79' lang='lat' dir='ltr'>Pari·</span> <span class='ocrx_word' id='word_1_55' title='bbox 2010 1379 2015 1391; x_wconf 83' lang='lat'><strong><em>&#39;</em></strong></span> 
     </span>
     <span class='ocr_line' id='line_1_7' title="bbox 532 1489 1934 1602; baseline 0.006 -35"><span class='ocrx_word' id='word_1_56' title='bbox 532 1489 663 1568; x_wconf 81' lang='lat' dir='ltr'>siensie</span> <span class='ocrx_word' id='word_1_57' title='bbox 679 1491 855 1598; x_wconf 79' lang='lat' dir='ltr'>sigillato,</span> <span class='ocrx_word' id='word_1_58' title='bbox 877 1493 1026 1571; x_wconf 80' lang='lat' dir='ltr'>racione</span> <span class='ocrx_word' id='word_1_59' title='bbox 1051 1494 1158 1602; x_wconf 85' lang='lat' dir='ltr'>cujus</span> <span class='ocrx_word' id='word_1_60' title='bbox 1177 1521 1331 1572; x_wconf 78' lang='lat' dir='ltr'>accense</span> <span class='ocrx_word' id='word_1_61' title='bbox 1351 1494 1475 1599; x_wconf 79' lang='lat' dir='ltr'>dictus</span> <span class='ocrx_word' id='word_1_62' title='bbox 1492 1497 1624 1573; x_wconf 81' lang='lat' dir='ltr'>Tenue</span> <span class='ocrx_word' id='word_1_63' title='bbox 1644 1495 1771 1573; x_wconf 87' lang='lat' dir='ltr'>eidem</span> <span class='ocrx_word' id='word_1_64' title='bbox 1794 1497 1934 1576; x_wconf 81' lang='lat' dir='ltr'>lohanni</span> 
     </span>
     <span class='ocr_line' id='line_1_8' title="bbox 530 1621 2048 1736; baseline 0.001 -36"><span class='ocrx_word' id='word_1_65' title='bbox 530 1621 745 1712; x_wconf 72' lang='lat' dir='ltr'>tenebatur,</span> <span class='ocrx_word' id='word_1_66' title='bbox 762 1640 806 1700; x_wconf 89' lang='lat' dir='ltr'>ut</span> <span class='ocrx_word' id='word_1_67' title='bbox 818 1622 984 1714; x_wconf 87' lang='lat' dir='ltr'>dicebat,</span> <span class='ocrx_word' id='word_1_68' title='bbox 1003 1625 1041 1701; x_wconf 92' lang='lat' dir='ltr'>in</span> <span class='ocrx_word' id='word_1_69' title='bbox 1059 1625 1157 1701; x_wconf 81' lang='lat' dir='ltr'>dicte</span> <span class='ocrx_word' id='word_1_70' title='bbox 1176 1625 1335 1730; x_wconf 82' lang='lat' dir='ltr'>pecunie</span> <span class='ocrx_word' id='word_1_71' title='bbox 1350 1653 1499 1702; x_wconf 81' lang='lat' dir='ltr'>summa</span> <span class='ocrx_word' id='word_1_72' title='bbox 1511 1625 1570 1706; x_wconf 77' lang='lat' dir='ltr'>vel</span> <span class='ocrx_word' id='word_1_73' title='bbox 1585 1627 1698 1714; x_wconf 82' lang='lat' dir='ltr'>circa,</span> <span class='ocrx_word' id='word_1_74' title='bbox 1714 1656 1828 1732; x_wconf 82' lang='lat' dir='ltr'>quem</span> <span class='ocrx_word' id='word_1_75' title='bbox 1841 1657 1935 1736; x_wconf 87' lang='lat' dir='ltr'>pecu-</span> <span class='ocrx_word' id='word_1_76' title='bbox 2044 1693 2048 1701; x_wconf 87' lang='grc'>.</span> 
     </span>
     <span class='ocr_line' id='line_1_9' title="bbox 530 1753 1933 1863; baseline 0.004 -32"><span class='ocrx_word' id='word_1_77' title='bbox 530 1753 648 1842; x_wconf 77' lang='lat' dir='ltr'>mam,</span> <span class='ocrx_word' id='word_1_78' title='bbox 661 1771 747 1832; x_wconf 84' lang='lat' dir='ltr'>ante</span> <span class='ocrx_word' id='word_1_79' title='bbox 760 1755 997 1833; x_wconf 73' lang='lat' dir='ltr'>emotionem</span> <span class='ocrx_word' id='word_1_80' title='bbox 1011 1757 1100 1834; x_wconf 87' lang='lat' dir='ltr'>dicti</span> <span class='ocrx_word' id='word_1_81' title='bbox 1116 1757 1262 1846; x_wconf 82' lang='lat' dir='ltr'>arresti,</span> <span class='ocrx_word' id='word_1_82' title='bbox 1274 1758 1427 1863; x_wconf 80' lang='lat' dir='ltr'>petebat</span> <span class='ocrx_word' id='word_1_83' title='bbox 1439 1757 1543 1835; x_wconf 88' lang='lat' dir='ltr'>idem</span> <span class='ocrx_word' id='word_1_84' title='bbox 1554 1757 1747 1836; x_wconf 74' lang='lat' dir='ltr'>lohannes</span> <span class='ocrx_word' id='word_1_85' title='bbox 1758 1759 1828 1835; x_wconf 82' lang='lat' dir='ltr'>sibi</span> <span class='ocrx_word' id='word_1_86' title='bbox 1842 1761 1933 1849; x_wconf 67' lang='lat' dir='ltr'>solvi,</span> 
     </span>
     <span class='ocr_line' id='line_1_10' title="bbox 532 1884 1935 1996; baseline 0.004 -36"><span class='ocrx_word' id='word_1_87' title='bbox 532 1884 656 1962; x_wconf 86' lang='lat' dir='ltr'>dictus</span> <span class='ocrx_word' id='word_1_88' title='bbox 673 1885 903 1991; x_wconf 74' lang='lat' dir='ltr'>prepositus,</span> <span class='ocrx_word' id='word_1_89' title='bbox 920 1887 1071 1994; x_wconf 84' lang='lat' dir='ltr'>cognito</span> <span class='ocrx_word' id='word_1_90' title='bbox 1093 1887 1141 1963; x_wconf 88' lang='lat' dir='ltr'>de</span> <span class='ocrx_word' id='word_1_91' title='bbox 1154 1887 1321 1992; x_wconf 77' lang='lat' dir='ltr'>predicte</span> <span class='ocrx_word' id='word_1_92' title='bbox 1339 1915 1464 1980; x_wconf 78' lang='lat' dir='ltr'>muse,</span> <span class='ocrx_word' id='word_1_93' title='bbox 1479 1891 1707 1996; x_wconf 69' lang='lat' dir='ltr'>attentisque</span> <span class='ocrx_word' id='word_1_94' title='bbox 1720 1890 1935 1996; x_wconf 83' lang='lat' dir='ltr'>probucioni·</span> 
     </span>
     <span class='ocr_line' id='line_1_11' title="bbox 531 2014 1935 2127; baseline 0.006 -36"><span class='ocrx_word' id='word_1_95' title='bbox 531 2014 604 2092; x_wconf 86' lang='lat' dir='ltr'>bus</span> <span class='ocrx_word' id='word_1_96' title='bbox 623 2031 662 2094; x_wconf 85' lang='lat' dir='ltr'>et</span> <span class='ocrx_word' id='word_1_97' title='bbox 681 2014 964 2094; x_wconf 73' lang='lat' dir='ltr'>defensionibus</span> <span class='ocrx_word' id='word_1_98' title='bbox 989 2017 1241 2123; x_wconf 76' lang='lat' dir='ltr'>predictarum</span> <span class='ocrx_word' id='word_1_99' title='bbox 1261 2019 1451 2124; x_wconf 73' lang='lat' dir='ltr'>parcium,</span> <span class='ocrx_word' id='word_1_100' title='bbox 1471 2036 1510 2096; x_wconf 92' lang='lat' dir='ltr'>et</span> <span class='ocrx_word' id='word_1_101' title='bbox 1529 2020 1767 2100; x_wconf 76' lang='lat' dir='ltr'>considerato</span> <span class='ocrx_word' id='word_1_102' title='bbox 1784 2037 1935 2127; x_wconf 87' lang='lat' dir='ltr'>tempore</span> 
     </span>
     <span class='ocr_line' id='line_1_12' title="bbox 531 2146 1936 2254; baseline 0.004 -31"><span class='ocrx_word' id='word_1_103' title='bbox 531 2146 700 2250; x_wconf 77' lang='lat' dir='ltr'>predicte</span> <span class='ocrx_word' id='word_1_104' title='bbox 718 2172 889 2237; x_wconf 78' lang='lat' dir='ltr'>occense,</span> <span class='ocrx_word' id='word_1_105' title='bbox 909 2175 978 2254; x_wconf 88' lang='lat' dir='ltr'>per</span> <span class='ocrx_word' id='word_1_106' title='bbox 993 2149 1098 2254; x_wconf 85' lang='lat' dir='ltr'>quod</span> <span class='ocrx_word' id='word_1_107' title='bbox 1120 2148 1242 2226; x_wconf 72' lang='lat' dir='ltr'>dictus</span> <span class='ocrx_word' id='word_1_108' title='bbox 1262 2151 1392 2226; x_wconf 77' lang='lat' dir='ltr'>Tenue</span> <span class='ocrx_word' id='word_1_109' title='bbox 1413 2151 1567 2228; x_wconf 77' lang='lat' dir='ltr'>oeesavit</span> <span class='ocrx_word' id='word_1_110' title='bbox 1584 2150 1730 2229; x_wconf 71' lang='lat' dir='ltr'>solvere</span> <span class='ocrx_word' id='word_1_111' title='bbox 1749 2152 1881 2228; x_wconf 73' lang='lat' dir='ltr'>diuum</span> <span class='ocrx_word' id='word_1_112' title='bbox 1892 2181 1936 2229; x_wconf 80' lang='lat' dir='ltr'>tc·</span> 
     </span>
     <span class='ocr_line' id='line_1_13' title="bbox 533 2278 1936 2388; baseline 0.004 -35"><span class='ocrx_word' id='word_1_113' title='bbox 533 2303 681 2354; x_wconf 74' lang='lat' dir='ltr'>centem</span> <span class='ocrx_word' id='word_1_114' title='bbox 692 2335 700 2365; x_wconf 98' lang='lat'>,</span> <span class='ocrx_word' id='word_1_115' title='bbox 713 2278 951 2357; x_wconf 80' lang='lat' dir='ltr'>considerato</span> <span class='ocrx_word' id='word_1_116' title='bbox 966 2279 1085 2356; x_wconf 85' lang='lat' dir='ltr'>eciam</span> <span class='ocrx_word' id='word_1_117' title='bbox 1099 2295 1273 2386; x_wconf 80' lang='lat' dir='ltr'>tempore</span> <span class='ocrx_word' id='word_1_118' title='bbox 1285 2280 1386 2356; x_wconf 86' lang='lat' dir='ltr'>dicte</span> <span class='ocrx_word' id='word_1_119' title='bbox 1399 2279 1477 2357; x_wconf 83' lang='lat' dir='ltr'>litis</span> <span class='ocrx_word' id='word_1_120' title='bbox 1490 2298 1594 2358; x_wconf 86' lang='lat' dir='ltr'>mote</span> <span class='ocrx_word' id='word_1_121' title='bbox 1607 2309 1728 2388; x_wconf 74' lang='lat' dir='ltr'>usque</span> <span class='ocrx_word' id='word_1_122' title='bbox 1746 2283 1794 2359; x_wconf 82' lang='lat' dir='ltr'>ad</span> <span class='ocrx_word' id='word_1_123' title='bbox 1806 2299 1936 2388; x_wconf 73' lang='lat' dir='ltr'>tempus</span> 
     </span>
    </p>

    <p class='ocr_par' dir='ltr' id='par_1_4' title="bbox 360 2408 2098 3829">
     <span class='ocr_line' id='line_1_14' title="bbox 360 2408 1933 2521; baseline 0.005 -36"><span class='ocrx_word' id='word_1_124' title='bbox 360 2430 366 2438; x_wconf 84' lang='lat'><strong>·</strong></span> <span class='ocrx_word' id='word_1_125' title='bbox 533 2435 610 2514; x_wconf 87' lang='lat' dir='ltr'>quo</span> <span class='ocrx_word' id='word_1_126' title='bbox 627 2408 759 2487; x_wconf 75' lang='lat' dir='ltr'>debuit</span> <span class='ocrx_word' id='word_1_127' title='bbox 771 2409 873 2486; x_wconf 88' lang='lat' dir='ltr'>idem</span> <span class='ocrx_word' id='word_1_128' title='bbox 887 2411 1101 2516; x_wconf 76' lang='lat' dir='ltr'>prepositus</span> <span class='ocrx_word' id='word_1_129' title='bbox 1116 2439 1231 2516; x_wconf 79' lang='lat' dir='ltr'>super</span> <span class='ocrx_word' id='word_1_130' title='bbox 1243 2410 1315 2488; x_wconf 88' lang='lat' dir='ltr'>boc</span> <span class='ocrx_word' id='word_1_131' title='bbox 1323 2410 1509 2518; x_wconf 78' lang='lat' dir='ltr'>judicare,</span> <span class='ocrx_word' id='word_1_132' title='bbox 1523 2439 1592 2518; x_wconf 86' lang='lat' dir='ltr'>per</span> <span class='ocrx_word' id='word_1_133' title='bbox 1602 2413 1933 2521; x_wconf 76' lang='lat' dir='ltr'>euumjudiectum,</span> 
     </span>
     <span class='ocr_line' id='line_1_15' title="bbox 533 2539 1937 2652; baseline 0.006 -36"><span class='ocrx_word' id='word_1_134' title='bbox 533 2539 796 2618; x_wconf 83' lang='lat' dir='ltr'>condemnavit</span> <span class='ocrx_word' id='word_1_135' title='bbox 807 2541 952 2616; x_wconf 91' lang='lat' dir='ltr'>dictum</span> <span class='ocrx_word' id='word_1_136' title='bbox 968 2542 1097 2617; x_wconf 78' lang='lat' dir='ltr'>Tenue</span> <span class='ocrx_word' id='word_1_137' title='bbox 1113 2540 1161 2618; x_wconf 76' lang='lat' dir='ltr'>ad</span> <span class='ocrx_word' id='word_1_138' title='bbox 1173 2541 1396 2618; x_wconf 75' lang='lat' dir='ltr'>solvendum</span> <span class='ocrx_word' id='word_1_139' title='bbox 1408 2542 1579 2648; x_wconf 87' lang='lat' dir='ltr'>predicto</span> <span class='ocrx_word' id='word_1_140' title='bbox 1592 2545 1758 2622; x_wconf 81' lang='lat' dir='ltr'>lobunni</span> <span class='ocrx_word' id='word_1_141' title='bbox 1772 2543 1937 2652; x_wconf 60' lang='lat' dir='ltr'>quinve·</span> 
     </span>
     <span class='ocr_line' id='line_1_16' title="bbox 532 2669 1936 2779; baseline 0.002 -32"><span class='ocrx_word' id='word_1_142' title='bbox 532 2670 634 2774; x_wconf 73' lang='lat' dir='ltr'>ginta</span> <span class='ocrx_word' id='word_1_143' title='bbox 656 2687 821 2775; x_wconf 86' lang='lat' dir='ltr'>quatuor</span> <span class='ocrx_word' id='word_1_144' title='bbox 846 2669 960 2747; x_wconf 84' lang='lat' dir='ltr'>libres</span> <span class='ocrx_word' id='word_1_145' title='bbox 980 2671 1224 2761; x_wconf 76' lang='lat' dir='ltr'>Perieiemee,</span> <span class='ocrx_word' id='word_1_146' title='bbox 1252 2699 1321 2777; x_wconf 92' lang='lat' dir='ltr'>pro</span> <span class='ocrx_word' id='word_1_147' title='bbox 1346 2673 1542 2779; x_wconf 73' lang='lat' dir='ltr'>crremgiir</span> <span class='ocrx_word' id='word_1_148' title='bbox 1560 2673 1729 2779; x_wconf 80' lang='lat' dir='ltr'>predicte</span> <span class='ocrx_word' id='word_1_149' title='bbox 1757 2701 1879 2764; x_wconf 79' lang='lat' dir='ltr'>oense,</span> <span class='ocrx_word' id='word_1_150' title='bbox 1898 2674 1936 2750; x_wconf 90' lang='lat' dir='ltr'>de</span> 
     </span>
     <span class='ocr_line' id='line_1_17' title="bbox 533 2799 1937 2912; baseline 0.006 -38"><span class='ocrx_word' id='word_1_151' title='bbox 533 2816 703 2905; x_wconf 82' lang='lat' dir='ltr'>tempore</span> <span class='ocrx_word' id='word_1_152' title='bbox 722 2799 903 2906; x_wconf 85' lang='lat' dir='ltr'>preterito</span> <span class='ocrx_word' id='word_1_153' title='bbox 928 2829 1046 2907; x_wconf 80' lang='lat' dir='ltr'>neque</span> <span class='ocrx_word' id='word_1_154' title='bbox 1069 2802 1119 2880; x_wconf 81' lang='lat' dir='ltr'>ad</span> <span class='ocrx_word' id='word_1_155' title='bbox 1140 2802 1244 2880; x_wconf 89' lang='lat' dir='ltr'>diem</span> <span class='ocrx_word' id='word_1_156' title='bbox 1261 2802 1420 2909; x_wconf 83' lang='lat' dir='ltr'>judicati</span> <span class='ocrx_word' id='word_1_157' title='bbox 1441 2804 1619 2910; x_wconf 83' lang='lat' dir='ltr'>predicti,</span> <span class='ocrx_word' id='word_1_158' title='bbox 1639 2822 1680 2882; x_wconf 84' lang='lat' dir='ltr'>ct</span> <span class='ocrx_word' id='word_1_159' title='bbox 1695 2805 1937 2912; x_wconf 79' lang='lat' dir='ltr'>prommcirtit</span> 
     </span>
     <span class='ocr_line' id='line_1_18' title="bbox 534 2930 1938 3042; baseline 0.003 -34"><span class='ocrx_word' id='word_1_160' title='bbox 534 2930 638 3035; x_wconf 86' lang='lat' dir='ltr'>quod</span> <span class='ocrx_word' id='word_1_161' title='bbox 654 2930 752 3007; x_wconf 76' lang='lat' dir='ltr'>dicta</span> <span class='ocrx_word' id='word_1_162' title='bbox 765 2931 924 3036; x_wconf 70' lang='lat' dir='ltr'>pecemie</span> <span class='ocrx_word' id='word_1_163' title='bbox 940 2949 1117 3010; x_wconf 73' lang='lat' dir='ltr'>arrestata</span> <span class='ocrx_word' id='word_1_164' title='bbox 1132 2932 1414 3024; x_wconf 74' lang='lat' dir='ltr'>deliberabitur,</span> <span class='ocrx_word' id='word_1_165' title='bbox 1432 2962 1554 3041; x_wconf 75' lang='lat' dir='ltr'>unque</span> <span class='ocrx_word' id='word_1_166' title='bbox 1567 2935 1616 3013; x_wconf 85' lang='lat' dir='ltr'>ad</span> <span class='ocrx_word' id='word_1_167' title='bbox 1631 2936 1839 3042; x_wconf 78' lang='lat' dir='ltr'>predictam</span> <span class='ocrx_word' id='word_1_168' title='bbox 1852 2965 1938 3014; x_wconf 81' lang='lat' dir='ltr'>cum-</span> 
     </span>
     <span class='ocr_line' id='line_1_19' title="bbox 534 3059 1936 3172; baseline 0.003 -36"><span class='ocrx_word' id='word_1_169' title='bbox 534 3086 651 3148; x_wconf 78' lang='lat' dir='ltr'>mum,</span> <span class='ocrx_word' id='word_1_170' title='bbox 666 3059 772 3138; x_wconf 85' lang='lat' dir='ltr'>dicto</span> <span class='ocrx_word' id='word_1_171' title='bbox 789 3063 966 3152; x_wconf 80' lang='lat' dir='ltr'>lobanni,</span> <span class='ocrx_word' id='word_1_172' title='bbox 979 3063 1012 3142; x_wconf 80' lang='lat' dir='ltr'>si</span> <span class='ocrx_word' id='word_1_173' title='bbox 1027 3079 1130 3140; x_wconf 78' lang='lat' dir='ltr'>tanta</span> <span class='ocrx_word' id='word_1_174' title='bbox 1144 3063 1193 3142; x_wconf 81' lang='lat' dir='ltr'>eit</span> <span class='ocrx_word' id='word_1_175' title='bbox 1207 3091 1354 3140; x_wconf 81' lang='lat' dir='ltr'>summe</span> <span class='ocrx_word' id='word_1_176' title='bbox 1371 3081 1565 3156; x_wconf 79' lang='lat' dir='ltr'>mreetate,</span> <span class='ocrx_word' id='word_1_177' title='bbox 1582 3080 1625 3142; x_wconf 89' lang='lat' dir='ltr'>et</span> <span class='ocrx_word' id='word_1_178' title='bbox 1640 3066 1766 3172; x_wconf 87' lang='lat' dir='ltr'>quod,</span> <span class='ocrx_word' id='word_1_179' title='bbox 1785 3066 1817 3143; x_wconf 76' lang='lat' dir='ltr'>ei</span> <span class='ocrx_word' id='word_1_180' title='bbox 1831 3065 1936 3141; x_wconf 90' lang='lat' dir='ltr'>minor</span> 
     </span>
     <span class='ocr_line' id='line_1_20' title="bbox 533 3187 1936 3284; baseline 0.004 -20"><span class='ocrx_word' id='word_1_181' title='bbox 533 3187 664 3278; x_wconf 83' lang='lat' dir='ltr'>suerit,</span> <span class='ocrx_word' id='word_1_182' title='bbox 680 3191 804 3270; x_wconf 83' lang='lat' dir='ltr'>dictus</span> <span class='ocrx_word' id='word_1_183' title='bbox 818 3195 947 3272; x_wconf 78' lang='lat' dir='ltr'>Tauno</span> <span class='ocrx_word' id='word_1_184' title='bbox 965 3195 1035 3272; x_wconf 78' lang='lat' dir='ltr'>sibi</span> <span class='ocrx_word' id='word_1_185' title='bbox 1045 3193 1172 3273; x_wconf 77' lang='lat' dir='ltr'>&#39;solvet</span> <span class='ocrx_word' id='word_1_186' title='bbox 1190 3195 1404 3284; x_wconf 72' lang='lat' dir='ltr'>residuum,</span> <span class='ocrx_word' id='word_1_187' title='bbox 1420 3195 1521 3274; x_wconf 74' lang='lat' dir='ltr'>calvo</span> <span class='ocrx_word' id='word_1_188' title='bbox 1541 3197 1658 3274; x_wconf 81' lang='lat' dir='ltr'>eciem</span> <span class='ocrx_word' id='word_1_189' title='bbox 1673 3196 1778 3276; x_wconf 80' lang='lat' dir='ltr'>dicto</span> <span class='ocrx_word' id='word_1_190' title='bbox 1795 3195 1936 3276; x_wconf 83' lang='lat' dir='ltr'>lobonni</span> 
     </span>
     <span class='ocr_line' id='line_1_21' title="bbox 530 3320 2098 3436; baseline 0.006 -39"><span class='ocrx_word' id='word_1_191' title='bbox 530 3320 617 3427; x_wconf 89' lang='lat' dir='ltr'>jure</span> <span class='ocrx_word' id='word_1_192' title='bbox 634 3322 744 3429; x_wconf 80' lang='lat' dir='ltr'>quod</span> <span class='ocrx_word' id='word_1_193' title='bbox 764 3325 844 3431; x_wconf 82' lang='lat' dir='ltr'>ipee</span> <span class='ocrx_word' id='word_1_194' title='bbox 860 3342 986 3431; x_wconf 79' lang='lat' dir='ltr'>potest</span> <span class='ocrx_word' id='word_1_195' title='bbox 1003 3324 1143 3403; x_wconf 85' lang='lat' dir='ltr'>babere</span> <span class='ocrx_word' id='word_1_196' title='bbox 1164 3327 1204 3403; x_wconf 94' lang='lat' dir='ltr'>in</span> <span class='ocrx_word' id='word_1_197' title='bbox 1219 3326 1364 3406; x_wconf 80' lang='lat' dir='ltr'>censiva</span> <span class='ocrx_word' id='word_1_198' title='bbox 1379 3327 1591 3433; x_wconf 76' lang='lat' dir='ltr'>supradicta</span> <span class='ocrx_word' id='word_1_199' title='bbox 1608 3345 1739 3406; x_wconf 79' lang='lat' dir='ltr'>contra</span> <span class='ocrx_word' id='word_1_200' title='bbox 1755 3355 1937 3436; x_wconf 80' lang='lat' dir='ltr'>quoecum-</span> <span class='ocrx_word' id='word_1_201' title='bbox 2097 3372 2098 3381; x_wconf 50' lang='lat'>,</span> 
     </span>
     <span class='ocr_line' id='line_1_22' title="bbox 534 3455 1936 3564; baseline 0.001 -34"><span class='ocrx_word' id='word_1_202' title='bbox 534 3479 629 3557; x_wconf 70' lang='lat' dir='ltr'>que3</span> <span class='ocrx_word' id='word_1_203' title='bbox 646 3481 764 3560; x_wconf 77' lang='lat' dir='ltr'>equo</span> <span class='ocrx_word' id='word_1_204' title='bbox 783 3455 939 3562; x_wconf 88' lang='lat' dir='ltr'>quidem</span> <span class='ocrx_word' id='word_1_205' title='bbox 953 3455 1140 3564; x_wconf 81' lang='lat' dir='ltr'>judicato,</span> <span class='ocrx_word' id='word_1_206' title='bbox 1161 3473 1357 3564; x_wconf 82' lang='lat' dir='ltr'>tumquum</span> <span class='ocrx_word' id='word_1_207' title='bbox 1375 3455 1468 3534; x_wconf 79' lang='lat' dir='ltr'>falso</span> <span class='ocrx_word' id='word_1_208' title='bbox 1488 3473 1526 3535; x_wconf 86' lang='lat' dir='ltr'>et</span> <span class='ocrx_word' id='word_1_209' title='bbox 1539 3483 1670 3563; x_wconf 77' lang='lat' dir='ltr'>pravo,</span> <span class='ocrx_word' id='word_1_210' title='bbox 1689 3457 1812 3537; x_wconf 77' lang='lat' dir='ltr'>dicore</span> <span class='ocrx_word' id='word_1_211' title='bbox 1824 3459 1936 3536; x_wconf 77' lang='lat' dir='ltr'>Tenue</span> 
     </span>
     <span class='ocr_line' id='line_1_23' title="bbox 535 3582 2098 3697; baseline 0.006 -41"><span class='ocrx_word' id='word_1_212' title='bbox 535 3582 584 3658; x_wconf 78' lang='lat' dir='ltr'>ed</span> <span class='ocrx_word' id='word_1_213' title='bbox 602 3601 768 3662; x_wconf 84' lang='lat' dir='ltr'>nostrum</span> <span class='ocrx_word' id='word_1_214' title='bbox 786 3585 928 3664; x_wconf 86' lang='lat' dir='ltr'>curiam</span> <span class='ocrx_word' id='word_1_215' title='bbox 939 3585 1160 3692; x_wconf 79' lang='lat' dir='ltr'>appellarit:</span> <span class='ocrx_word' id='word_1_216' title='bbox 1174 3585 1326 3664; x_wconf 79' lang='lat' dir='ltr'>Auditis</span> <span class='ocrx_word' id='word_1_217' title='bbox 1337 3587 1455 3695; x_wconf 83' lang='lat' dir='ltr'>igitur</span> <span class='ocrx_word' id='word_1_218' title='bbox 1469 3586 1579 3664; x_wconf 74' lang='lat' dir='ltr'>dictis</span> <span class='ocrx_word' id='word_1_219' title='bbox 1591 3587 1773 3694; x_wconf 76' lang='lat' dir='ltr'>pertibus,</span> <span class='ocrx_word' id='word_1_220' title='bbox 1792 3590 1832 3666; x_wconf 92' lang='lat' dir='ltr'>in</span> <span class='ocrx_word' id='word_1_221' title='bbox 1844 3613 1936 3666; x_wconf 73' lang='lat' dir='ltr'>cuum</span> <span class='ocrx_word' id='word_1_222' title='bbox 2097 3646 2098 3697; x_wconf 54' lang='lat'>,</span> 
     </span>
     <span class='ocr_line' id='line_1_24' title="bbox 528 3711 1936 3828; baseline 0.007 -42"><span class='ocrx_word' id='word_1_223' title='bbox 528 3711 800 3818; x_wconf 76' lang='lat' dir='ltr'>eppollecionis</span> <span class='ocrx_word' id='word_1_224' title='bbox 811 3716 996 3820; x_wconf 82' lang='lat' dir='ltr'>predicte,</span> <span class='ocrx_word' id='word_1_225' title='bbox 1017 3733 1054 3793; x_wconf 89' lang='lat' dir='ltr'>et</span> <span class='ocrx_word' id='word_1_226' title='bbox 1064 3716 1152 3793; x_wconf 76' lang='lat' dir='ltr'>visis</span> <span class='ocrx_word' id='word_1_227' title='bbox 1164 3716 1402 3822; x_wconf 69' lang='lat' dir='ltr'>processibus</span> <span class='ocrx_word' id='word_1_228' title='bbox 1412 3717 1529 3823; x_wconf 76' lang='lat' dir='ltr'>partie</span> <span class='ocrx_word' id='word_1_229' title='bbox 1542 3718 1761 3825; x_wconf 80' lang='lat' dir='ltr'>utriusque,</span> <span class='ocrx_word' id='word_1_230' title='bbox 1773 3717 1936 3828; x_wconf 84' lang='lat' dir='ltr'>percurie</span> 
     </span>
    </p>

    <p class='ocr_par' dir='ltr' id='par_1_5' title="bbox 477 3833 2098 4344">
     <span class='ocr_line' id='line_1_25' title="bbox 477 3833 2098 3958; baseline 0.007 -42"><span class='ocrx_word' id='word_1_231' title='bbox 477 3833 480 3840; x_wconf 75' lang='grc'><strong>’</strong></span> <span class='ocrx_word' id='word_1_232' title='bbox 535 3859 662 3918; x_wconf 71' lang='lat' dir='ltr'>noetio</span> <span class='ocrx_word' id='word_1_233' title='bbox 686 3842 892 3949; x_wconf 77' lang='lat' dir='ltr'>judicium,</span> <span class='ocrx_word' id='word_1_234' title='bbox 915 3845 1057 3922; x_wconf 87' lang='lat' dir='ltr'>dictum</span> <span class='ocrx_word' id='word_1_235' title='bbox 1082 3845 1157 3923; x_wconf 82' lang='lat' dir='ltr'>fuit</span> <span class='ocrx_word' id='word_1_236' title='bbox 1179 3846 1392 3954; x_wconf 80' lang='lat' dir='ltr'>predictum</span> <span class='ocrx_word' id='word_1_237' title='bbox 1410 3849 1644 3955; x_wconf 75' lang='lat' dir='ltr'>prepurimm</span> <span class='ocrx_word' id='word_1_238' title='bbox 1663 3848 1762 3928; x_wconf 87' lang='lat' dir='ltr'>bene</span> <span class='ocrx_word' id='word_1_239' title='bbox 1790 3875 1938 3958; x_wconf 88' lang='lat' dir='ltr'>pronun·</span> <span class='ocrx_word' id='word_1_240' title='bbox 2097 3868 2098 3879; x_wconf 57' lang='lat'>¹</span> 
     </span>
     <span class='ocr_line' id='line_1_26' title="bbox 537 3969 1936 4088; baseline 0.009 -44"><span class='ocrx_word' id='word_1_241' title='bbox 537 3969 666 4059; x_wconf 74' lang='lat' dir='ltr'>ciuem,</span> <span class='ocrx_word' id='word_1_242' title='bbox 682 3986 719 4050; x_wconf 87' lang='lat' dir='ltr'>et</span> <span class='ocrx_word' id='word_1_243' title='bbox 731 3972 876 4051; x_wconf 87' lang='lat' dir='ltr'>dictum</span> <span class='ocrx_word' id='word_1_244' title='bbox 890 3975 1022 4052; x_wconf 80' lang='lat' dir='ltr'>Tenue</span> <span class='ocrx_word' id='word_1_245' title='bbox 1032 3975 1130 4053; x_wconf 84' lang='lat' dir='ltr'>male</span> <span class='ocrx_word' id='word_1_246' title='bbox 1143 3976 1367 4084; x_wconf 67' lang='lat' dir='ltr'>appellasse,</span> <span class='ocrx_word' id='word_1_247' title='bbox 1379 3979 1534 4087; x_wconf 84' lang='lat' dir='ltr'>etquod</span> <span class='ocrx_word' id='word_1_248' title='bbox 1546 3979 1627 4088; x_wconf 75' lang='lat' dir='ltr'>ipse</span> <span class='ocrx_word' id='word_1_249' title='bbox 1638 3981 1713 4059; x_wconf 90' lang='lat' dir='ltr'>boc</span> <span class='ocrx_word' id='word_1_250' title='bbox 1724 3977 1936 4060; x_wconf 73' lang='lat' dir='ltr'>emendabit</span> 
     </span>
     <span class='ocr_line' id='line_1_27' title="bbox 590 4101 1360 4186; baseline 0.009 -7"><span class='ocrx_word' id='word_1_251' title='bbox 590 4101 787 4182; x_wconf 76' lang='lat' dir='ltr'>Dominica</span> <span class='ocrx_word' id='word_1_252' title='bbox 801 4119 887 4184; x_wconf 80' lang='lat' dir='ltr'>unte</span> <span class='ocrx_word' id='word_1_253' title='bbox 905 4105 1173 4186; x_wconf 77' lang='lat' dir='ltr'>Ascencionem</span> <span class='ocrx_word' id='word_1_254' title='bbox 1192 4108 1360 4186; x_wconf 88' lang='lat' dir='ltr'>Domini.</span> 
     </span>
     <span class='ocr_line' id='line_1_28' title="bbox 592 4215 979 4344; baseline 0.005 -32"><span class='ocrx_word' id='word_1_255' title='bbox 592 4233 699 4312; x_wconf 90' lang='lat' dir='ltr'>Creci</span> <span class='ocrx_word' id='word_1_256' title='bbox 718 4239 931 4344; x_wconf 76' lang='lat' dir='ltr'>reportavit.</span> <span class='ocrx_word' id='word_1_257' title='bbox 975 4215 979 4224; x_wconf 43' lang='grc'><strong>’</strong></span> 
     </span>
    </p>
   </div>
   <div class='ocr_carea' id='block_1_3' title="bbox 536 4499 2098 5137">
    <p class='ocr_par' dir='ltr' id='par_1_6' title="bbox 536 4499 2098 5167">
     <span class='ocr_line' id='line_1_29' title="bbox 592 4499 2098 4613; baseline 0.002 -40"><span class='ocrx_word' id='word_1_258' title='bbox 592 4499 748 4578; x_wconf 89' lang='lat' dir='ltr'><strong>LXXIV.</strong></span> <span class='ocrx_word' id='word_1_259' title='bbox 778 4499 875 4577; x_wconf 87' lang='lat' dir='ltr'>Cum</span> <span class='ocrx_word' id='word_1_260' title='bbox 896 4500 1085 4580; x_wconf 86' lang='lat' dir='ltr'>lohannes</span> <span class='ocrx_word' id='word_1_261' title='bbox 1109 4503 1231 4582; x_wconf 82' lang='lat' dir='ltr'>dictus</span> <span class='ocrx_word' id='word_1_262' title='bbox 1254 4504 1416 4582; x_wconf 80' lang='lat' dir='ltr'>Puchois</span> <span class='ocrx_word' id='word_1_263' title='bbox 1440 4523 1669 4613; x_wconf 72' lang='lat' dir='ltr'>conquestus</span> <span class='ocrx_word' id='word_1_264' title='bbox 1692 4507 1801 4584; x_wconf 84' lang='lat' dir='ltr'>nobis</span> <span class='ocrx_word' id='word_1_265' title='bbox 1823 4503 1937 4582; x_wconf 73' lang='lat' dir='ltr'>luisset</span> <span class='ocrx_word' id='word_1_266' title='bbox 2097 4544 2098 4555; x_wconf 27' lang='grc' dir='ltr'><strong>κ</strong></span> 
     </span>
     <span class='ocr_line' id='line_1_30' title="bbox 536 4629 1935 4744; baseline 0.004 -41"><span class='ocrx_word' id='word_1_267' title='bbox 536 4629 656 4733; x_wconf 90' lang='lat' dir='ltr'>quod,</span> <span class='ocrx_word' id='word_1_268' title='bbox 674 4656 759 4706; x_wconf 90' lang='lat' dir='ltr'>cum</span> <span class='ocrx_word' id='word_1_269' title='bbox 774 4631 858 4708; x_wconf 90' lang='lat' dir='ltr'>Huo</span> <span class='ocrx_word' id='word_1_270' title='bbox 874 4630 921 4707; x_wconf 88' lang='lat' dir='ltr'>de</span> <span class='ocrx_word' id='word_1_271' title='bbox 934 4631 1290 4723; x_wconf 78' lang='lat' dir='ltr'>Fullenis,&#39;ballivus</span> <span class='ocrx_word' id='word_1_272' title='bbox 1303 4633 1580 4728; x_wconf 82' lang='lat' dir='ltr'>Ambienensis,</span> <span class='ocrx_word' id='word_1_273' title='bbox 1592 4637 1735 4744; x_wconf 82' lang='lat' dir='ltr'>ipsum,</span> <span class='ocrx_word' id='word_1_274' title='bbox 1751 4636 1883 4742; x_wconf 78' lang='lat' dir='ltr'>absque</span> <span class='ocrx_word' id='word_1_275' title='bbox 1897 4657 1935 4707; x_wconf 88' lang='lat' dir='ltr'>eo</span> 
     </span>
     <span class='ocr_line' id='line_1_31' title="bbox 537 4756 1936 4868; baseline 0.002 -32"><span class='ocrx_word' id='word_1_276' title='bbox 537 4756 641 4864; x_wconf 90' lang='lat' dir='ltr'>quod</span> <span class='ocrx_word' id='word_1_277' title='bbox 664 4758 711 4838; x_wconf 86' lang='lat' dir='ltr'>de</span> <span class='ocrx_word' id='word_1_278' title='bbox 733 4760 862 4868; x_wconf 83' lang='lat' dir='ltr'>aliquo</span> <span class='ocrx_word' id='word_1_279' title='bbox 887 4762 1042 4840; x_wconf 85' lang='lat' dir='ltr'>crimine</span> <span class='ocrx_word' id='word_1_280' title='bbox 1065 4781 1258 4862; x_wconf 77' lang='lat' dir='ltr'>¹nocustttus</span> <span class='ocrx_word' id='word_1_281' title='bbox 1278 4793 1347 4843; x_wconf 84' lang='lat' dir='ltr'>eeu</span> <span class='ocrx_word' id='word_1_282' title='bbox 1368 4766 1558 4850; x_wconf 79' lang='lat' dir='ltr'>convietus</span> <span class='ocrx_word' id='word_1_283' title='bbox 1576 4765 1725 4859; x_wconf 74' lang='lat' dir='ltr'>luisset,</span> <span class='ocrx_word' id='word_1_284' title='bbox 1746 4768 1787 4843; x_wconf 82' lang='lat' dir='ltr'>in</span> <span class='ocrx_word' id='word_1_285' title='bbox 1805 4766 1936 4843; x_wconf 75' lang='lat' dir='ltr'>firmata</span> 
     </span>
     <span class='ocr_line' id='line_1_32' title="bbox 536 4888 2098 5004; baseline 0.004 -37"><span class='ocrx_word' id='word_1_286' title='bbox 536 4888 716 4995; x_wconf 71' lang='lat' dir='ltr'>prisione,</span> <span class='ocrx_word' id='word_1_287' title='bbox 734 4916 803 4996; x_wconf 85' lang='lat' dir='ltr'>per</span> <span class='ocrx_word' id='word_1_288' title='bbox 816 4892 945 5000; x_wconf 83' lang='lat' dir='ltr'>viginti</span> <span class='ocrx_word' id='word_1_289' title='bbox 962 4894 1123 4972; x_wconf 82' lang='lat' dir='ltr'>duarum</span> <span class='ocrx_word' id='word_1_290' title='bbox 1138 4895 1432 5002; x_wconf 67' lang='lat' dir='ltr'>septimanarum</span> <span class='ocrx_word' id='word_1_291' title='bbox 1448 4897 1630 5004; x_wconf 76' lang='lat' dir='ltr'>spacium,</span> <span class='ocrx_word' id='word_1_292' title='bbox 1644 4898 1828 4977; x_wconf 79' lang='lat' dir='ltr'>tenuisset</span> <span class='ocrx_word' id='word_1_293' title='bbox 1845 4921 1936 4973; x_wconf 82' lang='lat' dir='ltr'>man·</span> <span class='ocrx_word' id='word_1_294' title='bbox 2097 4950 2098 4993; x_wconf 25' lang='grc' dir='ltr'>ξ</span> 
     </span>
     <span class='ocr_line' id='line_1_33' title="bbox 539 5020 1936 5137; baseline 0.004 -42"><span class='ocrx_word' id='word_1_295' title='bbox 539 5021 720 5127; x_wconf 82' lang='lat' dir='ltr'>cipetum,</span> <span class='ocrx_word' id='word_1_296' title='bbox 743 5037 781 5098; x_wconf 88' lang='lat' dir='ltr'>et</span> <span class='ocrx_word' id='word_1_297' title='bbox 801 5020 903 5114; x_wconf 87' lang='lat' dir='ltr'>licet,</span> <span class='ocrx_word' id='word_1_298' title='bbox 920 5041 963 5102; x_wconf 87' lang='lat' dir='ltr'>ut</span> <span class='ocrx_word' id='word_1_299' title='bbox 979 5025 1144 5116; x_wconf 85' lang='lat' dir='ltr'>dicebat,</span> <span class='ocrx_word' id='word_1_300' title='bbox 1167 5026 1310 5105; x_wconf 89' lang='lat' dir='ltr'>dictum</span> <span class='ocrx_word' id='word_1_301' title='bbox 1327 5027 1509 5106; x_wconf 73' lang='lat' dir='ltr'>ballivum</span> <span class='ocrx_word' id='word_1_302' title='bbox 1526 5028 1667 5136; x_wconf 70' lang='lat' dir='ltr'>plin-ies</span> <span class='ocrx_word' id='word_1_303' title='bbox 1680 5029 1936 5137; x_wconf 67' lang='lat' dir='ltr'>requisierunt</span> 
     </span>
    </p>
   </div>
   <div class='ocr_carea' id='block_1_4' title="bbox 0 0 2234 6209">
    <p class='ocr_par' dir='ltr' id='par_1_7' title="bbox 0 0 2234 6209">
     <span class='ocr_line' id='line_1_34' title="bbox 0 0 2234 6209; baseline 0 0"><span class='ocrx_word' id='word_1_304' title='bbox 0 0 2234 6209; x_wconf 95' lang='lat' dir='ltr'> </span> 
     </span>
    </p>
   </div>
  </div>
 </body>
</html>
