4450 6209
729 717 992 825 annutans
1017 730 1081 805 nr
1106 710 1312 807 raucas.
1448 746 1456 753 ·
1683 732 1730 804 aa

308 878 411 960 etde
429 876 634 966 Louviller,
655 874 695 953 in
714 875 792 955 suis
810 874 976 956 hostisiis
995 892 1034 953 et
1052 873 1092 952 in
1111 870 1298 953 trefimdis
1313 900 1388 980 que
1403 884 1582 950 tenentur
1600 868 1647 949 ab
1662 873 1733 951 eis·
1765 880 1894 935 numm
1914 879 1957 942 Ν,

309 1015 413 1102 dem,
436 1028 534 1091 etse
553 1034 643 1088 usos
661 1005 776 1087 fuisse
796 1006 930 1087 saisina
949 1005 1049 1086 dicte
1064 1004 1214 1115 justicie
1232 1005 1374 1114 longao
1392 1022 1561 1111 tempore
1581 1004 1621 1080 in
1639 1005 1732 1083 locis
1834 972 1897 1015 lm

308 1142 504 1251 predictis,
525 1168 595 1248 per
614 1168 655 1217 se
668 1138 728 1219 vel
741 1169 810 1247 per
827 1156 957 1249 gentes
978 1166 1080 1229 suas,
1100 1138 1315 1217 asserebant
1330 1134 1446 1215 eciam
1469 1135 1613 1213 dictum
1632 1136 1733 1212 mili-

306 1292 384 1352 tem
411 1302 490 1362 eos,
513 1288 553 1349 et
571 1270 653 1349 sine
674 1298 801 1360 causa,
823 1270 962 1379 injuste
986 1270 1171 1377 impedire
1192 1269 1232 1346 in
1260 1268 1357 1347 dicta
1382 1267 1533 1357 saisina,
1561 1266 1735 1380 videlicet

308 1404 428 1483 scindi
448 1395 619 1480 faciendo
639 1402 752 1509 hayas
769 1426 837 1479 seu
852 1396 1005 1493 dumos,
1023 1417 1062 1478 et
1076 1402 1194 1479 eciam
1212 1399 1394 1480 emendas
1407 1416 1446 1476 et
1460 1426 1607 1505 aspavas
1621 1395 1734 1477 levari

308 1533 500 1624 faciendo,
523 1550 561 1612 et
580 1532 736 1610 nitendo
757 1532 878 1611 facere
892 1560 1097 1641 garennam
1112 1550 1215 1611 extra
1230 1560 1385 1611 nemora
1406 1529 1525 1608 suain
1546 1529 1637 1608 locis
1651 1560 1736 1637 pre·

308 1668 434 1760 dictis,
463 1667 503 1743 in
529 1665 781 1773 prejudicium
807 1665 996 1743 dictorum
1021 1664 1152 1743 decani
1182 1681 1221 1744 et
1245 1663 1412 1771 capituli,
1441 1662 1615 1741 saisinam
1639 1663 1737 1741 dicte

303 1798 456 1905 justicie
480 1796 671 1874 dictorum
693 1794 823 1874 decani
849 1812 887 1873 et
910 1794 1064 1904 capituli
1089 1796 1335 1903 impediendo
1361 1822 1429 1873 seu
1451 1796 1568 1872 eciam
1587 1812 1735 1901 pertur-

307 1928 453 2021 band03
481 1956 595 2036 quare
617 1928 798 2036 petebant
815 1955 885 2035 per
909 1956 979 2007 nos
1002 1928 1183 2007 declarari
1208 1928 1381 2007 saisinam
1403 1927 1502 2005 dicte
1519 1926 1677 2035 justicie·
1690 1926 1738 2003 ad

310 2086 376 2137 eos
392 2057 584 2166 pertinere
600 2075 640 2137 et
654 2057 825 2168 predicta
839 2056 1114 2166 impedimenta
1129 2059 1313 2151 amoveri,
1328 2057 1428 2137 dicto
1448 2056 1569 2135 milite
1589 2057 1629 2135 in
1649 2084 1738 2135 con-

308 2190 466 2269 trarium
486 2207 673 2271 asserente
693 2220 732 2270 se
746 2192 848 2301 juste
863 2219 974 2298 posse
993 2190 1162 2298 predicta
1180 2190 1300 2271 facere
1322 2209 1360 2269 et
1380 2220 1418 2269 se
1440 2218 1519 2269 esse
1541 2188 1581 2266 in
1602 2188 1737 2267 saisina

308 2320 469 2399 faciendi
484 2321 672 2428 predicta:
689 2321 877 2411 Tandem,
895 2320 989 2399 sacta
1002 2350 1117 2431 super
1135 2324 1224 2411 hoc,
1247 2321 1295 2399 de
1313 2322 1492 2399 mandato
1510 2338 1655 2411 nostro,
1679 2322 1736 2397 in-

309 2468 457 2558 questa,
479 2478 523 2528 ea
541 2450 619 2529 visa
637 2467 675 2527 et
693 2450 894 2559 diiigenter
921 2450 1147 2542 examinata,
1168 2480 1236 2559 per
1263 2454 1364 2529 curie
1386 2468 1512 2529 nostre
1527 2448 1734 2558 judicium,

310 2581 603 2690 pronunciatum
627 2580 699 2658 suit
723 2580 898 2657 saisinam
919 2578 1018 2657 dicte
1033 2582 1186 2689 justicie
1206 2580 1254 2657 ad
1275 2582 1392 2659 dictos
1413 2582 1598 2657 decanum
1620 2600 1658 2657 et
1677 2612 1737 2658 ca-

308 2712 475 2818 pitulum
494 2713 684 2819 pertinere
707 2713 747 2790 in
772 2710 939 2789 hostisiis
964 2712 1042 2789 suis
1065 2728 1103 2788 et
1128 2711 1168 2788 in
1191 2711 1379 2790 treiundis
1400 2713 1466 2819 qui
1490 2730 1669 2791 tenentur
1689 2715 1737 2792 ab

309 2841 453 2919 eisdem
478 2859 516 2920 et
537 2841 705 2950 predicta
731 2842 1002 2948 impedimenta
1029 2842 1169 2920 debere
1195 2843 1375 2932 amoveri,
1403 2870 1444 2919 ac
1464 2842 1606 2920 dictum
1627 2845 1735 2951 Regi·

310 2972 467 3051 naidum
486 3000 689 3082 garennam
706 2973 828 3051 facere
847 3000 925 3051 non
937 3000 1062 3080 posse,
1086 2990 1188 3052 extra
1206 3002 1361 3055 nemora
1381 3002 1459 3066 sua,
1480 2975 1519 3051 in
1539 2974 1632 3053 locis
1650 3004 1736 3081 pre·

310 3104 437 3193 dictis,
464 3103 504 3180 in
528 3120 712 3211 quantum
732 3104 849 3212 tangit
868 3103 1054 3181 decanum
1076 3121 1114 3180 et
1133 3102 1338 3211 capitulum
1359 3105 1603 3211 supradictos.
1624 3106 1734 3195 Item,

310 3261 397 3310 cum
409 3232 508 3311 'dicti
529 3234 693 3313 decanus
712 3250 750 3312 et
768 3232 973 3340 capitidum
995 3253 1205 3313 assererent
1224 3264 1264 3314 se
1284 3236 1423 3314 habere
1441 3235 1480 3311 in
1501 3235 1599 3313 villis
1615 3254 1652 3313 et
1666 3253 1737 3314 ten

309 3365 448 3442 ritoriis
463 3366 641 3471 predictis
660 3365 741 3444 ioca
760 3366 977 3443 communia
996 3396 1085 3444 cum
1099 3366 1201 3445 dicto
1215 3366 1352 3455 milite,
1369 3384 1406 3443 et
1419 3363 1535 3443 eciam
1545 3364 1736 3472 justiciam

312 3524 554 3573 communem
580 3496 620 3575 in
648 3495 827 3605 predictis
853 3496 963 3587 locis,
993 3513 1032 3576 et
1059 3526 1100 3576 se
1128 3526 1208 3577 esse
1237 3498 1277 3574 in
1304 3497 1436 3576 saisina
1464 3497 1562 3575 dicte
1585 3498 1736 3605 justicie

312 3627 539 3721 communis,
561 3640 600 3706 et
618 3628 782 3707 habendi
798 3656 865 3707 seu
885 3628 1031 3707 levandi
1047 3646 1085 3707 et
1101 3628 1350 3737 percipiendi,
1372 3658 1440 3735 per
1458 3655 1545 3707 suos
1563 3631 1737 3737 proprios

311 3758 528 3848 servientes,
544 3758 785 3837 medietatem
802 3759 1051 3837 emendarum
1067 3778 1105 3837 et
1124 3758 1286 3839 aliorum
1301 3760 1469 3837 exituum
1491 3787 1557 3837 seu
1576 3788 1736 3868 proven·

310 3904 421 3965 tuum
441 3916 485 3966 ex
506 3888 605 3967 dicta
618 3889 770 3997 justicia
789 3892 983 3969 communi
1003 3892 1329 3999 proveniendum,
1355 3906 1638 3998 assererentque
1660 3892 1737 3969 dic·

310 4036 393 4095 tum
417 4020 580 4098 militem
605 4050 670 4100 eos
689 4023 828 4130 injuste
849 4039 886 4100 et
904 4024 985 4101 sine
1004 4053 1114 4103 causa
1138 4024 1324 4134 impedire
1352 4025 1390 4102 in
1415 4022 1611 4130 predictis,
1633 4026 1737 4101 vide·

310 4150 400 4228 licet
424 4153 677 4259 apropriando
701 4154 869 4260 predicta
896 4155 977 4233 loca
1003 4156 1237 4248 communia,
1271 4174 1309 4235 et
1335 4155 1488 4234 arbores
1514 4182 1736 4233 communes

311 4281 432 4358 scindi
453 4299 491 4360 et
514 4284 699 4391 apportari
724 4284 913 4376 faciendo,
943 4303 981 4363 et
1007 4287 1187 4365 emendas
1211 4315 1432 4366 communes
1458 4302 1496 4363 et
1520 4314 1667 4392 aspavas
1685 4285 1737 4362 le-

261 4389 268 4400 ·
310 4411 387 4489 vari
412 4412 599 4509 faciendo,
624 4431 663 4491 et
687 4414 758 4492 sibi
779 4415 1074 4522 appropriando,
1097 4432 1136 4495 et
1160 4418 1286 4495 dando
1311 4435 1429 4495 terras
1449 4444 1670 4493 communes
1689 4417 1738 4493 ad

312 4570 467 4621 censum
493 4562 538 4622 et
556 4544 806 4653 apropriando
830 4546 901 4624 sibi
929 4545 1184 4625 emolumenta
1207 4547 1472 4653 proveniencia
1497 4573 1538 4623 ex
1564 4545 1674 4635 inde,
1700 4566 1737 4625 et

313 4672 429 4751 eciam
453 4670 596 4781 plantas
615 4675 655 4752 in
678 4675 770 4756 locis
794 4677 1061 4757 communibus
1084 4674 1293 4784 plantando
1316 4692 1354 4756 et
1373 4677 1444 4755 sibi
1466 4678 1735 4785 apropriando,

312 4832 387 4910 que
408 4806 535 4882 omnia
554 4824 592 4883 et
608 4805 756 4915 singula
774 4807 991 4887 communia
1011 4836 1091 4887 esse
1109 4808 1308 4896 deberent;
1329 4836 1444 4917 quare
1460 4807 1638 4915 petebant
1652 4836 1739 4914 pre·

313 4934 412 5011 dicta
430 4936 703 5044 impedimenta
721 4939 902 5031 amoveri,
925 4938 1027 5017 dicto
1042 4940 1163 5017 milite
1183 4938 1223 5016 in
1243 4941 1471 5018 contrarium
1494 4954 1680 5018 asserente
1702 4956 1740 5015 et

313 5065 463 5144 dicente
481 5096 523 5145 se
541 5061 708 5174 predicta
722 5070 822 5177 juste
841 5097 952 5176 posse
971 5068 1110 5164 facere,
1134 5088 1171 5149 et
1186 5100 1301 5149 omne
1317 5072 1615 5149 emolumentum
1633 5070 1738 5177 quod
