4450 6209
729 700 995 807 suoosrns
1020 717 1084 789 rr
1112 696 1318 789 esoces.
1664 714 1732 789 aar

317 861 403 969 quia
421 860 615 937 inventum
636 876 692 937 est
710 859 939 938 sufficienter
952 858 1154 966 probatum
1171 858 1316 935 dictum
1336 856 1536 956 dominum
1551 855 1599 933 de
1618 858 1739 935 Buxe-
1776 864 1960 930 mourut,

316 992 370 1069 ria
385 1019 464 1069 esse
478 990 518 1067 in
531 989 665 1067 saisina
677 990 960 1096 premissorum,
974 990 1144 1096 duasque
1155 1006 1278 1066 turres
1289 988 1406 1067 fortes
1416 988 1470 1065 ibi
1484 988 1533 1065 de
1546 1015 1643 1065 novo
1658 1015 1739 1067 esse
1840 956 1903 1000 Μ’

318 1120 522 1211 adificatas,
544 1121 625 1198 sine
644 1120 724 1229 ejus
744 1148 912 1210 assensu,
930 1148 999 1227 per
1015 1121 1118 1197 curie
1138 1136 1266 1200 nostre
1280 1118 1487 1226 judicium,
1506 1119 1651 1197 dictum
1668 1117 1741 1197 fuit

318 1253 423 1361 quod
442 1252 521 1360 ipse
542 1252 660 1330 dictas
678 1268 801 1329 turres
815 1252 956 1357 poterit
974 1252 1074 1329 licite
1093 1250 1405 1336 faceredemoliri
1425 1250 1521 1327 salva
1538 1278 1652 1356 super
1667 1250 1739 1329 hoc

318 1385 514 1492 questione
533 1382 771 1491 proprietatis
789 1383 884 1489 parti
905 1382 1069 1483 adverse.

373 1519 482 1593 Lune
501 1531 587 1622 post
606 1518 737 1591 Letare
756 1514 977 1595 Jerusalem.

375 1646 482 1725 Creoi
501 1646 712 1752 reportavit.

371 1911 480 1989 LXX.
510 1910 609 1989 Cum
629 1910 674 1987 lis
693 1928 796 1987 mota
815 1910 946 1987 fuisset
963 1912 1063 1989 inter
1079 1910 1257 1987 comitem
1276 1910 1439 2002 Valesie,
1458 1938 1502 1987 ex
1520 1927 1738 2015 parteuna,

317 2058 355 2119 et
379 2042 547 2148 priorem
570 2040 617 2118 de
644 2040 812 2132 Autolio,
835 2058 912 2118 tam
936 2041 1091 2119 nomine
1116 2069 1187 2119 suo
1211 2070 1326 2148 quam
1350 2042 1506 2119 nomine
1524 2060 1741 2146 procurato·

254 2234 256 2240 ,
316 2173 373 2249 rio
397 2173 541 2251 abbatis
566 2192 603 2250 et
629 2191 836 2253 conventus
864 2173 1219 2281 Clugniacensium,
1242 2201 1286 2250 ex
1309 2173 1442 2265 altera,
1466 2199 1581 2277 super
1605 2173 1741 2249 saisina

316 2302 505 2381 bonorum
525 2303 827 2391 commissorum,
847 2321 891 2379 ut
908 2302 1057 2392 dicitur,
1078 2301 1246 2379 defuncti
1262 2303 1442 2380 lobannis
1460 2302 1641 2398 Samum,
1656 2305 1740 2411 jus·

315 2434 430 2513 ticiati
457 2436 496 2513 in
520 2434 608 2512 villa
634 2433 682 2511 de
703 2433 996 2514 Venneschieles
1023 2432 1285 2543 existenoium,
1308 2462 1423 2540 quem
1447 2434 1620 2511 saisinam
1643 2452 1741 2513 utra·

315 2592 389 2671 que
408 2594 507 2671 pars,
531 2582 710 2673 tanquam
729 2563 961 2653 estraeriam,
982 2564 1028 2641 ad
1049 2564 1298 2670 sepertinere
1317 2563 1484 2653 dicebat,
1507 2582 1545 2642 et
1564 2566 1604 2641 in
1623 2594 1739 2645 manu

315 2713 456 2789 nostra,
474 2713 629 2802 propter
651 2694 834 2773 debatum
855 2695 1040 2801 parcium,
1064 2695 1113 2773 ad
1136 2711 1351 2801 requestam
1375 2695 1465 2772 dicti
1484 2696 1636 2802 prioris,
1661 2715 1740 2775 tan·

314 2828 428 2933 quam
443 2828 482 2904 in
502 2856 615 2905 manu
635 2828 854 2934 superioris,
875 2826 997 2932 posita
1015 2825 1154 2919 fueram
1170 2854 1283 2933 mam
1304 2852 1458 2903 manum
1474 2842 1638 2904 nostram
1660 2856 1740 2933 pre·

313 2955 410 3035 fatus
424 2986 551 3037 comes
570 2960 723 3066 petebat
737 2957 898 3037 amoveri
915 2990 923 3035 :
939 2958 1131 3047 Tandem,
1149 2957 1288 3036 auditis
1301 2974 1415 3064 super
1429 2957 1503 3035 hoc
1516 2956 1685 3063 partibus
1701 2976 1740 3037 et

313 3087 387 3166 visa
406 3090 579 3197 inquesta
598 3118 711 3197 super
734 3091 927 3197 premissis
947 3091 995 3168 de
1020 3090 1198 3169 mandato
1222 3109 1353 3170 nostro
1377 3090 1487 3184 beta,
1506 3094 1595 3198 quia
1617 3122 1739 3200 reper-

313 3234 395 3295 tum
417 3238 473 3298 est
496 3222 708 3327 predictum
729 3223 905 3299 comitem
927 3250 1034 3299 suam
1054 3222 1309 3300 intencionem
1326 3222 1477 3329 plenius
1499 3240 1538 3300 et
1556 3223 1738 3329 liquidius

313 3348 505 3454 probasse,
526 3378 595 3457 per
615 3352 715 3429 curie
741 3368 868 3429 nostre
887 3350 1076 3459 judicium
1097 3352 1240 3429 dictum
1260 3352 1333 3430 fuit
1354 3352 1528 3429 saisinam
1549 3352 1738 3430 dictorum

312 3478 519 3572 bonorum,
541 3510 657 3559 mauu
680 3500 805 3561 nostra
831 3481 919 3558 inde
946 3496 1085 3572 amota,
1106 3482 1277 3589 predicto
1299 3482 1430 3559 comiti
1450 3481 1649 3559 deliberari
1678 3482 1740 3560 de·

311 3612 418 3702 bere,
441 3612 528 3721 jure
552 3612 808 3720 proprietatis,
830 3612 870 3690 in
892 3638 978 3689 casu
1000 3611 1188 3717 predicto,
1211 3612 1312 3690 dicto
1336 3611 1469 3718 priori,
1497 3628 1534 3689 et
1558 3612 1598 3688 in
1620 3614 1739 3689 omni·

310 3744 382 3823 bus
402 3742 483 3823 aliis
503 3744 650 3823 casibus
667 3744 836 3853 justicie,
859 3740 969 3821 dictis
987 3740 1174 3849 partibus,
1196 3742 1236 3820 in
1255 3741 1339 3821 loco
1355 3742 1542 3850 predicto,
1564 3742 1664 3821 salvo
1676 3770 1738 3820 re

313 3892 498 3953 manente.
533 3902 535 3909 ·
1255 3882 1258 3886 ’

368 4006 474 4084 Lune
493 4023 579 4112 post
599 3996 729 4084 Letare
749 4004 969 4083 Jerusalem.

368 4272 491 4347 LXXI.
524 4268 621 4349 Cum
636 4269 735 4345 inter
747 4267 966 4375 magistrum
982 4268 1138 4375 Helyam
1155 4270 1203 4346 de
1216 4270 1382 4361 orliaco,
1395 4298 1464 4375 pro
1479 4297 1519 4346 se
1535 4287 1573 4346 et
1589 4270 1666 4345 suis
1681 4296 1738 4345 co

312 4399 533 4490 heredibus,
546 4402 594 4479 ad
604 4399 880 4477 successionem
898 4397 1064 4475 defuncti
1081 4399 1246 4507 Philippi
1257 4401 1447 4489 Hermiae,
1466 4427 1597 4477 eorum
1613 4398 1736 4504 patrui

311 4530 357 4608 ab
377 4532 568 4622 intestato,
585 4528 837 4623 venientibus,
856 4545 894 4606 et
908 4529 956 4605 ad
971 4556 1071 4617 eam,
1093 4558 1163 4636 per
1176 4530 1279 4609 curie
1295 4548 1422 4607 nostre
1437 4530 1645 4638 judicium,
1669 4528 1736 4604 ad-

311 4662 450 4753 missis,
472 4680 640 4769 agentes,
651 4692 704 4740 ex
722 4678 827 4768 parte
844 4688 935 4749 una,
959 4676 996 4738 et
1011 4661 1257 4770 Margaretem
1273 4661 1322 4739 de
1338 4661 1550 4752 Attrabato,
1568 4659 1735 4737 relictam

310 4792 399 4868 dicti
418 4793 600 4885 defuncti,
623 4792 914 4881 defendentem,
938 4820 982 4869 ex
1002 4792 1135 4884 altera,
1157 4794 1307 4898 questio
1325 4807 1534 4871 verteretur
1555 4817 1734 4897 supereo

310 4924 417 5029 quod
436 4923 538 5002 idem
554 4924 727 5032 magister
742 4922 883 5013 Helias,
903 4950 976 5003 suo
987 4940 1025 5001 et
1038 4924 1274 5001 coheredum
1290 4952 1447 5002 suorum
1460 4923 1632 5015 nomine,
1649 4950 1736 5029 pro-

310 5053 475 5159 ponebat
487 5053 591 5161 quod
606 5053 704 5133 dicta
717 5056 937 5163 Margareta,
958 5054 997 5131 in
1013 5056 1222 5133 inventario
1236 5054 1409 5134 faciendo
1427 5053 1600 5133 debonis
1615 5050 1735 5131 omni·
