4450 6209
509 739 578 809 rea
1085 733 1176 806 sss
1215 732 1356 808 ontu.
2128 703 2129 772 ἓ

251 894 254 901 “
276 888 406 946 aarum
418 887 462 950 tv,
502 880 621 958 functi
642 878 723 956 Ade
747 878 893 956 Donart
910 876 959 954 de
977 877 1135 965 limiler‚
1156 877 1231 955 visa
1254 877 1427 985 inquesta
1450 907 1519 958 seu
1539 878 1672 986 aprisia
1694 906 1763 986 per
1786 879 1926 958 dictum

337 983 400 1027 Μ’
504 1011 683 1088 ballivum
705 1009 814 1098 facta,
839 1035 909 1115 per
932 1000 1035 1086 curie
1060 1025 1188 1086 nostre
1208 1008 1416 1116 judicium,
1445 1011 1548 1088 idem
1569 1009 1786 1116 Philippus,
1816 1040 1927 1117 super

501 1160 624 1220 morte
637 1142 726 1219 dicti
736 1137 983 1232 Donart,fuit
990 1139 1268 1218 sentencialiter
1276 1141 1488 1232 absolutum
1501 1140 1569 1218 sed
1578 1158 1732 1248 propter
1741 1141 1924 1249 quosdam

502 1302 688 1360 excessus,
705 1299 775 1378 per
791 1271 936 1349 dictum
953 1270 1171 1377 Philippum
1189 1271 1230 1348 in
1250 1270 1346 1350 facto
1361 1270 1582 1380 hujusmodi
1598 1274 1835 1361 commissos,
1857 1271 1925 1350 luit

501 1406 623 1481 dietus
636 1401 833 1511 Philippus
844 1401 1002 1480 domino
1017 1402 1109 1508 Regi
1122 1402 1162 1479 in
1177 1402 1377 1479 emendam
1392 1403 1640 1482 ducentarum
1653 1401 1836 1481 librarum
1850 1423 1931 1509 par:

499 1565 631 1613 vorum
652 1533 842 1613 bonorum
861 1532 1161 1620 Turonensium,
1184 1533 1374 1633 peridem
1389 1533 1595 1641 judicium,
1613 1533 1921 1640 condempnatus.

552 1668 654 1746 lovis
672 1683 759 1773 post
778 1665 1130 1742 Sanctum-Lucam.

554 1798 742 1877 Dominus
760 1796 805 1874 G.
829 1795 877 1872 de
896 1794 1081 1875 Plaisiano
1099 1798 1312 1902 reportavit.

555 2067 630 2145 XV.
661 2065 761 2142 Cum
781 2063 955 2141 Nicolaus
967 2065 1121 2155 Garart,
1140 2065 1189 2141 de
1208 2065 1344 2154 lanua,
1361 2089 1578 2171 proponens
1592 2063 1699 2168 quod
1715 2064 1812 2169 ipse,
1832 2081 1924 2140 tem-

497 2224 590 2302 pore
608 2222 744 2304 guerre
763 2191 958 2284 Flandrie,
982 2222 1115 2272 navem
1135 2194 1357 2301 quamdam,
1378 2211 1545 2273 vocatam
1564 2193 1924 2273 Crux-tuberone-

496 2329 657 2433 Campo,
679 2325 787 2433 cujus
805 2326 983 2433 magister
1000 2325 1202 2402 vocabatur
1221 2325 1381 2432 Tydone
1395 2324 1552 2414 Cudoir,
1569 2325 1716 2404 onerari
1733 2324 1923 2402 humente

497 2457 634 2534 lecerat
653 2457 754 2562 apud
771 2456 998 2544 Liboruam,
1015 2473 1054 2534 et
1068 2456 1266 2548 eamdem,
1289 2486 1358 2564 per
1372 2474 1505 2564 gentes
1519 2485 1623 2546 suas,
1640 2473 1740 2534 recta
1755 2458 1813 2534 vis
1827 2455 1926 2562 apud

498 2589 701 2678 Calenum,
720 2616 790 2695 pro
810 2587 983 2666 subsidio
1001 2588 1178 2696 gencium
1201 2605 1437 2680 nostrarum,
1457 2588 1545 2666 duci
1563 2586 1722 2666 faciebat
1740 2588 1788 2666 de
1808 2588 1923 2666 licen-

497 2722 552 2796 cia
576 2739 615 2798 et
640 2748 792 2798 assensu
816 2718 1012 2798 senescalli
1032 2719 1152 2796 nostri
1175 2721 1379 2808 Vasconis,
1401 2717 1602 2798 Castellani
1626 2719 1675 2798 de
1699 2721 1864 2798 Fcissart
1888 2737 1923 2796 et

496 2852 656 2929 aliorum
675 2850 876 2929 custodum
895 2868 1078 2956 portuum
1095 2830 1332 2941 nostrorum,
1356 2869 1394 2928 et
1413 2881 1500 2930 oum
1523 2850 1658 2931 litteris
1679 2855 1919 2940 eorumdem,

496 2981 675 3088 quodque
703 2977 932 3060 Guillelmus
959 2981 1145 3059 Guerardi
1177 2999 1214 3059 et
1242 2980 1470 3061 Guillelmus
1498 2982 1546 3060 de
1576 2984 1803 3062 Monasterio
1831 2984 1922 3060 duas

496 3141 622 3204 naves,
643 3130 789 3190 vocatas
813 3111 848 3189 la
866 3111 1027 3191 Bosarde
1049 3130 1088 3190 et
1106 3111 1144 3190 la
1169 3114 1345 3206 Mariote,
1372 3142 1459 3191 oum
1479 3113 1688 3194 Guillelmo
1709 3114 1756 3191 de
1776 3116 1921 3192 Burde-

494 3244 575 3350 gala
591 3262 630 3322 et
644 3246 806 3322 Martiae
822 3243 1001 3321 Hierome
1017 3242 1066 3322 de
1083 3245 1192 3322 boire
1209 3262 1248 3322 et
1263 3245 1344 3324 aliis
1359 3244 1607 3351 complicibus
1622 3247 1716 3336 suis,
1734 3275 1802 3354 per
1819 3275 1920 3324 mare

495 3377 677 3454 ducentos
697 3393 736 3453 et
761 3375 815 3453 eis
840 3375 1053 3469 obviantes,
1075 3376 1294 3452 invaserunt
1319 3392 1359 3453 et
1378 3376 1668 3455 vulneraverunt
1688 3379 1861 3467 eosdem,
1884 3395 1922 3456 et

494 3509 595 3615 ipsos
620 3508 805 3585 violenter
824 3525 862 3585 et
891 3508 1030 3614 injuste
1059 3524 1097 3583 et
1124 3535 1211 3585 eum
1238 3508 1351 3585 armis
1374 3508 1628 3614 spoliaverunt
1651 3509 1751 3587 diota
1775 3511 1859 3588 navi
1884 3527 1922 3588 et

493 3639 685 3715 frumento
704 3666 775 3715 suo
795 3639 834 3713 in
856 3666 898 3714 ea
919 3637 1118 3727 existente,
1141 3655 1287 3745 peteret
1307 3639 1428 3718 dictos
1452 3641 1641 3718 invasores
1669 3641 1847 3748 compelli
1873 3641 1919 3717 ad

493 3768 563 3845 sibi
588 3767 827 3846 reddendum
853 3766 998 3845 dictum
1017 3767 1194 3860 bladum,
1222 3770 1253 3846 si
1274 3787 1390 3861 extat,
1413 3772 1581 3878 alioquin
1607 3788 1787 3879 nogentas
1806 3772 1919 3850 libras

492 3901 717 3976 Parisienses
739 3928 809 4006 pro
834 3901 916 4007 ejus
935 3899 1077 3991 valore;
1102 3914 1141 3978 et
1161 3929 1181 3978 e
1203 3920 1333 3981 contra
1353 3902 1443 3980 dicti
1465 3903 1713 3982 defendentes
1732 3933 1918 4012 propone.-

492 4049 577 4107 rent
596 4060 653 4122 se,
680 4049 847 4137 exparte
868 4049 1011 4122 nostra,
1033 4032 1081 4110 ad
1101 4033 1312 4111 custodiam
1332 4051 1513 4142 portuum
1534 4035 1749 4141 deputatos,
1775 4037 1916 4115 utendo

492 4190 561 4239 suo
577 4160 716 4253 officio,
737 4162 876 4240 dictam
892 4191 1039 4254 navem,
1057 4164 1146 4272 quia
1161 4182 1241 4242 erat
1257 4165 1305 4243 de
1319 4165 1510 4258 Flandris,
1527 4167 1636 4274 cujus
1649 4167 1828 4273 magister
1840 4186 1917 4246 erat
2004 4176 2009 4187 '

491 4295 674 4372 Martinus
696 4295 787 4383 Dor,
817 4296 1038 4404 Flamingus
1065 4314 1104 4374 et
1131 4297 1308 4376 inimicus
1334 4307 1479 4389 noster,'
1496 4316 1623 4378 contra
1647 4300 1817 4378 bannum
1838 4328 1916 4376 nos

490 4441 591 4500 trum
611 4425 658 4502 ad
682 4425 855 4507 inimicos
882 4445 1031 4506 nostros
1052 4446 1208 4506 euntem
1238 4457 1322 4507 cum
1345 4428 1459 4507 blado
1480 4431 1519 4507 in
1545 4458 1589 4508 ea
1609 4431 1805 4518 existente,
1828 4449 1916 4508 tam-

490 4584 603 4661 quam
625 4557 735 4635 nobis
755 4559 972 4648 commisso,
987 4561 1090 4668 juste
1114 4576 1153 4636 et
1172 4560 1450 4640 racionabiliter
1470 4557 1628 4667 cepisse,
1647 4562 1806 4640 mammo
1830 4591 1913 4639 cum

490 4686 607 4790 ipsius
622 4691 885 4779 conductores,
902 4691 1135 4770 sufficienter
1150 4691 1196 4769 ab
1214 4691 1268 4770 eis
1283 4694 1471 4801 requisiti,
1494 4685 1642 4772 nollent
1656 4694 1772 4772 [idem
1793 4693 1912 4772 lacere

490 4817 537 4892 de
559 4845 628 4894 suo
650 4819 858 4911 conductu,
883 4823 951 4901 sed
970 4822 1150 4900 chahlum
1172 4852 1284 4902 suum
1313 4825 1508 4904 sciderunt
1527 4843 1571 4902 ut
1592 4824 1722 4933 lugere
1741 4843 1909 4932 possent,

488 4946 662 5054 pluribus
680 4939 893 5030 iacionibus
912 4971 1084 5060 petentes
1104 4983 1145 5032 se
1166 4983 1187 5030 a
1207 4955 1305 5034 dicta
1323 4957 1513 5064 peticione
1533 4955 1693 5045 absolvi,
1716 4975 1754 5036 et
1769 4958 1910 5034 dictum

489 5077 684 5186 Nicolaum
704 5079 744 5154 in
766 5082 937 5160 ducentis
955 5083 1063 5162 libris
1082 5085 1372 5178 Parisiensibus,
1394 5116 1464 5194 pro
1482 5087 1655 5193 dampnis
1669 5089 1741 5166 sibi
1757 5117 1825 5195 per
1841 5089 1910 5164 hoc
