4450 6209
742 708 1006 815 rsootrss
1032 725 1095 798 ss
1122 708 1331 797 esoces.
1673 723 1746 797 aas

327 887 449 976 pecta,
468 869 619 958 factam,
648 868 694 946 ed
718 885 883 947 nostram
906 865 1115 944 faceremus
1138 865 1280 944 ormam
1299 863 1480 969 asportari
1499 860 1686 953 etvideri,
1711 881 1750 940 et
1787 871 1973 934 rnmmw,

328 1001 375 1091 si,
388 1029 457 1107 per
471 1029 553 1078 eam
570 991 797 1108 reperiretur
810 1000 1006 1090 innocens,
1021 996 1278 1076 absolveretur
1291 1023 1315 1070 a
1332 993 1561 1101 quibusdam
1583 991 1750 1072 iinanciis
1848 961 1910 1006 m

327 1161 432 1238 quas,
454 1160 522 1238 per
540 1133 616 1208 rim
632 1149 670 1208 et
687 1149 832 1209 metum
847 1158 890 1206 ac
908 1129 1123 1237 potenciam
1144 1126 1276 1216 officii,
1296 1154 1384 1202 cum
1399 1125 1575 1235 gentibus
1593 1125 1748 1213 nomia,

324 1247 367 1340 in
382 1263 554 1340 ducentis
567 1263 838 1371 quinquaginta
852 1259 959 1339 libris
970 1258 1272 1348 Turonensibus,
1288 1256 1478 1337 solvendis
1493 1257 1602 1335 nobis
1617 1273 1656 1334 et
1670 1257 1753 1365 epi-

327 1423 441 1500 scopo
460 1395 693 1484 Caturcensi,
716 1422 755 1470 se
778 1392 908 1472 fecisse
929 1390 1091 1483 dicebat,
1110 1407 1242 1497 petens
1264 1389 1381 1466 dictas
1400 1405 1530 1495 gentes
1552 1407 1695 1467 nostres
1714 1390 1754 1466 in

328 1525 502 1632 dampnis
519 1543 557 1603 et
571 1527 751 1602 interesse
767 1525 857 1614 suis,
876 1552 966 1630 que,
984 1523 1258 1628 premissorum
1273 1519 1467 1598 occasione
1480 1520 1752 1628 gravaminum,
1769 1620 1773 1628 ἢ

328 1657 571 1747 sustinuerat,
590 1656 861 1762 condempnari
881 1685 890 1730 ε
906 1655 1014 1732 Dicta
1033 1654 1149 1761 igitur
1161 1653 1334 1759 inquesta
1349 1652 1397 1729 ad
1413 1664 1579 1729 nostram
1593 1651 1752 1740 auiam,

318 1787 378 1866 de
398 1787 574 1866 mandato
594 1805 738 1876 nostro,
761 1803 967 1894 asportata,
989 1785 1065 1862 visa
1087 1802 1127 1861 et
1146 1783 1348 1890 diligenter
1367 1782 1589 1870 examinata,
1608 1809 1678 1889 per
1691 1810 1757 1858 cu-

329 1917 383 1994 rie
406 1935 533 1996 nostre
550 1917 755 2025 judicium,
778 1918 922 1996 dictum
952 1914 1024 1992 fuit
1046 1914 1234 2022 predictas
1261 1912 1439 1990 financies
1463 1927 1560 1989 ratas
1584 1941 1752 2001 manere,

330 2065 368 2125 et
378 2048 516 2126 dictam
524 2047 713 2140 Dulciam,
726 2076 793 2126 seu
813 2047 895 2155 ejus
909 2045 1164 2152 fidejussores,
1173 2044 1222 2121 ad
1236 2043 1459 2121 scirendum
1476 2042 1588 2120 nobis
1602 2060 1641 2120 et
1651 2042 1756 2121 dicto

329 2180 504 2286 episcopo
521 2180 728 2286 predictam
749 2178 909 2285 pecunie
925 2203 1113 2265 summam
1130 2173 1309 2280 compelli
1326 2174 1483 2263 debere3
1501 2193 1541 2252 et
1557 2174 1647 2281 quia
1663 2175 1759 2252 vica·

329 2310 408 2387 rius
425 2309 634 2415 predictus,
655 2337 724 2414 per
747 2309 892 2385 diversa
918 2323 957 2383 et
982 2307 1190 2412 longinque
1216 2304 1464 2382 discurrendo
1491 2304 1590 2394 loca,
1616 2304 1666 2380 ad
1687 2307 1758 2382 ori-

331 2465 421 2514 men
441 2436 540 2514 dicte
561 2437 693 2515 Dulcis
714 2438 935 2543 impositum
956 2436 1246 2542 expdorandnm,
1268 2435 1316 2510 de
1336 2461 1433 2540 quo,
1454 2452 1514 2520 ut,
1534 2461 1603 2538 per
1618 2433 1757 2514 dictam

330 2569 560 2675 inquestuu,
575 2569 724 2675 liquido
740 2585 866 2645 nostre
880 2568 984 2644 curie
999 2565 1189 2672 apparuit,
1203 2580 1375 2669 suspecta
1388 2563 1525 2642 merito
1536 2563 1688 2643 dicebat
1698 2563 1760 2641 ha'·

330 2695 430 2787 beri,
453 2725 628 2804 expensas
648 2697 739 2776 fecit
756 2725 943 2775 summam
964 2695 1236 2805 quinquaginta
1254 2693 1436 2771 librarum
1456 2711 1496 2772 et
1514 2693 1678 2801 amplius
1697 2722 1760 2772 ex·

332 2827 525 2918 cedentes,
547 2845 663 2935 prout
680 2829 720 2906 in
740 2828 876 2906 litteris
891 2843 1106 2904 nostrarum
1120 2826 1295 2935 gencium
1311 2826 1567 2933 predictarum
1582 2825 1760 2903 confectis

331 2987 444 3066 super
464 2960 574 3037 dictis
592 2957 762 3038 financiis
784 2957 934 3064 plenius
958 2957 1186 3045 continetur,
1203 2956 1252 3034 de
1266 2956 1445 3063 predictis
1460 2956 1634 3037 ducentis
1645 2958 1760 3064 quin·
1811 2974 1816 2984 ‘

332 3091 508 3197 quaginta
528 3090 652 3180 libris,
672 3089 944 3199 quinquaginta
963 3087 1060 3165 libre
1079 3089 1341 3177 Turonenses,
1357 3115 1427 3193 pro
1447 3085 1558 3163 dictis
1571 3085 1758 3192 expensis,

332 3223 468 3298 vicario
497 3221 668 3329 predicto
703 3220 915 3311 solventur,
953 3218 1182 3325 fueruntque
1212 3235 1343 3326 gentes
1377 3235 1505 3296 nostre
1535 3234 1574 3293 et
1603 3217 1762 3295 vicarius

333 3351 495 3457 predicti
519 3381 541 3427 a
572 3351 683 3428 dictis
707 3349 879 3455 dampnis
899 3365 937 3426 et
961 3350 1142 3426 interesse
1168 3375 1247 3455 que·
1269 3347 1421 3455 petebat
1450 3347 1584 3424 eadem
1609 3345 1758 3438 Duicia,

333 3511 403 3589 per
421 3482 523 3559 idem
549 3481 652 3560 curie
671 3498 799 3559 nostre
813 3479 1019 3587 judicium,
1039 3477 1220 3568 absoluti,
1242 3479 1397 3586 ipsaque
1423 3477 1558 3555 Dulcia
1581 3507 1602 3554 a
1629 3477 1760 3555 decem

335 3612 443 3691 libris
452 3611 742 3691 Turonensibus
759 3639 869 3719 quas,
886 3610 1035 3688 racione
1047 3610 1332 3716 premissorum,
1349 3607 1542 3716 capellano
1563 3608 1652 3686 dicti
1666 3608 1763 3686 vica·

334 3743 381 3820 rii
399 3743 642 3850 promiserat,
664 3741 785 3820 extitit
802 3739 986 3818 absoluta.

392 3873 492 3952 Jovis
509 3890 596 3951 ante
610 3873 896 3951 Penthecosten.

392 4004 438 4083 G.
461 4005 508 4080 de
527 4005 623 4082 Usco
643 4003 855 4108 reportavit.

394 4265 553 4344 LXXIX.
585 4264 687 4344 Mota
707 4261 977 4353 controversia,
999 4261 1037 4336 in
1059 4261 1162 4338 curia
1178 4261 1303 4338 vimrii
1323 4262 1563 4351 Biterrensis‚
1583 4264 1684 4341 inter
1701 4264 1765 4341 ab·

337 4399 464 4476 batem
480 4413 520 4474 et
538 4409 766 4473 conventum
783 4390 1127 4471 sanci-salvatoris
1145 4391 1317 4480 Lodove,
1337 4417 1404 4467 seu
1419 4391 1615 4497 syndicum
1631 4416 1764 4470 eorum

341 4544 379 4606 et
397 4527 674 4607 Guillebertum
696 4554 738 4604 ac
759 4523 993 4605 Bernardum
1017 4522 1064 4600 de
1084 4522 1293 4628 Bosqueto,
1314 4521 1462 4608 fratres,
1484 4549 1529 4598 ex
1546 4539 1653 4629 perte
1671 4550 1763 4615 una,

343 4677 381 4737 et
401 4657 607 4765 capitulum
628 4653 1026 4733 cathedralisecclesie
1046 4652 1199 4732 Lcdove
1223 4680 1265 4730 ac
1283 4652 1533 4730 Bertrandum
1554 4652 1602 4729 de
1621 4655 1766 4733 Monte·

342 4790 512 4878 Petroso,
535 4814 578 4864 ex
596 4786 731 4876 altera,
753 4815 866 4894 super
886 4813 932 4864 eo
951 4785 1072 4893 quod,
1094 4812 1182 4862 cum
1205 4784 1333 4862 locum
1350 4799 1484 4862 tenens
1500 4780 1643 4889 judicis
1662 4785 1765 4862 curie

345 4917 436 4996 dicti
454 4917 580 4995 vicarii
598 4919 828 5008 mandasset,
849 4945 919 5024 per
936 4916 1079 4995 litteras
1098 4943 1201 5006 suas,
1223 4914 1359 4994 neeric
1375 4913 1528 4993 Lodove
1547 4913 1651 4992 curie
1667 4930 1766 4991 tem-

344 5047 484 5157 poralis
497 5047 751 5157 jurisdicionis
766 5049 931 5156 episcopi
951 5048 1040 5126 dicti
1057 5047 1148 5137 loci,
1159 5045 1264 5154 qrrod
1285 5047 1406 5125 dictos
1426 5043 1660 5122 abbatemet
1678 5071 1766 5122 con-
