4450 6209
734 753 1002 859 soootrss
1027 770 1091 843 tr
1118 770 1325 846 esoces,
1666 776 1735 848 321

376 910 571 1011 Dominica
586 936 661 1018 qua
676 930 847 991 cantatur
868 944 877 989 ε
897 912 1028 989 dodica
1048 940 1124 989 me.

375 1044 476 1149 Roya
493 1043 704 1148 reportavit.

374 1304 531 1383 txvsst.
563 1304 660 1383 Cum
687 1332 730 1381 en
755 1322 858 1411 parte
884 1306 1106 1413 Margarete,
1136 1304 1337 1386 domicello
1366 1307 1414 1385 de
1442 1310 1590 1399 Sennea,
1610 1310 1741 1389 fuisset

319 1433 446 1523 nobis,
466 1434 753 1540 conquerendo,
781 1452 1030 1514 monstratum
1050 1436 1172 1543 quod,
1194 1437 1261 1514 tite
1279 1436 1471 1543 pendente
1490 1440 1589 1516 inter
1607 1468 1743 1546 procu·

319 1578 481 1641 retorem
502 1583 763 1653 nostrum,'c1
788 1596 863 1644 una
882 1585 1002 1673 parte,
1026 1584 1064 1646 et
1085 1568 1287 1645 dominum
1307 1566 1515 1658 Belli-toci,
1541 1599 1584 1646 ex
1607 1566 1743 1658 altera,

319 1722 433 1799 super
444 1696 567 1799 primo
580 1714 722 1773 resorto
744 1696 883 1775 domus
902 1716 939 1775 et
958 1716 1056 1777 terre
1077 1700 1126 1776 de
1142 1698 1333 1806 Artingiis‚
1350 1727 1445 1805 quas
1462 1718 1601 1777 terram
1622 1719 1662 1777 et
1676 1703 1743 1779 de

318 1852 423 1902 mum
439 1826 536 1903 dicta
549 1824 751 1903 domicella*
762 1826 854 1905 dicit
866 1828 912 1906 ed
931 1829 1193 1934 sepertinere,
1210 1828 1314 1906 idem
1334 1829 1511 1907 dominus
1531 1830 1738 1919 Belli-toci,

317 1955 428 2033 tacito
449 1956 554 2063 quod
574 1985 687 2063 super
709 1958 782 2036 boc
798 1959 956 2067 questio
981 1976 1198 2049 verteretur,
1226 1960 1370 2037 dictum
1395 1957 1580 2038 resorturn
1605 1990 1741 2068 procu-

319 2084 412 2161 ravit
430 2114 450 2161 a
470 2087 581 2165 nobis
598 2086 863 2178 sibioottcedi,
886 2118 960 2196 que
976 2091 1165 2167 concessio
1184 2088 1377 2167 esteidem
1390 2092 1594 2199 Margarete
1609 2121 1742 2199 quam-

1780 925 1910 979 Pmtrrre
1921 924 1965 991 tv,

1842 1016 1905 1061 1808.

318 2214 542 2318 plurimum,
565 2234 609 2293 ut
628 2218 773 2308 asserit,
793 2219 1048 2326 prejudicialis
1063 2249 1106 2297 ac
1121 2221 1344 2326 dampnosa,
1358 2224 1626 2329 propterquod
1643 2252 1742 2299 man·
1805 2324 1811 2335 α

319 2345 488 2424 davimus
517 2346 653 2424 ballivo
684 2365 814 2426 nostro
842 2348 1103 2427 Matisconensi
1130 2349 1325 2456 quatinus,
1357 2350 1496 2426 vocatis
1525 2352 1738 2441 evocandis,

318 2503 432 2580 super
454 2476 644 2581 premissis
668 2495 706 2554 et
734 2504 865 2555 eorum
891 2479 1168 2558 circonstanciis
1196 2478 1404 2585 inquireret
1432 2508 1518 2555 curn
1544 2479 1740 2587 diligencia

317 2606 529 2698 veritatem,
544 2606 900 2714 factaqueinquesta
913 2636 1027 2715 super
1043 2610 1132 2698 hoc,
1155 2626 1193 2685 et
1210 2608 1315 2686 curie
1331 2626 1457 2687 nostre
1475 2609 1739 2688 adridendum

318 2762 385 2842 per
410 2735 547 2813 dictam
573 2739 816 2847 Margaretam
840 2738 992 2827 tradita,
1013 2768 1087 2817 una
1105 2768 1191 2818 cum
1211 2740 1374 2847 quadam
1396 2740 1467 2820 alia
1493 2741 1541 2818 de
1565 2742 1742 2820 mandato
1789 2831 1795 2841 ,

317 2864 441 2944 bailivi
461 2868 744 2947 Matisconensis
757 2869 852 2948 saeta
864 2869 941 2976 :pro
961 2870 1061 2949 dicto
1081 2871 1238 2949 domino
1256 2870 1467 2960 Belli-Joei,
1488 2900 1601 2977 super
1618 2874 1742 2978 primo

318 3017 480 3077 ressorto
503 2999 601 3077 dicte
627 2999 762 3079 domus
791 3018 829 3079 et
850 3018 951 3079 terre
977 3002 1027 3091 de
1055 3001 1249 3107 Attingiis,
1277 3000 1383 3107 quod
1409 3019 1615 3079 ressortum
1639 3002 1741 3080 idem

320 3131 497 3209 dominus
522 3130 569 3208 ad
589 3132 837 3239 sepertinere
858 3132 1007 3211 dicebat
1028 3164 1036 3208 ι
1063 3134 1228 3239 Utraque
1254 3133 1427 3240 inquesta
1448 3134 1649 3239 diligenter
1667 3136 1743 3210 ins-

319 3272 426 3365 pecte
452 3259 499 3338 ad
524 3260 641 3338 finem
664 3263 711 3338 ad
736 3290 851 3368 quem
870 3261 1007 3339 tradite
1027 3261 1197 3349 suerunt,
1225 3263 1313 3368 quia
1333 3263 1527 3339 inventum
1546 3264 1619 3338 fnit
1637 3265 1741 3369 quod

320 3389 417 3467 dicte
442 3390 646 3496 Margarete
666 3390 819 3469 nullum'
837 3392 1045 3497 dampnum
1070 3390 1294 3498 injuriosum
1315 3392 1528 3467 incurrebat
1549 3393 1742 3470 occasione

320 3521 570 3599 concessionis
594 3513 777 3629 predicte,
799 3550 868 3629 per
879 3521 990 3599 'curie
1011 3538 1139 3599 nostre
1154 3519 1357 3629 judicium,
1382 3520 1524 3599 dictum
1544 3520 1617 3597 suit
1639 3524 1743 3629 quod

320 3652 510 3729 concessio
533 3652 717 3759 predicta,
741 3680 900 3759 pernes
922 3650 1017 3730 facta
1039 3652 1141 3729 dicto
1161 3649 1317 3729 domino
1338 3650 1532 3729 Belli-loci
1551 3650 1599 3727 de
1618 3653 1743 3757 primo

321 3800 483 3861 ressorto
507 3798 607 3860 terre
629 3802 667 3861 et
690 3784 827 3864 domus
852 3785 900 3863 de
926 3782 1123 3892 Artingiis,
1147 3782 1310 3874 tenebit,
1339 3780 1449 3859 salvis
1471 3780 1596 3858 eidem
1623 3783 1746 3859 domi-

321 3914 414 3991 celle
439 3914 644 4021 Margarete
668 3915 820 4023 juribus
844 3932 883 3993 et
910 3912 1146 3993 libertatibus
1174 3913 1269 3999 suis,
1299 3910 1532 4019 dequibus,
1560 3929 1638 3989 tarn
1666 3915 1743 4021 ipsa

321 4072 432 4149 quam
448 4044 732 4149 predecessores
751 4044 825 4132 sui,
847 4044 1001 4125 indicta
1018 4043 1133 4154 domo
1154 4060 1194 4120 et
1210 4060 1310 4121 terra
1326 4042 1374 4118 de
1394 4040 1571 4146 Artingiis
1591 4038 1743 4147 pacifice

322 4172 538 4281 abantiquo
556 4174 615 4251 usi
635 4172 798 4250 fuerunt.

376 4286 573 4381 Dbminice
586 4302 770 4410 predicto.

378 4434 483 4513 Creci
503 4434 715 4540 reportavit.

378 4696 503 4773 LXIX.
526 4695 630 4775 -Cum
648 4693 760 4772 nobis
774 4693 970 4800 conquesti
985 4690 1145 4770 brissent
1162 4690 1266 4797 prior
1279 4708 1318 4769 et
1336 4706 1540 4767 conventus
1557 4690 1605 4767 de
1623 4689 1742 4777 Cella,

322 4827 362 4901 in
384 4826 485 4914 Bria,
509 4828 550 4903 in
568 4842 696 4906 nostra
714 4826 866 4934 speciali
885 4824 1014 4933 gardia
1038 4824 1147 4901 etde
1172 4826 1335 4901 ressorto
1359 4822 1595 4940 prepositure
1618 4841 1744 4900 nostre

322 4956 556 5044 Parisiensis,
577 4960 727 5037 racione
742 4956 914 5046 Francis,
936 4955 1153 5046 existentes,
1171 4970 1215 5030 nt
1229 4953 1421 5040 dicebant,
1438 4951 1559 5059 quod,
1582 4953 1670 5031 licet
1688 4954 1746 5029 in·

324 5104 383 5163 ter
401 5088 518 5192 ipsos,
539 5114 585 5164 ex
599 5118 674 5165 uns
687 5105 809 5195 parte,
831 5106 869 5165 et
887 5084 1069 5163 ballivum
1082 5086 1309 5162 Trecensern
1324 5102 1363 5161 et
1377 5084 1582 5162 Martinam
1595 5065 1651 5160 ‘de
1664 5084 1746 5160 -Gu-

410 5264 461 5305 trs
484 5263 566 5306 ostra.
590 5266 635 5306 ιιι.
962 5255 966 5270 “
1066 5309 1072 5321 ,
1354 5255 1361 5267 ’
1579 5242 1614 5305 lu
