<?xml version="1.0" encoding="UTF-8"?>
<!DOCTYPE html PUBLIC "-//W3C//DTD XHTML 1.0 Transitional//EN"
    "http://www.w3.org/TR/xhtml1/DTD/xhtml1-transitional.dtd">
<html xmlns="http://www.w3.org/1999/xhtml" xml:lang="en" lang="en">
 <head>
  <title>
</title>
<meta http-equiv="Content-Type" content="text/html;charset=utf-8" />
  <meta name='ocr-system' content='tesseract 3.04.00' />
  <meta name='ocr-capabilities' content='ocr_page ocr_carea ocr_par ocr_line ocrx_word'/>
</head>
<body>
  <div class='ocr_page' id='page_1' title='image "./lesolimouregist00parigoog_0333.png"; bbox 0 0 4450 6209; ppageno 0'>
   <div class='ocr_carea' id='block_1_1' title="bbox 487 694 1325 774">
    <p class='ocr_par' dir='ltr' id='par_1_1' title="bbox 487 694 1325 774">
     <span class='ocr_line' id='line_1_1' title="bbox 487 694 1325 774; baseline 0.001 -7"><span class='ocrx_word' id='word_1_1' title='bbox 487 694 563 768; x_wconf 67' lang='lat'>234</span> <span class='ocrx_word' id='word_1_2' title='bbox 1061 697 1151 772; x_wconf 60' lang='grc' dir='ltr'>ΒΕΘ</span> <span class='ocrx_word' id='word_1_3' title='bbox 1182 695 1325 774; x_wconf 83' lang='lat' dir='ltr'><strong>OLIM.</strong></span> 
     </span>
    </p>
   </div>
   <div class='ocr_carea' id='block_1_2' title="bbox 258 832 1912 928">
    <p class='ocr_par' dir='ltr' id='par_1_2' title="bbox 258 832 1912 928">
     <span class='ocr_line' id='line_1_2' title="bbox 258 832 1912 928; baseline 0.004 -19"><span class='ocrx_word' id='word_1_4' title='bbox 258 843 391 896; x_wconf 68' lang='lat' dir='ltr'>renim</span> <span class='ocrx_word' id='word_1_5' title='bbox 402 840 447 904; x_wconf 84' lang='lat' dir='ltr'>tt.</span> <span class='ocrx_word' id='word_1_6' title='bbox 488 835 694 915; x_wconf 82' lang='lat' dir='ltr'>dimcionie</span> <span class='ocrx_word' id='word_1_7' title='bbox 712 865 782 914; x_wconf 81' lang='lat' dir='ltr'>eeu</span> <span class='ocrx_word' id='word_1_8' title='bbox 801 836 1065 916; x_wconf 76' lang='lat' dir='ltr'>demolicionis</span> <span class='ocrx_word' id='word_1_9' title='bbox 1083 837 1175 918; x_wconf 85' lang='lat' dir='ltr'>dicti</span> <span class='ocrx_word' id='word_1_10' title='bbox 1194 836 1297 918; x_wconf 85' lang='lat' dir='ltr'>trolii</span> <span class='ocrx_word' id='word_1_11' title='bbox 1317 864 1384 917; x_wconf 84' lang='lat' dir='ltr'>teu</span> <span class='ocrx_word' id='word_1_12' title='bbox 1403 833 1562 924; x_wconf 84' lang='lat' dir='ltr'>edificii,</span> <span class='ocrx_word' id='word_1_13' title='bbox 1581 832 1794 928; x_wconf 64' lang='lat' dir='ltr'>eluendae,</span> <span class='ocrx_word' id='word_1_14' title='bbox 1815 839 1912 916; x_wconf 90' lang='lat' dir='ltr'>etin</span> 
     </span>
    </p>
   </div>
   <div class='ocr_carea' id='block_1_3' title="bbox 320 932 385 978">
    <p class='ocr_par' dir='ltr' id='par_1_3' title="bbox 320 932 385 978">
     <span class='ocr_line' id='line_1_3' title="bbox 320 932 385 978; baseline 0.031 -2"><span class='ocrx_word' id='word_1_15' title='bbox 320 932 385 978; x_wconf 68' lang='lat' dir='ltr'>lm.</span> 
     </span>
    </p>
   </div>
   <div class='ocr_carea' id='block_1_4' title="bbox 481 967 2011 2119">
    <p class='ocr_par' dir='ltr' id='par_1_4' title="bbox 481 967 2011 1860">
     <span class='ocr_line' id='line_1_4' title="bbox 487 967 1911 1076; baseline 0.004 -33"><span class='ocrx_word' id='word_1_16' title='bbox 487 995 533 1046; x_wconf 84' lang='lat' dir='ltr'>oc</span> <span class='ocrx_word' id='word_1_17' title='bbox 555 969 662 1075; x_wconf 88' lang='lat' dir='ltr'>quod</span> <span class='ocrx_word' id='word_1_18' title='bbox 683 969 807 1048; x_wconf 89' lang='lat' dir='ltr'>dictus</span> <span class='ocrx_word' id='word_1_19' title='bbox 825 967 1013 1047; x_wconf 77' lang='lat' dir='ltr'>Arnaldua</span> <span class='ocrx_word' id='word_1_20' title='bbox 1031 968 1226 1050; x_wconf 83' lang='lat' dir='ltr'>edificium</span> <span class='ocrx_word' id='word_1_21' title='bbox 1246 967 1459 1076; x_wconf 84' lang='lat' dir='ltr'>predictum</span> <span class='ocrx_word' id='word_1_22' title='bbox 1484 967 1526 1044; x_wconf 90' lang='lat' dir='ltr'>in</span> <span class='ocrx_word' id='word_1_23' title='bbox 1548 981 1647 1048; x_wconf 76' lang='lat' dir='ltr'>statu</span> <span class='ocrx_word' id='word_1_24' title='bbox 1671 967 1711 1047; x_wconf 90' lang='lat' dir='ltr'>in</span> <span class='ocrx_word' id='word_1_25' title='bbox 1734 997 1813 1074; x_wconf 90' lang='lat' dir='ltr'>quo</span> <span class='ocrx_word' id='word_1_26' title='bbox 1833 987 1911 1050; x_wconf 84' lang='lat' dir='ltr'>erat</span> 
     </span>
     <span class='ocr_line' id='line_1_5' title="bbox 486 1097 1911 1206; baseline 0.004 -30"><span class='ocrx_word' id='word_1_27' title='bbox 486 1115 572 1176; x_wconf 81' lang='lat' dir='ltr'>ante</span> <span class='ocrx_word' id='word_1_28' title='bbox 598 1099 736 1177; x_wconf 80' lang='lat' dir='ltr'>dicum</span> <span class='ocrx_word' id='word_1_29' title='bbox 760 1098 867 1178; x_wconf 86' lang='lat' dir='ltr'>litem</span> <span class='ocrx_word' id='word_1_30' title='bbox 892 1116 1035 1178; x_wconf 81' lang='lat' dir='ltr'>motem</span> <span class='ocrx_word' id='word_1_31' title='bbox 1058 1115 1236 1206; x_wconf 75' lang='lat' dir='ltr'>reponet,</span> <span class='ocrx_word' id='word_1_32' title='bbox 1261 1099 1291 1176; x_wconf 86' lang='lat' dir='ltr'>si</span> <span class='ocrx_word' id='word_1_33' title='bbox 1316 1097 1387 1178; x_wconf 76' lang='lat' dir='ltr'>sibi</span> <span class='ocrx_word' id='word_1_34' title='bbox 1410 1097 1602 1178; x_wconf 77' lang='lat' dir='ltr'>ridebitur</span> <span class='ocrx_word' id='word_1_35' title='bbox 1626 1099 1819 1204; x_wconf 78' lang='lat' dir='ltr'>expedire,</span> <span class='ocrx_word' id='word_1_36' title='bbox 1844 1128 1911 1206; x_wconf 87' lang='lat' dir='ltr'>per</span> 
     </span>
     <span class='ocr_line' id='line_1_6' title="bbox 485 1223 1908 1338; baseline 0.002 -31"><span class='ocrx_word' id='word_1_37' title='bbox 485 1259 598 1308; x_wconf 80' lang='lat' dir='ltr'>suum</span> <span class='ocrx_word' id='word_1_38' title='bbox 611 1231 818 1338; x_wconf 85' lang='lat' dir='ltr'>judicium,</span> <span class='ocrx_word' id='word_1_39' title='bbox 839 1228 1090 1320; x_wconf 80' lang='lat' dir='ltr'>confirmavit,</span> <span class='ocrx_word' id='word_1_40' title='bbox 1113 1229 1210 1310; x_wconf 87' lang='lat' dir='ltr'>etin</span> <span class='ocrx_word' id='word_1_41' title='bbox 1228 1228 1363 1310; x_wconf 74' lang='lat' dir='ltr'>ceteris</span> <span class='ocrx_word' id='word_1_42' title='bbox 1379 1227 1470 1308; x_wconf 89' lang='lat' dir='ltr'>dicti</span> <span class='ocrx_word' id='word_1_43' title='bbox 1490 1223 1681 1311; x_wconf 67' lang='lat' dir='ltr'>conuelli</span> <span class='ocrx_word' id='word_1_44' title='bbox 1695 1223 1908 1336; x_wconf 78' lang='lat' dir='ltr'>judicatum</span> 
     </span>
     <span class='ocr_line' id='line_1_7' title="bbox 483 1357 1907 1466; baseline 0 -28"><span class='ocrx_word' id='word_1_45' title='bbox 483 1360 697 1465; x_wconf 85' lang='lat' dir='ltr'>predictum</span> <span class='ocrx_word' id='word_1_46' title='bbox 718 1359 935 1451; x_wconf 86' lang='lat' dir='ltr'>infirmavit,</span> <span class='ocrx_word' id='word_1_47' title='bbox 953 1360 1054 1439; x_wconf 76' lang='lat' dir='ltr'>selvo</span> <span class='ocrx_word' id='word_1_48' title='bbox 1072 1377 1200 1441; x_wconf 79' lang='lat' dir='ltr'>tamen</span> <span class='ocrx_word' id='word_1_49' title='bbox 1219 1359 1328 1440; x_wconf 80' lang='lat' dir='ltr'>dietis</span> <span class='ocrx_word' id='word_1_50' title='bbox 1346 1357 1512 1444; x_wconf 75' lang='lat' dir='ltr'>Amaldo</span> <span class='ocrx_word' id='word_1_51' title='bbox 1532 1376 1571 1441; x_wconf 86' lang='lat' dir='ltr'>et</span> <span class='ocrx_word' id='word_1_52' title='bbox 1588 1361 1699 1438; x_wconf 85' lang='lat' dir='ltr'>Petro</span> <span class='ocrx_word' id='word_1_53' title='bbox 1711 1358 1801 1466; x_wconf 89' lang='lat' dir='ltr'>jure</span> <span class='ocrx_word' id='word_1_54' title='bbox 1819 1387 1907 1452; x_wconf 83' lang='lat' dir='ltr'>suo,</span> 
     </span>
     <span class='ocr_line' id='line_1_8' title="bbox 482 1489 1904 1598; baseline 0.001 -31"><span class='ocrx_word' id='word_1_55' title='bbox 482 1491 512 1567; x_wconf 79' lang='lat' dir='ltr'>ai</span> <span class='ocrx_word' id='word_1_56' title='bbox 533 1493 637 1598; x_wconf 90' lang='lat' dir='ltr'>quod</span> <span class='ocrx_word' id='word_1_57' title='bbox 656 1492 728 1598; x_wconf 75' lang='lat' dir='ltr'>ipsi</span> <span class='ocrx_word' id='word_1_58' title='bbox 747 1491 937 1569; x_wconf 81' lang='lat' dir='ltr'>habebant</span> <span class='ocrx_word' id='word_1_59' title='bbox 951 1492 991 1570; x_wconf 90' lang='lat' dir='ltr'>in</span> <span class='ocrx_word' id='word_1_60' title='bbox 1011 1491 1096 1570; x_wconf 87' lang='lat' dir='ltr'>loco</span> <span class='ocrx_word' id='word_1_61' title='bbox 1116 1489 1287 1598; x_wconf 83' lang='lat' dir='ltr'>predicto</span> <span class='ocrx_word' id='word_1_62' title='bbox 1300 1507 1387 1570; x_wconf 89' lang='lat' dir='ltr'>ante</span> <span class='ocrx_word' id='word_1_63' title='bbox 1405 1490 1512 1572; x_wconf 83' lang='lat' dir='ltr'>litem</span> <span class='ocrx_word' id='word_1_64' title='bbox 1526 1506 1669 1570; x_wconf 83' lang='lat' dir='ltr'>motam</span> <span class='ocrx_word' id='word_1_65' title='bbox 1682 1490 1904 1595; x_wconf 85' lang='lat' dir='ltr'>predictam,</span> 
     </span>
     <span class='ocr_line' id='line_1_9' title="bbox 481 1621 2011 1728; baseline 0.003 -30"><span class='ocrx_word' id='word_1_66' title='bbox 481 1638 559 1698; x_wconf 81' lang='lat' dir='ltr'>tem</span> <span class='ocrx_word' id='word_1_67' title='bbox 578 1623 621 1700; x_wconf 82' lang='lat' dir='ltr'>in</span> <span class='ocrx_word' id='word_1_68' title='bbox 633 1622 871 1728; x_wconf 69' lang='lat' dir='ltr'>possessione</span> <span class='ocrx_word' id='word_1_69' title='bbox 884 1651 1000 1728; x_wconf 85' lang='lat' dir='ltr'>quam</span> <span class='ocrx_word' id='word_1_70' title='bbox 1017 1622 1057 1700; x_wconf 90' lang='lat' dir='ltr'>in</span> <span class='ocrx_word' id='word_1_71' title='bbox 1071 1621 1317 1728; x_wconf 69' lang='lat' dir='ltr'>proprietate,</span> <span class='ocrx_word' id='word_1_72' title='bbox 1336 1621 1475 1727; x_wconf 72' lang='lat' dir='ltr'>qmbuu</span> <span class='ocrx_word' id='word_1_73' title='bbox 1491 1621 1668 1704; x_wconf 72' lang='lat' dir='ltr'>nolumus</span> <span class='ocrx_word' id='word_1_74' title='bbox 1684 1648 1753 1726; x_wconf 82' lang='lat' dir='ltr'>per</span> <span class='ocrx_word' id='word_1_75' title='bbox 1769 1621 1906 1702; x_wconf 74' lang='lat' dir='ltr'>dium</span> <span class='ocrx_word' id='word_1_76' title='bbox 2008 1637 2011 1644; x_wconf 89' lang='grc'>’</span> 
     </span>
     <span class='ocr_line' id='line_1_10' title="bbox 481 1751 1361 1860; baseline 0.006 -31"><span class='ocrx_word' id='word_1_77' title='bbox 481 1755 713 1832; x_wconf 76' lang='lat' dir='ltr'><strong>sentenciam</strong></span> <span class='ocrx_word' id='word_1_78' title='bbox 731 1752 890 1860; x_wconf 83' lang='lat' dir='ltr'><strong>aliquod</strong></span> <span class='ocrx_word' id='word_1_79' title='bbox 907 1751 1160 1860; x_wconf 74' lang='lat' dir='ltr'>prejudicium</span> <span class='ocrx_word' id='word_1_80' title='bbox 1179 1751 1361 1860; x_wconf 71' lang='lat' dir='ltr'>generari.</span> 
     </span>
    </p>

    <p class='ocr_par' dir='ltr' id='par_1_5' title="bbox 537 1882 1167 1982">
     <span class='ocr_line' id='line_1_11' title="bbox 537 1882 1167 1982; baseline 0 -22"><span class='ocrx_word' id='word_1_81' title='bbox 537 1883 716 1982; x_wconf 77' lang='lat' dir='ltr'>Mercurii</span> <span class='ocrx_word' id='word_1_82' title='bbox 735 1884 775 1960; x_wconf 90' lang='lat' dir='ltr'>in</span> <span class='ocrx_word' id='word_1_83' title='bbox 794 1882 890 1960; x_wconf 79' lang='lat' dir='ltr'>festo</span> <span class='ocrx_word' id='word_1_84' title='bbox 909 1882 1019 1962; x_wconf 82' lang='lat' dir='ltr'>beate</span> <span class='ocrx_word' id='word_1_85' title='bbox 1039 1884 1167 1964; x_wconf 85' lang='lat' dir='ltr'>Lucie.</span> 
     </span>
    </p>

    <p class='ocr_par' dir='ltr' id='par_1_6' title="bbox 536 2012 927 2119">
     <span class='ocr_line' id='line_1_12' title="bbox 536 2012 927 2119; baseline 0 -29"><span class='ocrx_word' id='word_1_86' title='bbox 536 2012 698 2094; x_wconf 87' lang='lat' dir='ltr'>Cuillier</span> <span class='ocrx_word' id='word_1_87' title='bbox 715 2013 927 2119; x_wconf 81' lang='lat' dir='ltr'>reportavit.</span> 
     </span>
    </p>
   </div>
   <div class='ocr_carea' id='block_1_5' title="bbox 464 2275 1965 5125">
    <p class='ocr_par' dir='ltr' id='par_1_7' title="bbox 464 2275 1965 4997">
     <span class='ocr_line' id='line_1_13' title="bbox 536 2275 1965 2384; baseline 0.005 -28"><span class='ocrx_word' id='word_1_88' title='bbox 536 2279 628 2356; x_wconf 80' lang='lat' dir='ltr'>xlv.</span> <span class='ocrx_word' id='word_1_89' title='bbox 659 2279 774 2367; x_wconf 87' lang='lat' dir='ltr'>Cum,</span> <span class='ocrx_word' id='word_1_90' title='bbox 788 2278 889 2356; x_wconf 85' lang='lat' dir='ltr'>inter</span> <span class='ocrx_word' id='word_1_91' title='bbox 898 2295 1079 2370; x_wconf 74' lang='lat' dir='ltr'>tenerer,</span> <span class='ocrx_word' id='word_1_92' title='bbox 1094 2305 1140 2358; x_wconf 84' lang='lat' dir='ltr'>ex</span> <span class='ocrx_word' id='word_1_93' title='bbox 1155 2305 1231 2356; x_wconf 89' lang='lat' dir='ltr'>una</span> <span class='ocrx_word' id='word_1_94' title='bbox 1246 2293 1367 2384; x_wconf 81' lang='lat' dir='ltr'>parte,</span> <span class='ocrx_word' id='word_1_95' title='bbox 1382 2291 1422 2359; x_wconf 84' lang='lat' dir='ltr'>et</span> <span class='ocrx_word' id='word_1_96' title='bbox 1431 2275 1594 2361; x_wconf 77' lang='lat' dir='ltr'>fullones</span> <span class='ocrx_word' id='word_1_97' title='bbox 1611 2291 1649 2354; x_wconf 91' lang='lat' dir='ltr'>et</span> <span class='ocrx_word' id='word_1_98' title='bbox 1664 2275 1907 2362; x_wconf 51' lang='lat' dir='ltr'>&amp;moranno</span> <span class='ocrx_word' id='word_1_99' title='bbox 1962 2367 1965 2372; x_wconf 74' lang='grc'>,</span> 
     </span>
     <span class='ocr_line' id='line_1_14' title="bbox 479 2405 1903 2516; baseline 0.005 -31"><span class='ocrx_word' id='word_1_100' title='bbox 479 2407 565 2486; x_wconf 87' lang='lat' dir='ltr'>ville</span> <span class='ocrx_word' id='word_1_101' title='bbox 583 2408 950 2500; x_wconf 66' lang='lat' dir='ltr'>Canrtrtanthonii,</span> <span class='ocrx_word' id='word_1_102' title='bbox 971 2439 1015 2488; x_wconf 80' lang='lat' dir='ltr'>ea</span> <span class='ocrx_word' id='word_1_103' title='bbox 1034 2408 1167 2502; x_wconf 70' lang='lat' dir='ltr'>alteru,</span> <span class='ocrx_word' id='word_1_104' title='bbox 1188 2437 1302 2516; x_wconf 80' lang='lat' dir='ltr'>cuper</span> <span class='ocrx_word' id='word_1_105' title='bbox 1320 2435 1453 2490; x_wconf 84' lang='lat' dir='ltr'>eorum</span> <span class='ocrx_word' id='word_1_106' title='bbox 1475 2405 1608 2489; x_wconf 79' lang='lat' dir='ltr'>officiis</span> <span class='ocrx_word' id='word_1_107' title='bbox 1625 2407 1806 2514; x_wconf 70' lang='lat' dir='ltr'>predictis</span> <span class='ocrx_word' id='word_1_108' title='bbox 1823 2426 1903 2492; x_wconf 79' lang='lat' dir='ltr'>orte</span> 
     </span>
     <span class='ocr_line' id='line_1_15' title="bbox 479 2539 1902 2649; baseline 0.002 -33"><span class='ocrx_word' id='word_1_109' title='bbox 479 2541 672 2646; x_wconf 86' lang='lat' dir='ltr'>quondam</span> <span class='ocrx_word' id='word_1_110' title='bbox 685 2541 890 2632; x_wconf 70' lang='lat' dir='ltr'>discordia,</span> <span class='ocrx_word' id='word_1_111' title='bbox 906 2542 999 2620; x_wconf 81' lang='lat' dir='ltr'>lacta</span> <span class='ocrx_word' id='word_1_112' title='bbox 1010 2539 1156 2631; x_wconf 69' lang='lat' dir='ltr'>luriuet,</span> <span class='ocrx_word' id='word_1_113' title='bbox 1168 2569 1238 2649; x_wconf 91' lang='lat' dir='ltr'>per</span> <span class='ocrx_word' id='word_1_114' title='bbox 1246 2540 1429 2620; x_wconf 80' lang='lat' dir='ltr'>ballivum</span> <span class='ocrx_word' id='word_1_115' title='bbox 1441 2557 1534 2620; x_wconf 90' lang='lat' dir='ltr'>tunc</span> <span class='ocrx_word' id='word_1_116' title='bbox 1549 2539 1827 2626; x_wconf 65' lang='lat' dir='ltr'>Sunonensem,</span> <span class='ocrx_word' id='word_1_117' title='bbox 1843 2567 1902 2620; x_wconf 90' lang='lat' dir='ltr'>or-</span> 
     </span>
     <span class='ocr_line' id='line_1_16' title="bbox 480 2669 1901 2780; baseline 0.004 -33"><span class='ocrx_word' id='word_1_118' title='bbox 480 2670 627 2748; x_wconf 81' lang='lat' dir='ltr'>dinacio</span> <span class='ocrx_word' id='word_1_119' title='bbox 647 2673 831 2779; x_wconf 87' lang='lat' dir='ltr'>quedam,</span> <span class='ocrx_word' id='word_1_120' title='bbox 849 2674 1046 2752; x_wconf 73' lang='lat' dir='ltr'>continear</span> <span class='ocrx_word' id='word_1_121' title='bbox 1062 2671 1170 2780; x_wconf 85' lang='lat' dir='ltr'>quod</span> <span class='ocrx_word' id='word_1_122' title='bbox 1187 2699 1321 2752; x_wconf 72' lang='lat' dir='ltr'>omnen</span> <span class='ocrx_word' id='word_1_123' title='bbox 1334 2689 1373 2750; x_wconf 89' lang='lat' dir='ltr'>et</span> <span class='ocrx_word' id='word_1_124' title='bbox 1390 2669 1529 2779; x_wconf 73' lang='lat' dir='ltr'>singuli</span> <span class='ocrx_word' id='word_1_125' title='bbox 1548 2687 1725 2762; x_wconf 74' lang='lat' dir='ltr'>textores,</span> <span class='ocrx_word' id='word_1_126' title='bbox 1740 2669 1901 2753; x_wconf 72' lang='lat' dir='ltr'>fullones</span> 
     </span>
     <span class='ocr_line' id='line_1_17' title="bbox 478 2799 1902 2912; baseline 0.001 -34"><span class='ocrx_word' id='word_1_127' title='bbox 478 2818 518 2878; x_wconf 88' lang='lat' dir='ltr'>et</span> <span class='ocrx_word' id='word_1_128' title='bbox 533 2801 742 2879; x_wconf 81' lang='lat' dir='ltr'>tincuuarii</span> <span class='ocrx_word' id='word_1_129' title='bbox 760 2801 862 2880; x_wconf 84' lang='lat' dir='ltr'>dicte</span> <span class='ocrx_word' id='word_1_130' title='bbox 880 2800 967 2878; x_wconf 84' lang='lat' dir='ltr'>ville</span> <span class='ocrx_word' id='word_1_131' title='bbox 982 2801 1211 2909; x_wconf 73' lang='lat' dir='ltr'>quicumque</span> <span class='ocrx_word' id='word_1_132' title='bbox 1227 2801 1365 2883; x_wconf 82' lang='lat' dir='ltr'>vellent</span> <span class='ocrx_word' id='word_1_133' title='bbox 1381 2801 1501 2884; x_wconf 83' lang='lat' dir='ltr'>officia</span> <span class='ocrx_word' id='word_1_134' title='bbox 1519 2799 1686 2912; x_wconf 80' lang='lat' dir='ltr'>predicta</span> <span class='ocrx_word' id='word_1_135' title='bbox 1702 2801 1830 2882; x_wconf 77' lang='lat' dir='ltr'>omnic</span> <span class='ocrx_word' id='word_1_136' title='bbox 1844 2800 1902 2880; x_wconf 90' lang='lat' dir='ltr'>in-</span> 
     </span>
     <span class='ocr_line' id='line_1_18' title="bbox 479 2930 1900 3039; baseline 0.003 -33"><span class='ocrx_word' id='word_1_137' title='bbox 479 2930 593 3006; x_wconf 80' lang='lat' dir='ltr'>simul</span> <span class='ocrx_word' id='word_1_138' title='bbox 614 2948 653 3007; x_wconf 88' lang='lat' dir='ltr'>et</span> <span class='ocrx_word' id='word_1_139' title='bbox 668 2959 738 3037; x_wconf 86' lang='lat' dir='ltr'>per</span> <span class='ocrx_word' id='word_1_140' title='bbox 754 2958 794 3009; x_wconf 80' lang='lat' dir='ltr'>ue</span> <span class='ocrx_word' id='word_1_141' title='bbox 812 2931 1015 3038; x_wconf 76' lang='lat' dir='ltr'>quodlibet</span> <span class='ocrx_word' id='word_1_142' title='bbox 1030 2959 1165 3012; x_wconf 83' lang='lat' dir='ltr'>eorum</span> <span class='ocrx_word' id='word_1_143' title='bbox 1182 2931 1304 3012; x_wconf 83' lang='lat' dir='ltr'>facere</span> <span class='ocrx_word' id='word_1_144' title='bbox 1316 2949 1470 3039; x_wconf 75' lang='lat' dir='ltr'>poscent</span> <span class='ocrx_word' id='word_1_145' title='bbox 1482 2947 1521 3012; x_wconf 86' lang='lat' dir='ltr'>et</span> <span class='ocrx_word' id='word_1_146' title='bbox 1535 2959 1726 3020; x_wconf 78' lang='lat' dir='ltr'>exercere,</span> <span class='ocrx_word' id='word_1_147' title='bbox 1740 2931 1900 3038; x_wconf 81' lang='lat' dir='ltr'>predicti</span> 
     </span>
     <span class='ocr_line' id='line_1_19' title="bbox 477 3058 1900 3170; baseline 0.008 -32"><span class='ocrx_word' id='word_1_148' title='bbox 477 3058 640 3138; x_wconf 71' lang='lat' dir='ltr'>aulones</span> <span class='ocrx_word' id='word_1_149' title='bbox 653 3077 692 3137; x_wconf 89' lang='lat' dir='ltr'>ct</span> <span class='ocrx_word' id='word_1_150' title='bbox 702 3061 913 3138; x_wconf 81' lang='lat' dir='ltr'>tincturarii</span> <span class='ocrx_word' id='word_1_151' title='bbox 924 3062 1036 3142; x_wconf 82' lang='lat' dir='ltr'>nobie</span> <span class='ocrx_word' id='word_1_152' title='bbox 1046 3091 1162 3170; x_wconf 72' lang='lat' dir='ltr'>seper</span> <span class='ocrx_word' id='word_1_153' title='bbox 1173 3065 1246 3145; x_wconf 83' lang='lat' dir='ltr'>hoe</span> <span class='ocrx_word' id='word_1_154' title='bbox 1261 3063 1456 3170; x_wconf 71' lang='lat' dir='ltr'>conquesti</span> <span class='ocrx_word' id='word_1_155' title='bbox 1469 3061 1638 3154; x_wconf 70' lang='lat' dir='ltr'>sinerum,</span> <span class='ocrx_word' id='word_1_156' title='bbox 1652 3059 1828 3167; x_wconf 72' lang='lat' dir='ltr'>pluitur</span> <span class='ocrx_word' id='word_1_157' title='bbox 1843 3089 1900 3148; x_wconf 71' lang='lat' dir='ltr'>tt·</span> 
     </span>
     <span class='ocr_line' id='line_1_20' title="bbox 478 3189 1900 3298; baseline 0.005 -33"><span class='ocrx_word' id='word_1_158' title='bbox 478 3189 650 3268; x_wconf 78' lang='lat' dir='ltr'>clunibus</span> <span class='ocrx_word' id='word_1_159' title='bbox 667 3210 923 3298; x_wconf 75' lang='lat' dir='ltr'>proponentes</span> <span class='ocrx_word' id='word_1_160' title='bbox 942 3193 1082 3271; x_wconf 82' lang='lat' dir='ltr'>dictam</span> <span class='ocrx_word' id='word_1_161' title='bbox 1106 3193 1386 3274; x_wconf 77' lang='lat' dir='ltr'>ordimcioncm</span> <span class='ocrx_word' id='word_1_162' title='bbox 1411 3193 1452 3273; x_wconf 89' lang='lat' dir='ltr'>iu</span> <span class='ocrx_word' id='word_1_163' title='bbox 1475 3219 1610 3276; x_wconf 77' lang='lat' dir='ltr'>comm</span> <span class='ocrx_word' id='word_1_164' title='bbox 1635 3192 1846 3297; x_wconf 78' lang='lat' dir='ltr'>dampnum</span> <span class='ocrx_word' id='word_1_165' title='bbox 1863 3211 1900 3273; x_wconf 87' lang='lat' dir='ltr'>ct</span> 
     </span>
     <span class='ocr_line' id='line_1_21' title="bbox 474 3320 1900 3428; baseline 0.009 -31"><span class='ocrx_word' id='word_1_166' title='bbox 474 3321 744 3428; x_wconf 81' lang='lat' dir='ltr'>prejudicium,</span> <span class='ocrx_word' id='word_1_167' title='bbox 764 3339 803 3400; x_wconf 85' lang='lat' dir='ltr'>et</span> <span class='ocrx_word' id='word_1_168' title='bbox 814 3339 941 3402; x_wconf 86' lang='lat' dir='ltr'>contra</span> <span class='ocrx_word' id='word_1_169' title='bbox 959 3352 1071 3401; x_wconf 81' lang='lat' dir='ltr'>urum</span> <span class='ocrx_word' id='word_1_170' title='bbox 1087 3341 1126 3402; x_wconf 83' lang='lat' dir='ltr'>et</span> <span class='ocrx_word' id='word_1_171' title='bbox 1143 3322 1456 3404; x_wconf 71' lang='lat' dir='ltr'>consuetudinem</span> <span class='ocrx_word' id='word_1_172' title='bbox 1473 3322 1575 3406; x_wconf 79' lang='lat' dir='ltr'>dicto</span> <span class='ocrx_word' id='word_1_173' title='bbox 1585 3320 1672 3405; x_wconf 81' lang='lat' dir='ltr'>ville</span> <span class='ocrx_word' id='word_1_174' title='bbox 1688 3339 1727 3400; x_wconf 91' lang='lat' dir='ltr'>et</span> <span class='ocrx_word' id='word_1_175' title='bbox 1742 3321 1900 3410; x_wconf 65' lang='lat' dir='ltr'>drumm</span> 
     </span>
     <span class='ocr_line' id='line_1_22' title="bbox 474 3450 1936 3560; baseline 0.008 -35"><span class='ocrx_word' id='word_1_176' title='bbox 474 3450 663 3539; x_wconf 82' lang='lat' dir='ltr'>villarum,</span> <span class='ocrx_word' id='word_1_177' title='bbox 677 3452 872 3560; x_wconf 74' lang='lat' dir='ltr'>inquibus</span> <span class='ocrx_word' id='word_1_178' title='bbox 891 3453 1098 3536; x_wconf 79' lang='lat' dir='ltr'>hecofficie</span> <span class='ocrx_word' id='word_1_179' title='bbox 1110 3454 1365 3536; x_wconf 77' lang='lat' dir='ltr'>conmuniter</span> <span class='ocrx_word' id='word_1_180' title='bbox 1377 3469 1607 3540; x_wconf 72' lang='lat' dir='ltr'>exercentur.</span> <span class='ocrx_word' id='word_1_181' title='bbox 1621 3468 1748 3536; x_wconf 83' lang='lat' dir='ltr'>etnon</span> <span class='ocrx_word' id='word_1_182' title='bbox 1761 3454 1900 3538; x_wconf 73' lang='lat' dir='ltr'>veens</span> <span class='ocrx_word' id='word_1_183' title='bbox 1932 3482 1936 3488; x_wconf 82' lang='lat'>·</span> 
     </span>
     <span class='ocr_line' id='line_1_23' title="bbox 475 3578 1898 3693; baseline 0.004 -35"><span class='ocrx_word' id='word_1_184' title='bbox 475 3578 548 3658; x_wconf 79' lang='lat' dir='ltr'>illie</span> <span class='ocrx_word' id='word_1_185' title='bbox 567 3610 734 3688; x_wconf 89' lang='lat' dir='ltr'>quorum</span> <span class='ocrx_word' id='word_1_186' title='bbox 753 3584 949 3673; x_wconf 76' lang='lat' dir='ltr'>intererat,</span> <span class='ocrx_word' id='word_1_187' title='bbox 970 3583 1104 3664; x_wconf 70' lang='lat' dir='ltr'>factam</span> <span class='ocrx_word' id='word_1_188' title='bbox 1129 3583 1262 3676; x_wconf 71' lang='lat' dir='ltr'>fuisse,</span> <span class='ocrx_word' id='word_1_189' title='bbox 1287 3602 1395 3693; x_wconf 86' lang='lat' dir='ltr'>parte</span> <span class='ocrx_word' id='word_1_190' title='bbox 1415 3584 1603 3666; x_wconf 78' lang='lat' dir='ltr'>dictorum</span> <span class='ocrx_word' id='word_1_191' title='bbox 1621 3598 1811 3668; x_wconf 68' lang='lat' dir='ltr'>uirorum</span> <span class='ocrx_word' id='word_1_192' title='bbox 1828 3612 1898 3690; x_wconf 89' lang='lat' dir='ltr'>pro</span> 
     </span>
     <span class='ocr_line' id='line_1_24' title="bbox 474 3709 1893 3808; baseline 0.006 -21"><span class='ocrx_word' id='word_1_193' title='bbox 474 3709 574 3789; x_wconf 78' lang='lat' dir='ltr'>dicta</span> <span class='ocrx_word' id='word_1_194' title='bbox 587 3713 826 3792; x_wconf 79' lang='lat' dir='ltr'>ordinatione</span> <span class='ocrx_word' id='word_1_195' title='bbox 843 3714 1008 3792; x_wconf 85' lang='lat' dir='ltr'>tenenda</span> <span class='ocrx_word' id='word_1_196' title='bbox 1021 3715 1271 3804; x_wconf 78' lang='lat' dir='ltr'>contrarium,</span> <span class='ocrx_word' id='word_1_197' title='bbox 1289 3717 1419 3797; x_wconf 83' lang='lat' dir='ltr'>multis</span> <span class='ocrx_word' id='word_1_198' title='bbox 1432 3715 1660 3808; x_wconf 83' lang='lat' dir='ltr'>racionibue,</span> <span class='ocrx_word' id='word_1_199' title='bbox 1682 3733 1893 3800; x_wconf 69' lang='lat' dir='ltr'>merente:</span> 
     </span>
     <span class='ocr_line' id='line_1_25' title="bbox 472 3833 1897 3951; baseline 0.01 -36"><span class='ocrx_word' id='word_1_200' title='bbox 472 3840 621 3918; x_wconf 68' lang='lat' dir='ltr'>Auditis</span> <span class='ocrx_word' id='word_1_201' title='bbox 640 3841 756 3948; x_wconf 84' lang='lat' dir='ltr'>igitur</span> <span class='ocrx_word' id='word_1_202' title='bbox 773 3833 883 3922; x_wconf 73' lang='lat' dir='ltr'>dictis</span> <span class='ocrx_word' id='word_1_203' title='bbox 901 3845 1088 3951; x_wconf 71' lang='lat' dir='ltr'>partibus,</span> <span class='ocrx_word' id='word_1_204' title='bbox 1110 3863 1149 3924; x_wconf 86' lang='lat' dir='ltr'>et</span> <span class='ocrx_word' id='word_1_205' title='bbox 1167 3845 1261 3926; x_wconf 79' lang='lat' dir='ltr'>lecta</span> <span class='ocrx_word' id='word_1_206' title='bbox 1277 3846 1324 3928; x_wconf 82' lang='lat' dir='ltr'>de</span> <span class='ocrx_word' id='word_1_207' title='bbox 1343 3847 1525 3930; x_wconf 80' lang='lat' dir='ltr'>mandute</span> <span class='ocrx_word' id='word_1_208' title='bbox 1541 3863 1670 3928; x_wconf 74' lang='lat' dir='ltr'>nostro</span> <span class='ocrx_word' id='word_1_209' title='bbox 1689 3873 1804 3951; x_wconf 80' lang='lat' dir='ltr'>cuper.</span> <span class='ocrx_word' id='word_1_210' title='bbox 1823 3846 1897 3929; x_wconf 84' lang='lat' dir='ltr'>hcc</span> 
     </span>
     <span class='ocr_line' id='line_1_26' title="bbox 473 3970 1897 4086; baseline 0.015 -43"><span class='ocrx_word' id='word_1_211' title='bbox 473 3970 644 4075; x_wconf 80' lang='lat' dir='ltr'>inqueste</span> <span class='ocrx_word' id='word_1_212' title='bbox 662 3971 739 4050; x_wconf 81' lang='lat' dir='ltr'>visa</span> <span class='ocrx_word' id='word_1_213' title='bbox 757 3989 797 4051; x_wconf 88' lang='lat' dir='ltr'>et</span> <span class='ocrx_word' id='word_1_214' title='bbox 816 3973 1018 4082; x_wconf 72' lang='lat' dir='ltr'>diligenter</span> <span class='ocrx_word' id='word_1_215' title='bbox 1036 3976 1260 4068; x_wconf 75' lang='lat' dir='ltr'>examinata,</span> <span class='ocrx_word' id='word_1_216' title='bbox 1283 3977 1510 4086; x_wconf 81' lang='lat' dir='ltr'>inventoque</span> <span class='ocrx_word' id='word_1_217' title='bbox 1531 3977 1652 4060; x_wconf 79' lang='lat' dir='ltr'>diuos</span> <span class='ocrx_word' id='word_1_218' title='bbox 1673 3975 1839 4062; x_wconf 79' lang='lat' dir='ltr'>lullonttt</span> <span class='ocrx_word' id='word_1_219' title='bbox 1858 3995 1897 4064; x_wconf 72' lang='lat' dir='ltr'>tl</span> 
     </span>
     <span class='ocr_line' id='line_1_27' title="bbox 471 4099 1895 4208; baseline 0.01 -32"><span class='ocrx_word' id='word_1_220' title='bbox 471 4099 726 4196; x_wconf 79' lang='lat' dir='ltr'>tincturarioe,</span> <span class='ocrx_word' id='word_1_221' title='bbox 745 4131 913 4208; x_wconf 73' lang='lat' dir='ltr'>aprorum</span> <span class='ocrx_word' id='word_1_222' title='bbox 937 4105 1131 4197; x_wconf 78' lang='lat' dir='ltr'>intererat,</span> <span class='ocrx_word' id='word_1_223' title='bbox 1157 4108 1283 4193; x_wconf 81' lang='lat' dir='ltr'>minut</span> <span class='ocrx_word' id='word_1_224' title='bbox 1300 4108 1696 4192; x_wconf 78' lang='lat' dir='ltr'>cufficientervocatos</span> <span class='ocrx_word' id='word_1_225' title='bbox 1720 4107 1836 4193; x_wconf 76' lang='lat' dir='ltr'>luiete</span> <span class='ocrx_word' id='word_1_226' title='bbox 1855 4109 1895 4190; x_wconf 75' lang='lat' dir='ltr'>in</span> 
     </span>
     <span class='ocr_line' id='line_1_28' title="bbox 472 4230 1895 4348; baseline 0.011 -41"><span class='ocrx_word' id='word_1_227' title='bbox 472 4230 714 4311; x_wconf 83' lang='lat' dir='ltr'>ordinacione</span> <span class='ocrx_word' id='word_1_228' title='bbox 730 4234 916 4340; x_wconf 86' lang='lat' dir='ltr'>predicta,</span> <span class='ocrx_word' id='word_1_229' title='bbox 933 4254 973 4314; x_wconf 86' lang='lat' dir='ltr'>et</span> <span class='ocrx_word' id='word_1_230' title='bbox 983 4237 1148 4346; x_wconf 76' lang='lat' dir='ltr'>quedam</span> <span class='ocrx_word' id='word_1_231' title='bbox 1166 4238 1240 4320; x_wconf 82' lang='lat' dir='ltr'>alia</span> <span class='ocrx_word' id='word_1_232' title='bbox 1250 4238 1364 4320; x_wconf 72' lang='lat' dir='ltr'>fuine</span> <span class='ocrx_word' id='word_1_233' title='bbox 1379 4239 1418 4320; x_wconf 88' lang='lat' dir='ltr'>in</span> <span class='ocrx_word' id='word_1_234' title='bbox 1431 4268 1474 4322; x_wconf 82' lang='lat' dir='ltr'>eu</span> <span class='ocrx_word' id='word_1_235' title='bbox 1487 4239 1727 4348; x_wconf 70' lang='lat' dir='ltr'>pretermittit</span> <span class='ocrx_word' id='word_1_236' title='bbox 1744 4267 1820 4346; x_wconf 79' lang='lat' dir='ltr'>qne</span> <span class='ocrx_word' id='word_1_237' title='bbox 1832 4267 1895 4322; x_wconf 83' lang='lat' dir='ltr'>eu·</span> 
     </span>
     <span class='ocr_line' id='line_1_29' title="bbox 470 4363 1894 4478; baseline 0.01 -39"><span class='ocrx_word' id='word_1_238' title='bbox 470 4389 538 4467; x_wconf 85' lang='lat' dir='ltr'>per</span> <span class='ocrx_word' id='word_1_239' title='bbox 557 4363 665 4442; x_wconf 85' lang='lat' dir='ltr'>dictis</span> <span class='ocrx_word' id='word_1_240' title='bbox 684 4364 817 4444; x_wconf 82' lang='lat' dir='ltr'>officiis</span> <span class='ocrx_word' id='word_1_241' title='bbox 835 4368 980 4448; x_wconf 80' lang='lat' dir='ltr'>attendi</span> <span class='ocrx_word' id='word_1_242' title='bbox 999 4387 1268 4448; x_wconf 74' lang='lat' dir='ltr'>consueverant</span> <span class='ocrx_word' id='word_1_243' title='bbox 1286 4386 1324 4450; x_wconf 86' lang='lat' dir='ltr'>ct</span> <span class='ocrx_word' id='word_1_244' title='bbox 1341 4371 1547 4464; x_wconf 73' lang='lat' dir='ltr'>debebunt,</span> <span class='ocrx_word' id='word_1_245' title='bbox 1564 4400 1632 4478; x_wconf 86' lang='lat' dir='ltr'>per</span> <span class='ocrx_word' id='word_1_246' title='bbox 1645 4369 1749 4453; x_wconf 78' lang='lat' dir='ltr'>curie</span> <span class='ocrx_word' id='word_1_247' title='bbox 1764 4388 1894 4452; x_wconf 81' lang='lat' dir='ltr'>nostre</span> 
     </span>
     <span class='ocr_line' id='line_1_30' title="bbox 464 4492 1892 4609; baseline 0.011 -40"><span class='ocrx_word' id='word_1_248' title='bbox 464 4492 672 4599; x_wconf 86' lang='lat' dir='ltr'>judicium,</span> <span class='ocrx_word' id='word_1_249' title='bbox 694 4495 889 4575; x_wconf 86' lang='lat' dir='ltr'>ordinacio</span> <span class='ocrx_word' id='word_1_250' title='bbox 902 4498 1073 4606; x_wconf 85' lang='lat' dir='ltr'>predicta</span> <span class='ocrx_word' id='word_1_251' title='bbox 1086 4499 1160 4580; x_wconf 83' lang='lat' dir='ltr'>luit</span> <span class='ocrx_word' id='word_1_252' title='bbox 1175 4500 1331 4606; x_wconf 76' lang='lat' dir='ltr'>penitue</span> <span class='ocrx_word' id='word_1_253' title='bbox 1344 4501 1526 4594; x_wconf 73' lang='lat' dir='ltr'>mutan,</span> <span class='ocrx_word' id='word_1_254' title='bbox 1544 4518 1582 4579; x_wconf 83' lang='lat' dir='ltr'>et</span> <span class='ocrx_word' id='word_1_255' title='bbox 1599 4499 1892 4609; x_wconf 79' lang='lat' dir='ltr'>pronunciatum</span> 
     </span>
     <span class='ocr_line' id='line_1_31' title="bbox 467 4621 1893 4738; baseline 0.011 -40"><span class='ocrx_word' id='word_1_256' title='bbox 467 4621 539 4699; x_wconf 84' lang='lat' dir='ltr'>fuit</span> <span class='ocrx_word' id='word_1_257' title='bbox 558 4651 640 4700; x_wconf 89' lang='lat' dir='ltr'>cam</span> <span class='ocrx_word' id='word_1_258' title='bbox 660 4653 739 4702; x_wconf 90' lang='lat' dir='ltr'>non</span> <span class='ocrx_word' id='word_1_259' title='bbox 758 4627 902 4707; x_wconf 76' lang='lat' dir='ltr'>debere</span> <span class='ocrx_word' id='word_1_260' title='bbox 917 4630 1057 4720; x_wconf 84' lang='lat' dir='ltr'>teneri,</span> <span class='ocrx_word' id='word_1_261' title='bbox 1075 4649 1113 4709; x_wconf 86' lang='lat' dir='ltr'>et</span> <span class='ocrx_word' id='word_1_262' title='bbox 1131 4659 1217 4722; x_wconf 87' lang='lat' dir='ltr'>nos,</span> <span class='ocrx_word' id='word_1_263' title='bbox 1238 4659 1353 4737; x_wconf 83' lang='lat' dir='ltr'>cuper</span> <span class='ocrx_word' id='word_1_264' title='bbox 1372 4631 1505 4714; x_wconf 84' lang='lat' dir='ltr'>officiis</span> <span class='ocrx_word' id='word_1_265' title='bbox 1523 4631 1702 4738; x_wconf 75' lang='lat' dir='ltr'>predictis</span> <span class='ocrx_word' id='word_1_266' title='bbox 1720 4646 1759 4713; x_wconf 86' lang='lat' dir='ltr'>et</span> <span class='ocrx_word' id='word_1_267' title='bbox 1777 4657 1893 4736; x_wconf 66' lang='lat' dir='ltr'>nuper</span> 
     </span>
     <span class='ocr_line' id='line_1_32' title="bbox 465 4752 1891 4867; baseline 0.007 -39"><span class='ocrx_word' id='word_1_268' title='bbox 465 4752 670 4856; x_wconf 88' lang='lat' dir='ltr'>punicione</span> <span class='ocrx_word' id='word_1_269' title='bbox 688 4755 843 4838; x_wconf 82' lang='lat' dir='ltr'>illorum</span> <span class='ocrx_word' id='word_1_270' title='bbox 861 4759 930 4866; x_wconf 92' lang='lat' dir='ltr'>qui</span> <span class='ocrx_word' id='word_1_271' title='bbox 949 4758 1209 4867; x_wconf 72' lang='lat' dir='ltr'>delinquerint</span> <span class='ocrx_word' id='word_1_272' title='bbox 1227 4760 1268 4840; x_wconf 88' lang='lat' dir='ltr'>iu</span> <span class='ocrx_word' id='word_1_273' title='bbox 1288 4761 1449 4852; x_wconf 78' lang='lat' dir='ltr'>eisdem,</span> <span class='ocrx_word' id='word_1_274' title='bbox 1475 4759 1751 4851; x_wconf 80' lang='lat' dir='ltr'>ordinabimus,</span> <span class='ocrx_word' id='word_1_275' title='bbox 1777 4777 1891 4865; x_wconf 89' lang='lat' dir='ltr'>prout</span> 
     </span>
     <span class='ocr_line' id='line_1_33' title="bbox 465 4887 1586 4997; baseline 0.013 -36"><span class='ocrx_word' id='word_1_276' title='bbox 465 4901 504 4961; x_wconf 85' lang='lat' dir='ltr'>et</span> <span class='ocrx_word' id='word_1_277' title='bbox 521 4887 673 4991; x_wconf 79' lang='lat' dir='ltr'>quando</span> <span class='ocrx_word' id='word_1_278' title='bbox 692 4887 807 4966; x_wconf 82' lang='lat' dir='ltr'>luerit</span> <span class='ocrx_word' id='word_1_279' title='bbox 825 4908 1060 4997; x_wconf 85' lang='lat' dir='ltr'>oportunum</span> <span class='ocrx_word' id='word_1_280' title='bbox 1080 4909 1119 4972; x_wconf 90' lang='lat' dir='ltr'>et</span> <span class='ocrx_word' id='word_1_281' title='bbox 1136 4891 1340 4976; x_wconf 71' lang='lat' dir='ltr'>viderimus</span> <span class='ocrx_word' id='word_1_282' title='bbox 1359 4893 1586 4976; x_wconf 72' lang='lat' dir='ltr'>faciendum</span> 
     </span>
    </p>

    <p class='ocr_par' dir='ltr' id='par_1_8' title="bbox 519 5015 893 5125">
     <span class='ocr_line' id='line_1_34' title="bbox 519 5015 893 5125; baseline 0.008 -31"><span class='ocrx_word' id='word_1_283' title='bbox 519 5015 695 5096; x_wconf 81' lang='lat' dir='ltr'>Mercurii</span> <span class='ocrx_word' id='word_1_284' title='bbox 714 5019 893 5125; x_wconf 86' lang='lat' dir='ltr'>predicta.</span> 
     </span>
    </p>
   </div>
   <div class='ocr_carea' id='block_1_6' title="bbox 0 0 2230 6209">
    <p class='ocr_par' dir='ltr' id='par_1_9' title="bbox 0 0 2230 6209">
     <span class='ocr_line' id='line_1_35' title="bbox 0 0 2230 6209; baseline 0 9"><span class='ocrx_word' id='word_1_285' title='bbox 0 0 2230 6209; x_wconf 95' lang='lat' dir='ltr'> </span> 
     </span>
    </p>
   </div>
  </div>
 </body>
</html>
