4450 6209
542 758 615 831 392
1125 758 1215 831 LES
1244 757 1383 832 OLlM.

316 908 446 964 rmum
459 908 503 973 lv,
595 897 653 974 ΠΙ.
685 899 794 991 Item,
814 926 1011 1007 processus
1025 900 1064 976 in
1079 927 1189 979 causa
1202 900 1469 1009 appellacionis
1483 902 1584 981 iuter
1596 917 1882 1009 procuratorem
1895 905 1958 981 Pe·

378 1000 440 1045 ¹³⁰⁹
539 1030 831 1140 tragoricensem
853 1060 941 1109 cum
962 1032 1089 1121 Petro,
1115 1030 1309 1137 capellano
1331 1032 1627 1123 Sancti-Felicis,
1649 1052 1780 1113 oonua
1802 1032 1959 1114 Guillel-

539 1190 646 1240 mum
667 1163 839 1257 Quintini
860 1179 898 1241 et
917 1162 999 1271 ejus
1018 1178 1223 1243 consortes.

592 1426 651 1507 IV.
682 1429 793 1516 Item,
810 1455 1007 1535 processus
1022 1428 1123 1507 inter
1136 1444 1420 1535 procuratorem
1435 1428 1775 1537 Pelngoricensem
1790 1448 1832 1530 et
1843 1431 1959 1509 homi·

535 1584 602 1637 nes
622 1558 670 1637 de
685 1557 996 1668 Bello-Regendo,
1015 1588 1129 1667 super
1146 1559 1364 1666 portacione
1378 1586 1572 1639 manorum
1586 1576 1717 1641 cenna
1730 1562 1897 1669 priorem
1911 1561 1955 1639 de

534 1688 739 1797 Prugnans.

592 1954 633 2031 V.
665 1953 777 2045 ltem,
799 1956 1052 2059 processus‘in
1072 1983 1183 2033 causa
1198 1955 1466 2063 appellacionis
1484 1956 1582 2034 inser
1595 1974 1877 2063 procuratorem
1892 1957 1955 2033 Pe·

534 2083 826 2193 tragoricensem
847 2113 934 2161 cum
955 2084 1187 2164 monialibus
1211 2086 1259 2164 de
1279 2088 1436 2196 Leyme,
1457 2103 1586 2164 contm
1610 2086 1787 2165 homines
1804 2086 1892 2166 ville
1910 2086 1954 2165 (le

535 2214 712 2293 Moleriis.

527 2542 533 2549 ·
590 2482 649 2561 VI.
681 2482 792 2571 llem,
807 2508 1003 2590 processus
1018 2482 1057 2559 in
1074 2510 1184 2561 causa
1198 2482 1465 2592 appellacioni's
1479 2485 1577 2565 inter
1591 2502 1874 2592 procuratorem
1889 2486 1953 2563 Ru·

532 2613 757 2693 rhenensem
779 2632 817 2693 et
835 2612 1049 2694 Deodatum
1069 2614 1256 2707 Terondi,
1278 2613 1327 2693 de
1348 2614 1620 2695 Sancto-leno.

562 2880 566 2888 ’
590 2878 666 2955 Vll.
698 2878 814 2969 Item,
840 2904 1036 2985 processus
1055 2879 1094 2957 in
1112 2906 1225 2957 causa
1243 2878 1510 2986 appellacionis
1529 2878 1628 2957 inser
1653 2880 1888 2959 Emerunlim
1906 2880 1949 2957 de

535 3007 661 3085 Utecia
681 3025 718 3085 et
737 3006 985 3087 Guillelmum
1006 3008 1053 3086 de
1071 3008 1277 3110 Randone,
1294 3010 1495 3089 dominum
1514 3010 1619 3089 Luci.

865 3555 1160 3669 rnounsrs
1193 3556 1268 3645 er
1297 3555 1645 3649 rnocnssus
1703 3659 1711 3665 ,

537 3831 603 3883 PER
624 3832 753 3884 CURIAM
778 3832 940 3885 lunicius
962 3835 995 3885 ΙΝ
1017 3833 1248 3887 PARLAMENTO
1268 3836 1426 3888 mussi
1452 3837 1749 3902 SANCTMNDREE,
1772 3836 1946 3899 smsross,

1119 4088 1210 4132 Asso
1232 4089 1372 4132 HCGCH.

588 4322 617 4397 Ι.
650 4322 762 4411 Cum,
782 4321 848 4401 lite
863 4341 966 4401 mota
976 4324 1074 4401 inter
1086 4322 1300 4403 Jobunnem
1315 4326 1435 4417 Ferri,
1452 4327 1677 4405 servientem
1690 4329 1838 4437 regium
1850 4327 1889 4405 in
1902 4354 1949 4404 se

531 4452 1024 4562 nescalliaPetragoricensi,
1039 4483 1082 4533 ex
1092 4482 1169 4534 una
1179 4475 1302 4564 parte,
1314 4475 1353 4536 et
1362 4456 1526 4535 Fabrum
1539 4458 1759 4550 deValleto,
1772 4488 1815 4539 ex
1826 4460 1947 4544 altera,

531 4614 657 4664 coram
671 4584 874 4663 senescallo
884 4586 1176 4697 Petregoricensi
1186 4647 1196 4678 ,
1208 4586 1272 4665 vel·
1282 4587 1365 4696 ejus
1374 4588 1648 4680 commissario,
1663 4618 1838 4696 supereo
1852 4588 1950 4699 quod

532 4714 655 4792 dictus
664 4716 794 4805 Faber,
807 4730 851 4793 ut
861 4716 1070 4806 dicebatur,
1082 4716 1298 4825 predictum
1312 4719 1557 4810 servientem,
1571 4718 1738 4798 officium
1752 4750 1867 4799 suum
1882 4748 1951 4800 ser·

530 4846 696 4953 gentarie
725 4847 951 4938 exercendo,
973 4848 1213 4927 uileniaverat
1234 4849 1377 4959 ipsum,
1403 4850 1655 4958 percuciendo
1682 4869 1722 4929 et
1743 4880 1813 4960 per
1829 4869 1950 4961 guttur

532 4975 769 5083 accipiend03
791 4976 885 5055 laesa
905 5006 1018 5086 super
1041 4978 1114 5058 hoc
1133 4980 1308 5087 inquesta
1328 4981 1376 5059 de
1400 4981 1580 5059 mandato
1604 4982 1722 5088 ipsius
1741 4982 1947 5071 senescalli,

532 5105 635 5184 idem
647 5107 874 5185 senescallus
886 5108 1028 5187 dictum
1040 5111 1205 5191 Fabrum
1215 5111 1528 5220 condempnasset
1540 5112 1580 5190 in
1595 5111 1726 5191 decem
1739 5111 1846 5192 libris
1855 5114 1949 5192 dicto
