4450 6209
742 711 1011 818 snoutrss
1037 729 1100 800 nr
1127 711 1335 802 rnocns.
1675 727 1747 802 sor

329 873 413 952 talis
428 889 503 950 est:
522 871 647 950 Pierre
665 872 780 950 Nadal
798 870 978 960 consessa,
1002 900 1050 948 en
1071 870 1104 947 la
1126 898 1303 977 presence
1319 869 1396 947 dou
1416 887 1566 976 prevost
1582 871 1630 948 de
1649 873 1751 950 Paris
1789 880 1919 936 smum
1930 882 1974 945 IV.

331 1021 368 1080 et
387 1002 507 1081 Raoul
534 1003 583 1080 de
608 1005 786 1094 Pereaus,
809 1003 907 1080 clerc
931 1019 1056 1080 nostre
1082 1001 1258 1110 seigneur
1281 1000 1317 1078 le
1342 1004 1437 1108 Roy,
1463 1028 1624 1109 envoyez
1643 1002 1691 1079 de
1716 1002 1750 1080 13
1850 973 1913 1016 Μ’

330 1153 437 1212 court
453 1134 488 1211 le
506 1133 734 1212 neufviesme
748 1135 839 1242 jour
863 1134 910 1210 de
926 1161 1040 1223 mars,
1061 1133 1133 1210 l’an
1150 1132 1244 1210 trois
1266 1159 1355 1210 cens
1369 1160 1485 1223 uuze,
1513 1161 1589 1240 que
1607 1132 1636 1209 il
1655 1134 1752 1210 avoit
1801 1143 1810 1162 ‘

329 1265 406 1370 pris
430 1265 496 1342 des
522 1265 633 1343 biens
651 1267 806 1342 Beruart
826 1264 873 1340 de
899 1264 934 1341 13
951 1265 1111 1355 Deveze,
1140 1264 1236 1341 dont
1258 1261 1287 1339 il
1313 1261 1411 1340 avoit
1434 1262 1500 1340 lait
1523 1263 1750 1354 inventoire,

329 1395 416 1503 cinq
437 1396 566 1503 draps,
586 1395 680 1474 trois
702 1395 865 1503 d'lppre,
893 1394 980 1473 c'est
999 1394 1160 1472 assavoir
1178 1395 1271 1471 deus
1290 1393 1401 1472 bleus
1419 1410 1458 1471 et
1475 1422 1553 1501 ung
1579 1422 1695 1502 rouge
1716 1413 1755 1474 et

328 1556 406 1634 ung
420 1545 500 1604 vert
519 1527 567 1605 de
586 1527 839 1606 Carcassonue
859 1543 897 1603 et
912 1555 990 1634 ung
1004 1527 1051 1603 de
1067 1529 1227 1634 Bruges,
1241 1553 1316 1631 que
1327 1524 1400 1602 l’on
1414 1524 1561 1633 appelle
1574 1525 1703 1617 Pilart,
1722 1529 1753 1604 si

329 1686 477 1738 comme
502 1659 530 1735 il
560 1657 671 1748 croit,
702 1659 875 1766 engagiez
902 1687 971 1763 par
995 1656 1091 1735 ledit
1116 1657 1243 1734 Pierre
1273 1655 1523 1745 aTholouse,
1544 1658 1676 1736 cbieus
1700 1687 1752 1736 un

328 1790 443 1868 horne
475 1790 570 1868 dont
594 1790 623 1866 il
648 1818 697 1868 ne
722 1806 780 1868 set
807 1790 842 1867 le
868 1818 962 1880 uon,
989 1817 1087 1896 pour
1111 1790 1311 1896 cinquante
1341 1788 1428 1895 cinq
1448 1787 1559 1866 livres
1586 1789 1633 1866 de
1657 1789 1751 1875 fort,

328 1937 366 1996 et
383 1951 403 1996 a
421 1920 483 1997 dix
499 1919 609 1997 liures
629 1918 791 1998 d’usure.
811 1921 923 2011 Item,
945 1920 1058 1998 treize
1077 1947 1176 1996 mars
1196 1918 1363 2024 d'argent
1377 1917 1490 1996 blanc
1509 1947 1558 1996 en
1574 1919 1755 1998 escuelles

328 2069 365 2128 et
398 2080 446 2128 en
475 2053 635 2158 henaps,
664 2051 839 2160 engagiez
867 2051 1003 2130 doudit
1034 2050 1161 2130 Pierre
1196 2049 1327 2132 chieus
1358 2050 1485 2126 Pierre
1520 2049 1556 2127 le
1591 2049 1754 2129 Peletier

328 2181 486 2290 d’Ag'eu,
508 2209 607 2289 pour
625 2198 807 2289 quarante
828 2181 955 2274 livres,
970 2209 1056 2258 senz
1074 2208 1212 2270 usuros
1226 2197 1265 2258 et
1281 2208 1342 2257 ces
1357 2180 1489 2258 choses
1508 2180 1536 2257 il
1557 2181 1615 2257 dit
1629 2209 1705 2287 que
1725 2180 1754 2256 il

327 2311 420 2418 prist
438 2329 556 2418 quant
574 2341 642 2389 son
667 2329 797 2420 argent
813 2311 873 2388 lut
888 2310 1001 2401 lailli,
1018 2339 1117 2418 pour
1136 2310 1240 2418 paier
1258 2308 1458 2387 tabellione
1478 2326 1516 2386 et
1535 2327 1661 2387 autres
1677 2340 1755 2388 ser-

327 2469 419 2548 genz
439 2469 537 2548 pour
556 2443 592 2518 13
607 2442 806 2550 besoigne;
827 2470 895 2549 per
910 2459 1095 2520 arrestum
1116 2459 1242 2520 nostoe
1261 2440 1379 2531 curie,
1399 2440 1524 2518 dictus
1540 2441 1753 2520 Bemardns

327 2570 833 2678 apredictisinobedienciis
848 2590 887 2651 et
904 2571 1082 2651 rescussis
1101 2572 1193 2666 sibi,
1209 2601 1278 2678 per
1297 2569 1441 2648 dictum
1461 2572 1617 2648 Petrum
1634 2570 1753 2678 impu

326 2701 423 2792 sitis,
447 2702 519 2780 luit
538 2703 815 2781 sentencialiter
834 2703 1051 2795 absolutus3.
1071 2720 1109 2781 et
1133 2719 1317 2810 quantum
1337 2702 1384 2779 ad
1408 2701 1479 2779 alia
1498 2731 1566 2809 per
1586 2702 1751 2780 cundem

325 2833 578 2926 Bernsrdum,
606 2851 734 2912 contra
762 2835 906 2912 dictum
932 2835 1087 2911 Petrum
1116 2833 1328 2942 proposita,
1354 2832 1477 2909 dictus
1503 2833 1651 2922 Petrus,
1684 2859 1753 2938 per

326 2964 428 3042 idem
454 2983 655 3054 arrestum,
688 2967 986 3073 condempnatus
1006 2965 1078 3043 fuit
1097 2966 1145 3042 ad
1171 2965 1411 3043 reddendum
1436 2965 1561 3041 eidem
1584 2990 1645 3042 res
1672 2991 1752 3070 pre·

327 3095 444 3175 dictas
468 3097 559 3174 dicti
584 3097 781 3186 Bernardi,
807 3125 898 3203 quas
922 3097 1004 3202 ipse
1023 3098 1157 3174 Petrus
1176 3095 1367 3174 consessus
1386 3093 1532 3183 fuitse,
1554 3094 1653 3172 sicut
1667 3122 1752 3200 pre·

326 3227 483 3302 missum
499 3242 573 3318 est,
597 3226 787 3318 babuisse,
809 3226 868 3304 vel
889 3253 1018 3302 earum
1038 3225 1221 3317 valorem,
1241 3243 1279 3305 et
1298 3225 1346 3302 ad
1363 3224 1601 3302 reddendum
1627 3224 1755 3302 eidem-

327 3354 512 3432 dictarum
532 3383 660 3433 rerum
676 3383 753 3433 non
769 3353 1059 3434 confessatarum
1075 3372 1114 3431 et
1125 3355 1351 3444 ablatarum,
1368 3357 1415 3434 de
1429 3355 1568 3461 quibus
1580 3373 1750 3433 constare

324 3487 480 3591 poterit,
502 3485 697 3564 residuum
716 3483 776 3566 vel
803 3513 931 3562 earum
961 3484 1142 3576 valorem,
1173 3503 1212 3562 et
1235 3485 1286 3563 ad
1316 3485 1596 3562 resarciendum
1627 3486 1749 3564 eidem
1782 3509 1791 3524 ¹

327 3616 489 3724 dampna
513 3635 636 3696 cetera
655 3617 725 3695 sibi
751 3645 820 3723 per
844 3617 917 3694 hoc
940 3617 1066 3694 minus
1091 3617 1369 3696 racionabiliter
1392 3616 1515 3707 illata,
1538 3616 1750 3725 dequibus

326 3749 524 3840 constabit,
541 3749 827 3858 perinquestam
844 3749 896 3827 de
904 3749 1018 3857 plano
1032 3777 1146 3856 snper
1158 3749 1247 3838 hoe,
1266 3749 1403 3827 vocatis
1415 3748 1600 3855 partibus,
1617 3745 1751 3828 facien·

327 3881 429 3968 dam,
452 3882 674 3986 etprecepit
692 3883 846 3987 insuper
865 3881 967 3958 curia
986 3881 1091 3988 quod
1107 3881 1155 3958 de
1171 3879 1350 3988 predictis
1370 3880 1542 3958 ducentis
1557 3878 1664 3956 libris
1682 3907 1752 3986 per

327 4010 468 4087 dictum
489 4012 657 4099 Petrum,
679 4027 723 4088 ut
740 4012 964 4117 premissum
985 4031 1058 4103 est,
1076 4013 1125 4090 ab
1138 4013 1297 4090 inimicis
1316 4012 1405 4090 dicti
1423 4011 1601 4090 Bemardi
1622 4038 1752 4117 recep-

324 4141 373 4217 tis
403 4158 441 4218 et
468 4140 625 4230 habitis,
647 4140 786 4218 vocatis
805 4169 969 4246 quorum
998 4143 1155 4219 interest
1172 4143 1305 4220 veritas
1325 4143 1547 4248 inquiratur,
1571 4142 1619 4218 ad
1640 4140 1748 4219 illum

326 4269 442 4349 finem
458 4271 563 4378 quod
582 4271 681 4348 dictu
697 4270 855 4377 pecunia
875 4271 966 4349 fisco
992 4272 1112 4379 regio,
1132 4273 1163 4348 si
1184 4288 1223 4348 et
1240 4288 1354 4375 prout
1374 4269 1598 4348 racionabile
1617 4270 1747 4358 suerit,

326 4401 544 4507 applicetur,
568 4418 606 4479 ct
623 4402 726 4508 quod
746 4402 868 4481 dictus
886 4404 1017 4480 Petrus
1039 4403 1077 4478 in
1098 4399 1316 4490 Castellet0,
1336 4400 1515 4489 Parisios,
1536 4418 1662 4476 teneat
1680 4401 1753 4505 pri·

327 4532 485 4624 sionem,
508 4559 707 4640 quousque
728 4532 844 4610 dictas
864 4563 938 4624 res,
961 4533 1150 4636 Bernardo
1169 4531 1341 4638 predicto
1359 4558 1427 4637 per
1446 4557 1533 4606 eum
1553 4530 1693 4608 ablatas
1713 4548 1750 4607 et

327 4691 394 4767 per
412 4694 498 4742 eum
517 4663 759 4755 confessatas,
777 4665 855 4771 ipse
873 4666 1004 4742 Petrus
1021 4664 1245 4753 reddiderit,
1264 4662 1322 4740 vel
1340 4691 1468 4740 earum
1482 4660 1665 4746 valorem,
1686 4680 1749 4739 aut

327 4792 501 4870 idoneam
522 4796 788 4874 de·reddendo
809 4796 956 4875 dederit
976 4797 1205 4875 censionem.

382 4926 479 5001 lovis
498 4943 583 5032 post
601 4927 710 5005 Oculi
729 4929 818 5006 mei.

384 5055 570 5134 Dominus
586 5060 618 5134 J.
636 5059 684 5136 de
701 5059 835 5169 Voyssi
852 5059 1063 5166 reportavit.
1138 5090 1142 5105 ¹
1269 5089 1299 5130 s
