4450 6209
395 693 405 714 '
516 697 589 769 552
1108 696 1200 768 Lus
1231 695 1371 769 OLIM.

288 845 475 916 rennuit,
512 842 629 928 Nove,
649 840 696 917 ad
717 839 835 947 ipsius
856 838 967 914 viorie
987 838 1198 916 custodiam
1218 837 1418 946 deputato,
1441 854 1481 915 et
1498 837 1748 929 inhibicione,
1774 868 1818 916 ex
1839 857 1937 947 parte

349 940 412 982 lm
514 989 655 1060 nostra,
676 970 770 1049 lacta
790 999 857 1078 per
875 970 999 1076 ipsum
1024 997 1071 1046 ne
1092 969 1228 1077 aliquis
1245 997 1284 1048 se
1304 969 1533 1048 immisceret
1551 970 1651 1048 dicte
1669 970 1782 1047 viarie
1803 987 1843 1049 et
1860 973 1938 1081 ejus

512 1105 647 1194 officio,
669 1103 727 1181 vel
743 1103 866 1211 ipsum
886 1101 1054 1181 officium
1068 1131 1240 1180 exercere
1253 1103 1545 1211 quomodolibet
1558 1121 1804 1210 presumeret,
1821 1104 1938 1184 donec

512 1238 582 1344 ipsi
603 1235 792 1345 preposito
811 1234 1080 1313 Chableiarum
1094 1233 1154 1312 vel
1175 1237 1256 1342 ejus
1278 1235 1406 1314 locum
1425 1235 1569 1313 tenenti
1593 1234 1723 1313 luisset
1741 1237 1935 1343 prestitum

506 1370 765 1478 juramentum
777 1368 850 1446 snb
865 1367 985 1446 forma
998 1386 1036 1444 et
1052 1367 1182 1458 modo,
1194 1395 1263 1476 per
1277 1367 1506 1446 sentenciam
1521 1368 1701 1475 prepositi
1711 1368 1933 1457 Ville-Nove,

443 1549 446 1570 ι
510 1502 729 1580 auctoritate
749 1519 891 1591 nostra,
914 1501 953 1577 in
973 1501 1204 1608 possessorio
1228 1500 1443 1594 declaratis,
1465 1501 1559 1580 Milo
1576 1503 1622 1578 de
1642 1501 1809 1589 Noeriis‚
1833 1501 1936 1578 miles

510 1651 649 1724 noster,
667 1633 788 1712 sciens
801 1633 1008 1740 predictam
1021 1661 1176 1710 manum
1192 1650 1356 1710 nostram
1374 1660 1454 1711 esse
1467 1631 1674 1739 appositam
1692 1633 1731 1709 in
1743 1632 1933 1738 predictis,

510 1784 586 1843 tam
606 1795 676 1876 per
688 1795 727 1844 se
748 1795 862 1872 quam
876 1793 944 1872 per
963 1782 1093 1871 gentes
1109 1793 1206 1853 suas,
1223 1755 1307 1871 ipsd
1325 1762 1527 1841 mandante
1542 1791 1607 1842 seu
1623 1781 1746 1841 ratum
1764 1763 1933 1852 habente,

511 1915 549 1976 et
560 1897 771 2006 specialiter
783 1927 852 2005 per
862 1898 891 1973 F
892 1897 1102 1975 lorencium
1116 1895 1323 1973 Marescalli
1333 1957 1343 1986 ,
1355 1925 1487 2003 quem,
1502 1925 1572 2003 pro
1588 1895 1718 1984 viario,
1731 1895 1835 2001 apud
1845 1895 1936 1973 Cba·

511 2029 653 2138 bleyas,
672 2029 871 2107 destinavit
887 2046 924 2105 et
938 2057 1007 2135 per
1020 2026 1239 2106 Gnidonem
1254 2028 1302 2106 de
1317 2027 1466 2116 Briton,
1484 2027 1664 2116 militem,
1680 2027 1851 2135 ejusdem
1872 2026 1937 2105 bli-

511 2161 610 2242 lonis
628 2161 821 2249 ballivum,
845 2159 1072 2268 apposicioni
1088 2159 1187 2237 dicte
1210 2188 1344 2237 manus
1358 2178 1486 2239 nostre
1506 2160 1546 2236 in
1566 2158 1757 2266 premissis
1777 2186 1857 2236 non
1875 2157 1936 2234 de·

510 2293 654 2384 ferens,
686 2292 753 2372 sed
777 2293 906 2400 pocius
934 2291 1092 2370 eandem
1122 2291 1264 2370 violans
1293 2309 1331 2370 et
1362 2310 1654 2400 contempnens,
1685 2289 1781 2368 infla
1814 2289 1935 2367 villam

512 2426 788 2516 Cbableiarum,
805 2444 978 2535 presente
994 2425 1095 2505 dicto
1110 2426 1305 2514 serviente,
1326 2443 1363 2502 et
1377 2443 1503 2504 nostra
1517 2425 1734 2503 auctoritate
1749 2424 1852 2532 regia
1869 2425 1936 2500 eis-

512 2559 598 2637 dem
619 2559 858 2667 probibente,
876 2557 1012 2636 multas
1030 2555 1203 2664 injurias,
1220 2556 1461 2634 turbaciones
1480 2574 1519 2634 et
1533 2555 1732 2634 violencias
1743 2554 1933 2641 domibus,

512 2691 630 2781 curie,
652 2691 823 2799 juribus,
841 2689 1118 2798 jurisdiccioni,
1145 2689 1384 2778 hominibus,
1408 2687 1713 2796 procuratoribus
1738 2704 1776 2763 et
1799 2685 1936 2763 familie

511 2821 601 2899 dicti
615 2823 794 2929 prepositi
812 2839 850 2898 et
860 2821 1098 2928 prepositure
1115 2849 1181 2899 sue
1196 2821 1382 2929 predicte,
1402 2821 1595 2900 occasione
1612 2818 1725 2899 officii
1737 2819 1836 2897 dicte
1852 2820 1937 2896 vica·

512 2953 583 3042 rie,
602 2955 682 3061 ejus
699 2951 1019 3032 administracioni
1037 2970 1073 3030 et
1089 2955 1272 3032 exercicio
1285 2955 1455 3032 indebite
1468 2983 1509 3032 se
1526 2951 1733 3065 ingerendo
1744 2969 1784 3030 et
1795 2953 1936 3030 immis-

512 3087 650 3178 cend0,
662 3086 764 3164 dicto
786 3115 863 3164 non
879 3084 1035 3194 prestito
1050 3084 1287 3192 juramento,
1305 3088 1430 3164 eidem
1444 3087 1635 3195 preposito
1650 3103 1688 3164 et
1703 3086 1935 3194 prepositure

511 3247 578 3296 sne
600 3218 743 3326 prefate
763 3218 891 3297 intulit
911 3236 949 3296 et
976 3219 1139 3326 irrogare
1159 3221 1409 3328 presumpsit3
1437 3248 1552 3328 quare
1574 3218 1798 3326 supplicavit
1819 3219 1936 3295 dietus

511 3352 725 3458 prepositus
746 3351 942 3459 premissa,
964 3369 1042 3428 tarn
1067 3351 1249 3459 injuriose
1271 3369 1310 3429 et
1334 3351 1505 3429 indebite
1528 3368 1762 3459 attemptata,
1784 3379 1936 3457 pernes

510 3482 557 3560 ad
571 3500 707 3560 statum
725 3484 899 3561 debitum
917 3484 1065 3576 reduci,
1081 3504 1134 3577 et,
1149 3513 1219 3594 pro
1236 3484 1444 3591 premissis,
1461 3483 1684 3594 condignam
1699 3483 1769 3560 sibi
1783 3483 1934 3590 prestari

511 3616 726 3707 emendam
736 3617 998 3725 superquibus
1007 3619 1184 3697 omnibns
1192 3615 1468 3708 mandavimus,
1481 3645 1550 3725 per
1561 3616 1742 3694 ballivum
1751 3615 1937 3693 Senonen-

510 3777 602 3842 sem,
614 3748 751 3826 vocatis
768 3749 878 3825 dictis
893 3751 1062 3856 partibus
1078 3768 1116 3828 et
1131 3751 1213 3828 aliis
1228 3749 1438 3842 evocandis,
1448 3749 1643 3827 veritatem
1658 3748 1799 3856 inquiri
1812 3750 1936 3825 :Facta

510 3880 626 3986 igitur
644 3907 757 3985 super
777 3880 851 3957 hiis
870 3882 1044 3988 inquesta
1064 3901 1100 3959 et
1117 3883 1221 3961 curie
1237 3900 1364 3961 nostre
1381 3898 1580 3991 reportata,
1596 3883 1671 3959 visa
1686 3898 1723 3958 et
1739 3879 1938 3990 diligenter

511 4010 735 4100 examinata,
757 4011 971 4090 racionibns
995 4031 1033 4090 et
1057 4013 1352 4123 allegacionibus
1379 4013 1564 4091 dictarum
1592 4012 1759 4119 parcium
1789 4010 1936 4118 plenius

509 4141 723 4232 intellectis,
739 4143 818 4221 viso
835 4143 951 4220 eciam
968 4174 1144 4252 processu
1165 4176 1278 4253 super
1296 4147 1430 4224 saisina
1446 4144 1544 4224 dicte
1562 4145 1691 4235 viarie,
1709 4173 1778 4252 per
1793 4143 1934 4221 dictum

508 4273 700 4364 ballivum,
718 4276 766 4351 ad
782 4275 1001 4354 instanciam
1016 4278 1107 4356 dicti
1125 4279 1270 4357 domini
1284 4279 1333 4355 de
1343 4276 1500 4366 Noeriis,
1514 4277 1625 4366 laeto,
1642 4277 1728 4384 quia
1746 4276 1935 4355 inventum

511 4423 566 4483 est
581 4404 811 4484 sufficienter
824 4408 1025 4514 probatum
1041 4411 1185 4488 dictum
1199 4410 1399 4487 dominum
1417 4408 1465 4487 de
1477 4410 1634 4499 Noeriis,
1651 4408 1869 4488 Gnidonem
1890 4409 1935 4485 de

509 4539 655 4629 Briton,
679 4539 758 4648 ejus
777 4538 973 4632 ballivum,
999 4559 1036 4619 et
1055 4541 1297 4620 Florencium
1315 4540 1523 4621 Marescalli
1539 4543 1766 4650 predictum,
1789 4558 1874 4647 post
1900 4557 1937 4617 et

510 4687 638 4746 contra
654 4673 858 4777 predictam
877 4673 1156 4782 apposicionem
1171 4703 1306 4752 manns
1327 4692 1455 4753 nostre
1479 4691 1517 4751 et
1530 4674 1832 4782 prohibicionem
1848 4671 1934 4748 dicti

510 4801 703 4886 servientis
722 4805 854 4896 nostri,
877 4805 1003 4884 officio
1024 4806 1123 4883 dicte
1139 4807 1252 4883 viarie
1271 4836 1311 4885 se
1331 4807 1597 4898 immiscuisse,
1620 4807 1721 4885 dicto
1740 4835 1818 4885 non
1833 4833 1935 4913 pres-

509 4929 580 5007 tito
590 4931 824 5038 juramento,
848 4953 885 5015 et
906 4937 1035 5044 plures
1055 4937 1208 5045 injurias
1226 4956 1264 5016 et
1283 4938 1485 5018 violencias
1502 4939 1740 5029 bominibus,
1762 4938 1935 5047 gentibus

511 5079 548 5140 et
568 5064 682 5143 rebus
705 5067 824 5175 ipsius
848 5070 1028 5177 prepositi
1054 5088 1092 5148 et
1111 5073 1349 5178 prepositure
1373 5101 1440 5150 sue
1462 5073 1632 5180 predicte
1656 5071 1845 5159 intulisse,
1868 5099 1934 5177 per
