4450 6209
512 734 560 807 to
1099 734 1193 807 tes
1219 728 1364 807 otttt.

285 880 473 943 rmsnntv,
511 875 677 981 quodam
702 902 789 983 pore
809 872 1073 981 Pannigetum,
1094 836 1288 966 Condcta,
1314 874 1494 965 Berkem,
1518 872 1723 953 Hedinium
1743 904 1830 955 cum
1852 906 1937 985 per·

348 973 411 1017 Μ
511 1004 688 1087 tinenciis
706 1005 801 1098 suis,
823 1006 1018 1095 Fouhem,
1043 1003 1306 1087 Coloniarum
1327 1006 1567 1113 pertinenciis
1586 1008 1680 1095 suis,
1701 1006 1834 1085 Kalila
1850 1038 1936 1087 cum

512 1138 753 1246 pertinenciis
778 1137 875 1225 suis,
902 1135 1122 1229 Berniulcs,
1147 1136 1310 1244 quedam
1331 1167 1416 1245 pers
1441 1140 1488 1217 de
1513 1140 1643 1219 Frenc.
1669 1138 1797 1217 Habet·
1819 1140 1934 1219 eciem

512 1270 654 1378 prelata
673 1270 829 1352 eeclesia
848 1286 981 1361 tersas,
1004 1269 1174 1377 hospites
1192 1268 1290 1349 eirea
1308 1270 1528 1359 Botoniam,
1548 1270 1650 1377 tpud
1664 1270 1816 1361 Cluaee,
1839 1270 1937 1379 apud

510 1403 776 1512 Essingehem,
797 1402 899 1509 apud
915 1403 1209 1510 Hermerenges,
1235 1401 1338 1508 apud
1356 1398 1578 1491 Rilenacre,
1604 1418 1643 1479 et
1660 1402 1702 1479 in
1714 1396 1800 1483 aliis
1819 1403 1935 1509 pluri-

510 1534 583 1616 hm
606 1535 715 1623 locis,
740 1534 841 1641 apud
860 1532 1030 1613 Niveniel
1050 1532 1262 1613 berlariam
1282 1560 1398 1611 unam
1418 1552 1456 1612 et
1475 1532 1656 1641 hospites.
1677 1532 1718 1612 Si
1739 1562 1829 1645 ergo
1848 1562 1935 1613 con·

510 1666 629 1773 tingat
640 1666 739 1743 inlrt
751 1664 965 1745 dominituu
977 1663 1119 1771 prefate
1135 1662 1289 1743 ecclesie
1304 1664 1449 1773 aliquid
1465 1664 1641 1743 eccidisse
1658 1664 1763 1771 quod
1778 1686 1936 1773 nequeat

512 1797 718 1887 vindicare,
743 1795 802 1874 vel
825 1797 862 1875 ei
888 1796 1036 1877 tedium
1062 1794 1213 1874 illatum
1235 1792 1365 1886 luisse,
1388 1825 1459 1907 ego
1480 1810 1520 1874 et
1543 1796 1718 1874 homines
1735 1797 1813 1875 mei
1839 1798 1935 1875 indi-

512 1929 586 2007 late
612 1928 809 2009 ecclesiam
840 1928 1011 2035 quietare
1036 1942 1076 2005 et
1105 1926 1153 2005 ab
1181 1926 1283 2005 omni
1311 1924 1554 2007 infestacione
1581 1926 1790 2007 dellenstre
1818 1946 1856 2005 et
1875 1930 1935 2037 jus

513 2090 625 2143 suum
640 2060 833 2169 integrum
846 2060 881 2139 ei
897 2058 1087 2139 debemus
1095 2084 1333 2149 conservare;
1351 2086 1422 2136 nec
1440 2058 1481 2138 id
1495 2074 1622 2137 tamen
1638 2058 1673 2135 ei
1687 2056 1807 2137 lacere
1823 2058 1935 2137 debe-

514 2222 619 2283 mus,
644 2192 716 2273 nisi
739 2192 845 2298 prius
867 2220 890 2267 a
908 2188 1104 2271 monachis
1124 2186 1183 2267 vel
1207 2187 1254 2267 ab
1275 2215 1409 2265 eorum
1434 2189 1581 2267 nunciis
1603 2189 1720 2267 vocati
1742 2188 1933 2269 fuerimus

514 2326 710 2431 Cognosco
730 2322 850 2402 eciam
863 2320 971 2429 quod
989 2318 1165 2403 monachi
1186 2314 1367 2426 sepedicti
1388 2317 1553 2409 cenobii,
1569 2318 1629 2397 vel
1644 2346 1777 2397 eorum
1798 2321 1934 2412 nuncii,

512 2484 584 2534 nec
606 2474 812 2536 traversum
839 2480 911 2530 nec
937 2450 1139 2558 pedagium
1168 2477 1238 2527 nec
1263 2448 1429 2557 aliquam
1456 2448 1772 2527 consuetudinem
1797 2450 1937 2531 debent

417 2654 421 2660 .
513 2589 608 2667 infra
626 2590 811 2667 terminos
830 2584 1032 2665 comitatus
1046 2582 1216 2663 Bolonie.
1238 2582 1428 2669 Preterea,
1446 2580 1633 2691 quicquid
1644 2582 1841 2662 monachis
1856 2612 1937 2690 pree

514 2737 633 2801 taxato
654 2718 827 2807 ecclesie,
845 2717 907 2823 pia
923 2715 1127 2794 devocione
1149 2712 1341 2806 fidelium,
1362 2714 1539 2824 largitum
1554 2712 1669 2791 suerit
1682 2712 1741 2793 vel
1756 2716 1796 2791 in
1809 2713 1936 2794 sutum

515 2852 732 2941 donabitur,
761 2847 821 2926 vel
848 2845 1033 2953 quicquid
1058 2844 1129 2923 sibi
1160 2843 1201 2921 in
1232 2843 1389 2925 decimis
1422 2872 1636 2951 compertae
1661 2844 1720 2923 vel
1751 2844 1936 2926 invadiare

514 2982 729 3089 potuerint,
758 2993 943 3085 qtaentum
967 2976 1016 3055 ad
1044 3004 1107 3055 me
1129 2976 1311 3083 pertinet,
1340 2976 1393 3057 eis
1412 2976 1461 3055 ed
1479 3004 1632 3085 presens
1653 2994 1691 3057 et
1708 2976 1751 3055 iu
1768 2976 1936 3056 futurarm

514 3113 703 3200 concedet
728 3138 842 3190 novas
863 3106 1157 3189 eonsuetudines
1175 3106 1270 3187 infre
1287 3124 1404 3189 terres
1421 3136 1556 3188 eorum
1577 3108 1636 3187 vel
1650 3136 1806 3187 nomem
1824 3109 1936 3188 michi

515 3246 574 3325 vel
593 3246 677 3323 aliis
695 3242 818 3321 lacere
836 3240 1016 3331 exclud03
1036 3242 1239 3320 asiamenta
1256 3256 1356 3319 terre
1372 3268 1458 3319 mee
1475 3240 1545 3349 ipsi
1562 3258 1603 3321 st
1616 3240 1791 3320 homines
1806 3269 1936 3321 eornm

514 3378 675 3485 ubique,
702 3374 799 3453 sicut
821 3373 868 3453 ab
889 3375 1044 3482 antiquo
1066 3390 1359 3461 consueverunt,
1381 3372 1593 3465 habebunt,
1617 3372 1657 3452 in
1678 3372 1940 3479 expedicione,

515 3511 825 3591 communitatem
841 3509 963 3587 tocius
981 3505 1179 3586 comitatus
1194 3504 1301 3611 sequi
1315 3501 1511 3585 debebunt
1527 3502 1702 3583 homines
1715 3501 1888 3595 ecclesie,
1904 3520 1938 3579 et

515 3644 555 3719 in
581 3642 762 3721 omnibus
784 3640 955 3717 bannum
975 3635 1119 3719 abbatis
1140 3652 1283 3713 tenere.
1309 3636 1357 3713 Ut
1377 3664 1466 3745 ergo
1485 3650 1760 3743 prememorata
1785 3632 1937 3713 ecclesie

516 3774 671 3853 libertas
690 3770 840 3880 cognite
857 3768 1111 3875 inviolataque
1133 3768 1173 3845 in
1191 3767 1330 3851 suturis
1343 3767 1599 3875 temporibus,
1620 3785 1696 3847 tam
1715 3794 1812 3847 true
1827 3792 1938 3873 quem

515 3935 536 3981 a
557 3900 839 3983 successoribus
862 3900 976 3989 meis,
998 3916 1230 4008 permaneat,
1251 3900 1435 4007 quicquid
1454 3899 1494 3977 in
1513 3899 1679 4005 presenti
1697 3896 1830 4006 pagina
1851 3924 1938 3975 con·

516 4036 661 4115 tinetur
680 4034 715 4111 ei
735 4034 776 4111 iu
795 4048 1022 4139 perpetuum
1046 4031 1175 4138 quiete
1194 4030 1361 4111 concedo
1381 4028 1653 4137 possidendum
1675 4046 1712 4107 et
1731 4027 1934 4116 confictum

517 4170 564 4247 ad
583 4166 767 4273 majorem
788 4163 1158 4252 corroboracionem,
1179 4161 1346 4271 sigillum
1375 4190 1505 4241 meum
1529 4190 1696 4269 appono,
1724 4180 1763 4242 et
1787 4160 1936 4239 testium

516 4299 754 4406 presencium
769 4296 925 4379 nomina
945 4294 1183 4377 subscribere
1203 4294 1315 4385 facio,
1338 4294 1503 4377 Cononis
1523 4294 1571 4373 de
1587 4293 1756 4384 Ficulea,
1777 4288 1936 4374 Etutaeii

517 4450 555 4510 et
566 4430 732 4540 Rogerii,
744 4428 912 4511 filiorum
925 4429 1022 4538 ejus,
1033 4426 1209 4509 Balduiui
1224 4427 1271 4506 de
1283 4425 1477 4516 Ostruich,
1491 4425 1682 4507 Willermi
1694 4425 1934 4510 vicecomitis,

517 4564 681 4643 Manasse
712 4562 761 4640 de
791 4562 915 4651 Soles,
946 4558 1118 4643 Gaufridi
1146 4560 1336 4647 Pisceme,
1367 4556 1554 4639 Gossclini
1584 4558 1631 4637 de
1659 4556 1773 4637 Odre.
1807 4554 1936 4635 Acutm

516 4722 613 4771 anuo
635 4693 750 4771 Verbi
769 4693 947 4773 incarnati
967 4690 1172 4773 millesimo
1192 4690 1397 4773 centesimo
1417 4688 1662 4780 duodecimo,
1684 4716 1813 4768 mense
1828 4686 1935 4765 lulio.

513 4828 653 4905 Datum
672 4824 871 4905 bolonie.»

574 4955 752 5062 Sequitur
770 4972 882 5034 tenor
900 4955 1067 5033 secunde
1087 4972 1204 5045 carte,
1226 4954 1350 5035 littere
1370 4955 1428 5034 vel
1448 4954 1644 5063 privilegii.

576 5088 790 5177 «Matheus,
824 5086 983 5164 Bolonie
1016 5116 1159 5173 comes,
1188 5086 1365 5165 omnibus
1385 5086 1433 5164 ad
1457 5115 1554 5192 quos
1578 5112 1732 5192 presens
1760 5082 1935 5189 seriptum
