4450 6209
495 698 569 768 230
1080 691 1171 763 LES
1202 686 1340 762 OLIM.

269 848 455 914 errassent,
496 838 602 945 quod
628 864 823 945 nunquam
846 863 886 912 se
908 849 1159 939 supposuerat
1181 859 1294 937 super
1314 831 1387 909 hoc
1407 831 1555 939 judicio
1583 833 1771 910 dictorum
1793 835 1919 914 homi·

330 945 394 989 rtet.

495 997 607 1059 num,
623 967 693 1046 sed
707 994 856 1072 semper
870 963 1034 1071 pecierat
1048 990 1088 1040 se
1108 961 1249 1040 remitti
1267 961 1314 1038 ad
1330 962 1473 1048 dictum
1494 962 1693 1042 dominum
1708 963 1915 1057 feodalem,

497 1101 598 1180 dicto
619 1099 758 1178 ballivo
786 1094 1016 1174 contrarium
1037 1111 1225 1172 asserente
1245 1123 1254 1168 ε
1273 1093 1358 1202 Visa
1379 1093 1572 1200 inquesta,
1590 1121 1703 1201 super
1724 1096 1797 1174 hoc
1811 1125 1919 1180 voca-

496 1233 544 1310 tis
562 1232 751 1338 partibus,
773 1227 1019 1306 demandato
1039 1226 1142 1304 curie
1157 1242 1283 1304 nostre
1304 1224 1412 1316 facta,
1430 1225 1722 1332 pronunciatum
1742 1226 1829 1318 fuit,
1850 1257 1918 1335 per

497 1365 599 1442 curie
616 1379 743 1442 nostre
756 1360 967 1469 judicium,
985 1359 1124 1438 dictam
1140 1355 1311 1436 Caietam
1326 1358 1366 1434 in
1384 1386 1450 1436 sua
1465 1357 1702 1464 possessione
1715 1375 1815 1438 terre
1833 1389 1916 1466 pre-

494 1493 592 1574 dicte
609 1521 805 1572 remanere
817 1491 977 1581 debere,
990 1490 1088 1568 salva
1102 1488 1201 1568 dicte
1218 1488 1298 1566 Ade
1315 1491 1512 1598 questione
1528 1488 1766 1600 proprietatis
1782 1491 1822 1568 in
1834 1520 1917 1598 pre·

495 1625 615 1704 dictis.

549 1757 728 1836 Mercurii
747 1755 927 1863 predicta.

552 1889 713 1968 Cuillier
731 1886 947 1994 reportavit.

551 2153 611 2230 XI.
643 2151 744 2230 Cum
772 2150 948 2229 homines
977 2151 1193 2228 communie
1225 2151 1274 2230 de
1306 2151 1497 2230 Pont'ssara
1517 2166 1647 2254 contra
1678 2148 1919 2257 bulengerius

497 2283 668 2392 ejusdem
684 2282 772 2362 ville
791 2282 1075 2390 proposuissent
1093 2283 1216 2389 quod,
1238 2282 1328 2362 lieet
1347 2282 1446 2360 diota
1464 2281 1551 2360 vilia
1576 2298 1674 2360 esset
1694 2298 1733 2359 et
1752 2281 1800 2360 sit
1824 2281 1918 2378 adq)

495 2415 613 2494 libera
633 2414 738 2521 quod
759 2413 968 2523 bolengarii
987 2412 1160 2492 villarum
1184 2410 1391 2494 dicte'ville
1409 2413 1613 2492 vicinarum
1633 2431 1670 2491 et
1689 2412 1918 2520 quicumque

496 2547 660 2624 extranei
686 2563 860 2652 poterant
880 2564 918 2623 et
941 2563 1099 2653 possunt
1122 2563 1311 2654 asportare
1330 2544 1378 2622 ad
1398 2545 1536 2624 dicta·
1556 2544 1685 2624 villam
1701 2556 1823 2652 panes
1842 2521 1920 2622 ma·

495 2707 589 2787 gnos
615 2698 653 2755 et
671 2706 821 2786 parvos,
843 2676 893 2755 ad
910 2679 1143 2756 voluntatem
1168 2705 1290 2767 suam,
1315 2703 1384 2784 per
1407 2694 1483 2756 tres
1505 2676 1602 2766 dies,
1621 2655 1767 2756 seibcet
1785 2674 1920 2754 diebus

408 2811 412 2819 ’
495 2811 641 2896 martis,
659 2809 757 2918 jovis
782 2826 821 2886 et
838 2808 1005 2895 sabbati,
1028 2807 1198 2915 qualibet
1220 2809 1448 2915 septimana„
1464 2825 1503 2886 et
1522 2808 1592 2886 ista
1612 2807 1785 2888 libertate
1806 2806 1919 2917 longo

496 2958 668 3047 ternpore
686 2938 846 3018 inissent
868 2940 943 3029 usi,
965 2957 1091 3016 tamen
1111 2938 1321 3046 bolengerii
1343 2939 1442 3018 dicte
1465 2939 1552 3018 ville
1577 2939 1766 3046 predictos
1787 2938 1920 3018 bolen·

496 3071 622 3178 gerios
643 3089 838 3148 extraneos
855 3099 903 3146 ne
920 3069 1056 3147 diebus
1076 3069 1205 3146 martis
1226 3088 1263 3148 et
1272 3071 1369 3178 jovis
1388 3088 1543 3177 possent
1557 3098 1690 3178 panes,
1711 3087 1755 3148 ut
1775 3071 1919 3177 predio-

497 3219 580 3278 tum
602 3219 676 3290 est,
696 3199 743 3278 ad
763 3200 901 3277 dictam
921 3200 1047 3278 villam
1066 3219 1272 3308 asportare,
1295 3218 1333 3279 et
1350 3202 1503 3280 eosdem
1529 3202 1582 3280 ibi
1598 3202 1761 3280 vendere
1782 3202 1918 3310 injuste

498 3331 773 3440 impediebant,
785 3347 914 3411 eontra
930 3331 1145 3411 libertatem
1159 3334 1366 3440 predictam
1383 3332 1482 3413 dicte
1501 3332 1588 3410 ville
1604 3361 1646 3410 ac
1665 3333 1783 3410 eciam
1803 3333 1842 3410 in
1863 3361 1920 3410 eo

498 3492 583 3540 rum
604 3463 891 3552 detrimentum,
913 3480 1083 3569 petentes
1100 3493 1171 3570 per
1190 3491 1260 3543 nos
1278 3463 1455 3542 declarari
1477 3463 1666 3571 predictos
1680 3463 1920 3572 bolengerios

498 3595 672 3672 foraneos
691 3623 800 3700 posse
820 3623 950 3700 panes,
972 3596 1019 3671 ad
1039 3594 1272 3673 voluntatem
1289 3625 1411 3684 suam,
1430 3595 1539 3674 dictis
1558 3594 1708 3685 diebus,
1729 3595 1778 3672 ad
1791 3594 1916 3672 villam

498 3725 706 3832 predictam
728 3743 917 3829 asportare
938 3742 976 3802 et
989 3725 1173 3815 vendere,
1191 3743 1362 3834 petentes
1378 3727 1496 3804 eciam
1510 3727 1632 3835 quod,
1651 3755 1738 3805 cum
1749 3753 1819 3832 per
1835 3754 1919 3834 pre·

501 3856 716 3959 decessores
740 3869 889 3933 nostros
907 3857 1061 3933 Francia
1086 3885 1192 3963 reges
1217 3858 1265 3935 sit
1289 3858 1519 3965 bolengariis
1540 3857 1639 3936 dicte
1658 3858 1744 3936 ville
1771 3885 1918 3935 eonces-

499 4015 584 4062 sum
611 3977 715 4092 quod
735 3987 965 4094 quicumque
989 3987 1182 4065 intraverit
1208 4016 1341 4066 eorum
1364 3989 1532 4067 officium
1558 3989 1673 4068 debet
1699 4007 1830 4097 potare
1849 3987 1919 4067 bo-

500 4116 703 4224 lengarios,
727 4136 765 4194 et
784 4119 941 4227 singulis
964 4120 1052 4197 dare
1072 4119 1273 4229 gastellum
1298 4123 1411 4200 unius
1434 4121 1557 4212 oboli,
1580 4121 1670 4200 dicti
1691 4119 1916 4230 bolengerii,

500 4247 668 4355 predicta
691 4249 930 4328 concessione
951 4251 1168 4342 abutentes,
1186 4253 1226 4330 in
1247 4253 1437 4332 erectione
1460 4253 1550 4331 dieti
1571 4269 1681 4360 potus
1701 4254 1798 4333 adeo
1818 4281 1920 4332 exce-

502 4377 657 4468 debant,
671 4379 776 4485 quod
789 4381 859 4486 ipsi
875 4381 1056 4463 intrantes
1076 4383 1221 4462 dictum
1240 4383 1407 4463 officium
1429 4385 1559 4491 viginti
1580 4402 1618 4463 et
1636 4385 1788 4493 triginta
1808 4383 1920 4461 libra-

503 4539 587 4588 rum
611 4527 648 4586 et
668 4510 754 4617 plus
776 4514 1008 4621 quandoque
1028 4513 1214 4593 faciebant
1235 4515 1275 4592 in
1294 4517 1380 4594 vino
1401 4516 1629 4625 expendere,
1653 4533 1691 4594 et
1704 4517 1792 4595 ideo
1810 4514 1918 4624 pauci

500 4641 559 4716 rel
584 4641 679 4718 nulli
702 4643 876 4722 volebant
895 4646 1040 4724 dictum
1058 4644 1226 4725 officium
1247 4675 1436 4727 assumere
1457 4647 1517 4726 vel
1543 4647 1699 4741 intrare;
1721 4677 1839 4756 quare
1858 4675 1921 4757 pe-

501 4771 631 4850 tebant
651 4803 764 4879 super
785 4777 858 4854 hiis
877 4806 944 4884 per
962 4778 1242 4856 ordinacionem
1264 4797 1430 4858 nostram
1451 4780 1665 4860 remedium
1685 4782 1836 4888 apponi.
1855 4779 1922 4858 Pe-

502 4900 632 4979 tebant
647 4905 764 4981 eciam
780 4910 884 5013 quod
903 4909 994 4989 boni
1013 4909 1100 4997 viri,
1121 4911 1183 4987 alii
1203 4941 1316 5019 quam
1337 4912 1385 4988 de
1404 4912 1562 4990 artificio
1583 4911 1771 4992 dictorum
1790 4910 1922 4990 bolen·

507 5033 719 5140 geniorum,
742 5037 881 5117 dentur
900 5042 954 5118 eis
980 5041 1251 5121 adridendum
1271 5070 1384 5152 panes
1409 5061 1447 5122 et
1471 5043 1737 5153 corrigendum
1756 5041 1921 5122 defectus
