4450 6209
798 674 1069 783 suoutrns
1095 691 1160 766 nr
1189 667 1397 768 proebe.
1740 692 1808 766 iar

378 836 525 928 liando,
546 852 720 944 petentes
740 833 886 913 dictum
901 835 1160 914 vicecomitem
1183 831 1361 940 compelli
1381 831 1431 909 ad
1446 831 1725 916 restituendum
1743 834 1814 912 eis·
1847 841 1979 896 Pomm
1999 842 2042 905 tv,

376 972 465 1050 dem
482 986 647 1048 castrum
659 967 895 1075 predictum3
912 968 1015 1046 dicto
1030 967 1248 1046 vicecomite
1262 966 1303 1043 in
1313 965 1544 1044 contrarium
1555 983 1809 1072 proponente,
1912 935 1975 979 mi

376 1119 414 1182 et
438 1102 588 1179 dicente
613 1128 654 1177 se
675 1099 819 1177 dictum
845 1117 1010 1180 castrum
1036 1098 1177 1206 cepisse
1202 1115 1241 1176 et
1263 1115 1413 1189 tenere,
1439 1097 1585 1176 utendo
1604 1097 1691 1206 jure
1715 1127 1809 1178 suo:

374 1233 563 1323 Tandem,
584 1231 724 1309 auditis
739 1259 855 1338 super
870 1230 943 1308 boc
955 1229 1170 1308 racionibus
1184 1229 1383 1337 utriusque
1397 1229 1514 1336 partis
1529 1245 1568 1306 et
1579 1229 1655 1307 visa
1671 1259 1714 1307 ac
1728 1229 1814 1306 dili-

373 1382 505 1473 genter
524 1365 691 1473 inspecta
710 1363 884 1471 inquesta
905 1392 1021 1472 super
1043 1364 1117 1441 hoc
1137 1362 1184 1440 de
1204 1361 1380 1440 mandato
1401 1379 1530 1441 nostro
1550 1362 1664 1454 sacta,
1688 1363 1811 1442 dictus

372 1497 596 1588 vicecomes,
618 1524 688 1603 per
711 1514 897 1574 arrestum
917 1513 1046 1574 nostre
1068 1495 1191 1582 curie,
1217 1495 1516 1601 condempnatus
1537 1494 1612 1572 fuit
1631 1495 1680 1572 ad
1700 1497 1808 1574 resti-

372 1603 560 1713 tuendum
572 1630 767 1708 Bernardo
785 1645 823 1706 et
837 1627 1029 1708 Gauberto
1041 1625 1221 1734 predictis
1234 1641 1397 1704 castrum
1411 1627 1689 1733 supradictum,
1710 1628 1809 1708 salvo

260 1842 264 1848 ,
373 1761 499 1838 eidem
522 1760 734 1838 vicecomiti
747 1760 835 1868 jure
856 1789 945 1854 suc,
969 1776 1151 1867 tanquam
1174 1757 1331 1836 domino
1352 1758 1491 1836 feodali
1516 1777 1555 1837 et
1573 1760 1665 1838 alias
1682 1761 1722 1840 in
1745 1791 1810 1840 eo·

373 1892 461 1970 dem
478 1879 614 1982 castre,
632 1892 664 1970 si
681 1909 719 1970 et
737 1891 777 1968 in
794 1909 979 2000 quantum
997 1892 1144 2001 dejure
1161 1921 1229 1970 seu
1241 1891 1359 1999 patrie
1375 1891 1652 1971 cousuetudine
1666 1893 1810 1972 salvum

373 2050 453 2100 esse
474 2021 643 2100 debebit.
1188 2109 1189 2114 ,
1505 2031 1507 2036 ’

428 2153 558 2233 Martis
575 2171 659 2261 post
680 2155 957 2262 Magdalenam‚
979 2184 1078 2235 anno
1097 2156 1366 2235 trecentesimo
1393 2175 1541 2264 quarto.

429 2419 570 2501 XXXV.
602 2420 701 2499 Cum
719 2421 820 2498 inter
835 2422 1019 2529 dilectum
1033 2440 1071 2500 et
1085 2418 1242 2500 fidelem
1257 2438 1432 2498 nostrum
1445 2421 1664 2529 episcopum
1679 2424 1808 2502 Belva-

371 2578 541 2641 censem,
562 2579 606 2628 ex
620 2580 697 2629 una
716 2572 838 2661 parte,
861 2570 901 2632 et
911 2555 1132 2663 magistrum
1154 2554 1343 2632 Thomam
1364 2552 1413 2629 de
1429 2554 1609 2662 Samayo,
1627 2553 1807 2633 clericum

372 2697 563 2773 nostrum,
582 2700 621 2761 et
633 2685 846 2763 Johannem
860 2685 907 2763 de
923 2689 1126 2796 Monceyo,
1143 2683 1371 2795 regalatores
1386 2701 1536 2763 nostros
1549 2713 1673 2792 nuper
1686 2686 1807 2764 Belva·

372 2841 517 2904 censes,
540 2799 692 2908 exalia,
713 2819 965 2897 controversia
983 2835 1080 2899 esset
1099 2836 1181 2898 orta
1201 2847 1314 2928 super
1334 2847 1380 2897 eo
1400 2817 1506 2926 quod
1526 2817 1648 2894 dictus
1669 2820 1807 2926 episco-

370 2973 442 3050 pus
466 2947 655 3026 asserebat
687 2949 794 3057 quod
821 2951 910 3028 dicti
936 2952 1184 3062 regalatores,
1213 2954 1372 3052 durante
1405 2950 1546 3060 regalia
1570 2950 1803 3043 Belvacensi,

371 3095 501 3156 contra
508 3080 573 3188 jus
585 3075 623 3159 et
636 3084 955 3161 consuetudinem
965 3085 1151 3192 regalium
1165 3084 1287 3163 multa
1304 3086 1467 3191 dampna
1482 3083 1690 3161 intulerant
1702 3085 1805 3163 dicto

372 3211 620 3319 episcopatui,
644 3215 855 3293 scindendo
879 3215 1117 3325 episcopatus
1138 3245 1296 3294 nemora
1320 3217 1359 3292 in
1384 3216 1500 3292 nimia
1521 3216 1746 3320 quantitate,
1769 3235 1805 3292 et

372 3342 490 3420 eciam
510 3361 598 3422 ante
615 3362 767 3454 tempus
787 3347 1014 3426 conveniens
1031 3366 1069 3426 et
1086 3366 1311 3427 consuetum
1332 3349 1380 3424 ad
1400 3375 1442 3424 ea
1462 3346 1733 3434 scindendum,
1751 3348 1805 3422 vi-

372 3503 461 3553 neas
481 3477 572 3556 dicti
593 3480 831 3588 episcopatus
850 3480 1080 3559 dimittendo
1101 3481 1280 3569 incultas,
1298 3477 1517 3585 recipiendo
1534 3459 1733 3584 pecuniam
1756 3479 1804 3555 de

372 3607 530 3687 calceata
544 3610 776 3705 Belvacensi,
794 3630 834 3691 et
849 3643 932 3690 eam
948 3642 1025 3691 non
1042 3612 1297 3692 convertendo
1308 3612 1349 3688 in
1365 3611 1464 3687 dicte
1482 3608 1641 3687 calceate
1659 3627 1804 3688 susten-

370 3741 575 3836 tacionem,
595 3760 634 3820 et
647 3744 769 3822 muita
784 3744 856 3822 alia
875 3746 1087 3853 gravamina
1108 3763 1146 3823 et
1161 3746 1324 3852 dampna
1339 3745 1378 3820 in
1394 3741 1538 3821 eisdem
1550 3723 1740 3848 regalibus
1754 3742 1803 3820 in-

370 3870 546 3968 serendo,
567 3874 735 3984 ideoque
754 3875 908 3984 petebat
933 3879 1095 3983 dampna
1116 3894 1154 3954 et
1172 3877 1384 3986 gravamina
1404 3873 1573 3981 predicta
1592 3873 1663 3952 sibi
1690 3903 1803 3954 resar-

371 4005 437 4082 ciri
462 4024 500 4084 et
522 4007 736 4100 emendari3
764 4008 875 4086 dictis
900 4008 1175 4115 regalatoribus
1202 4010 1241 4086 in
1267 4005 1498 4086 contrarium
1526 4004 1740 4083 dicentibus
1764 4025 1802 4084 et

370 4138 546 4244 pluribus
562 4141 777 4219 racionibus
797 4142 1097 4249 proponentibus
1117 4141 1239 4247 quod,
1262 4135 1446 4248 quicquid
1467 4138 1537 4246 ipsi
1560 4137 1738 4226 fecerant,
1762 4139 1799 4214 in

371 4271 559 4351 dictorum
578 4273 764 4382 regalium
782 4274 954 4351 custodia
969 4290 1008 4350 et
1025 4272 1315 4379 explectatione,
1338 4271 1476 4348 factum
1496 4270 1620 4346 fuerat
1643 4268 1741 4345 bene
1763 4286 1801 4347 et

365 4401 487 4507 juste,
515 4422 553 4482 et
576 4406 789 4484 secundum
815 4405 999 4513 regalium
1023 4404 1341 4483 consuetudinem
1362 4404 1449 4510 jure
1476 4417 1605 4478 nostro
1631 4399 1797 4477 utendo:

370 4534 558 4627 Tandem,
576 4536 715 4616 auditis
734 4537 822 4621 binc
839 4536 932 4615 inde
945 4536 1166 4644 propositis,
1188 4551 1226 4612 et
1243 4536 1318 4613 visa
1336 4535 1510 4640 inquesta
1525 4559 1638 4639 super
1659 4530 1731 4608 hiis
1752 4532 1799 4609 de

370 4666 547 4744 mandato
568 4684 698 4746 nostro
715 4668 828 4758 facta,
844 4670 1035 4778 predictos
1049 4666 1276 4775 regalatores
1290 4665 1337 4742 ad
1353 4663 1594 4744 reddendum
1609 4662 1710 4740 dicto
1725 4665 1799 4771 epi-

370 4826 483 4906 scopo
497 4801 686 4909 sexaginta
700 4802 816 4880 libras
828 4803 1069 4890 Parisienses,
1083 4800 1234 4878 racione
1250 4799 1442 4876 vinearum
1458 4795 1548 4874 dicti
1565 4795 1800 4904 episcopatus

369 4956 446 5007 uon
462 4931 561 5010 bene
582 4933 769 5012 cultarum
788 4934 889 5011 dicta
909 4934 1069 5012 durante
1087 4931 1242 5040 regalia,
1266 4948 1305 5010 et
1324 4931 1373 5009 ad
1391 4927 1632 5009 reddendum
1651 4927 1797 5006 bonum

370 5079 588 5170 compotum
614 5064 662 5142 de
686 5066 824 5173 vigenti
846 5066 969 5145 tribus
993 5065 1101 5143 libris
1121 5061 1409 5155 parisiensibus,
1431 5089 1524 5170 quas
1548 5089 1587 5138 se
1611 5056 1796 5169 recepisse

457 5239 508 5281 nus
529 5239 612 5283 omn.
638 5242 684 5283 ui.
1630 5213 1666 5274 18
