4450 6209
726 726 994 838 nuoutrns
1020 747 1084 820 nr
1110 728 1317 820 ruocts.
1656 743 1730 817 sss

316 890 441 977 electi,
455 917 604 968 necnon
618 890 751 968 Petrus
765 887 948 978 Marcelli,
962 906 1156 996 tamquam
1171 886 1384 966 communis
1403 886 1560 976 amicus,
1577 913 1730 964 concor·
1771 871 1901 946 saraim
1914 891 1958 954 lv.

315 1021 414 1099 diter
433 1020 479 1098 ab
498 1020 681 1099 ambabus
700 1018 869 1126 partibus
888 1019 1066 1125 predictis
1088 1017 1248 1108 electus,
1271 1045 1383 1124 super
1407 1036 1535 1095 tenore
1557 1035 1595 1095 et
1613 1016 1733 1095 forma
1832 984 1896 1026 Μ’

313 1149 412 1227 dicte
433 1151 533 1256 pacis
559 1149 791 1239 audirentur,
814 1166 853 1226 et
868 1149 974 1255 quod
990 1148 1174 1256 quicquid
1192 1149 1290 1226 dicte
1311 1165 1455 1254 septem
1473 1175 1656 1254 persone,
1675 1147 1733 1222 vel

315 1281 436 1388 major
453 1307 538 1387 pars
553 1307 696 1370 aarum,
716 1307 830 1386 super
852 1279 954 1358 dicto
977 1297 1108 1356 tenore
1128 1279 1366 1357 concorditer
1379 1279 1679 1365 testificarentur,
1697 1294 1736 1353 et

317 1412 497 1501 dicerent,
517 1412 678 1488 firmiter
693 1441 714 1488 a
731 1411 841 1488 dictis
853 1409 1023 1517 partibus
1037 1425 1242 1501 teneretur,
1261 1428 1299 1486 et
1318 1438 1432 1516 super
1448 1411 1521 1487 hoc
1535 1407 1644 1485 dictis
1658 1436 1737 1514 par·

316 1540 420 1619 tibus
435 1541 617 1620 darentur
632 1542 757 1620 littere
771 1540 841 1620 sub
861 1540 984 1649 sigillo
1000 1540 1212 1632 Castelleti3
1233 1557 1286 1629 et,
1308 1557 1393 1646 post
1408 1540 1591 1644 predicta,
1609 1566 1735 1616 coram

318 1673 418 1749 dicto
444 1672 635 1779 preposito
662 1689 762 1750 certa
786 1671 848 1747 dic
868 1671 1173 1777 comparentibus
1200 1671 1310 1746 dictis
1333 1669 1503 1778 partibus
1527 1687 1563 1746 et
1584 1697 1654 1776 per
1675 1697 1738 1744 eas

316 1801 479 1879 recitatis
493 1803 701 1908 premissis,
724 1802 847 1878 dictus
865 1801 1095 1906 prepositus,
1120 1829 1141 1876 a
1161 1801 1271 1877 dictis
1290 1816 1436 1904 septem
1454 1798 1626 1905 personis
1641 1800 1739 1904 jura·

317 1949 446 2009 mento
465 1948 616 2037 recepto
637 1931 685 2008 de
705 1930 863 2007 dicenda
884 1957 997 2036 super
1009 1948 1143 2008 tenore
1157 1947 1195 2005 et
1211 1929 1333 2007 forma
1352 1930 1453 2005 dicte
1471 1928 1571 2036 pacis
1593 1945 1630 2005 et
1648 1957 1739 2004 cou-

317 2062 443 2140 cordia
461 2062 636 2150 veritate,
662 2079 700 2138 et
722 2061 849 2138 audita
874 2061 1075 2169 diligenter
1094 2089 1208 2166 super
1228 2061 1301 2138 hoc
1315 2061 1535 2136 earumdem
1551 2058 1738 2136 relacione

319 2208 357 2270 et
372 2193 632 2298 deposicione,
656 2209 694 2267 et
713 2189 853 2267 deiude
869 2207 966 2267 certa
981 2190 1042 2266 die
1064 2219 1188 2267 coram
1204 2191 1305 2266 dicto
1320 2191 1512 2294 preposito
1523 2190 1572 2266 ad
1587 2189 1739 2266 audien·

320 2323 414 2400 dum
433 2323 497 2427 jus
526 2323 565 2397 in
595 2349 703 2396 causa
727 2319 893 2426 predicta
915 2319 1024 2396 dictis
1048 2319 1216 2424 partibus
1239 2319 1437 2425 assignata,
1464 2336 1501 2396 et
1527 2320 1573 2395 ad
1602 2318 1739 2394 dictam

320 2452 422 2528 diem
435 2450 739 2557 comparentibus
756 2449 794 2524 in
811 2449 957 2556 judicio
973 2447 1081 2525 dictis
1098 2448 1286 2554 partibus,
1303 2467 1342 2525 et
1358 2450 1422 2556 jus
1443 2449 1514 2526 sibi
1536 2477 1650 2554 super
1670 2449 1744 2524 hoc

321 2581 403 2658 fieri
424 2578 702 2686 requirentibus
716 2578 909 2667 instanter,
932 2576 1055 2655 dictus
1072 2577 1303 2684 prepositus,
1318 2579 1395 2655 visa
1412 2578 1654 2684 deposicione
1668 2578 1742 2655 dic-

320 2729 443 2788 tarum
458 2728 600 2816 septem
613 2736 869 2815 personarum,
887 2724 925 2786 et
940 2707 1068 2786 habito
1083 2735 1198 2815 super
1211 2708 1285 2786 hoc
1299 2708 1457 2787 consilio
1475 2708 1660 2816 diligenti,
1675 2737 1744 2817 per

321 2870 432 2919 suum
455 2839 665 2947 judicatum
691 2839 976 2945 pronunciasset
993 2839 1098 2945 quod
1118 2855 1242 2946 partes
1260 2839 1445 2945 predicte,
1468 2839 1643 2918 videlicet
1665 2840 1744 2918 dic-

321 2987 382 3048 tus
401 2969 629 3048 Guillelmus
645 2968 780 3047 Pizdoe
800 2986 838 3046 ct
853 2969 988 3057 Maria,
1010 2970 1092 3077 ejus
1110 2997 1216 3057 uxor,
1240 2997 1383 3077 prose,
1406 2999 1450 3046 ex
1467 2998 1543 3060 una
1562 2987 1682 3076 parte,
1706 2987 1744 3048 et

321 3101 509 3178 lohannes
529 3099 565 3178 le
585 3102 740 3189 Breton,
762 3128 832 3206 pro
851 3129 908 3189 se,
930 3129 974 3178 ex
991 3100 1123 3191 altera,
1143 3130 1256 3207 super
1269 3101 1406 3179 debato
1422 3101 1592 3208 predicto
1612 3129 1744 3180 conse-

324 3232 456 3307 derent
479 3248 517 3308 et
541 3229 761 3307 acordarent
784 3229 824 3306 in
843 3230 990 3335 judicio
1011 3259 1137 3306 coram
1157 3259 1197 3308 se
1214 3231 1357 3308 litteras
1377 3233 1448 3310 sub
1467 3231 1591 3337 sigillo
1608 3259 1746 3338 prepo-

324 3362 439 3438 siture
458 3360 672 3438 Parisiensis
692 3376 730 3436 ct
748 3358 818 3436 sub
838 3358 959 3436 forma
978 3390 1052 3466 que
1072 3362 1263 3466 sequitur,
1276 3362 1316 3437 in
1335 3363 1406 3439 hec
1423 3361 1556 3439 verba:
1579 3362 1639 3438 «Α
1656 3379 1744 3440 tour

325 3518 413 3568 aeus
428 3491 492 3595 qui
515 3516 576 3567 ces
591 3490 721 3567 lettres
734 3506 902 3580 verront,
920 3490 1039 3567 lehan
1058 3489 1246 3580 Ploibaut,
1265 3490 1378 3598 garde
1395 3491 1443 3568 dc
1458 3489 1493 3568 la
1509 3509 1677 3598 prevoste
1696 3493 1744 3568 de

324 3621 441 3710 Paris,
455 3620 575 3698 salut:
590 3619 768 3698 Saichent
779 3620 856 3698 tuit
870 3649 945 3726 quc
961 3649 1028 3726 par
1043 3621 1178 3698 devant
1193 3649 1290 3699 nous
1303 3623 1478 3700 vindrent
1492 3650 1540 3700 en
1548 3623 1748 3731 jugement

324 3751 540 3830 Guillaumc
558 3751 711 3842 Pizdoe,
729 3768 878 3858 prevost
899 3753 966 3830 des
984 3754 1218 3842 marcheans,
1241 3770 1279 3832 et
1294 3753 1426 3846 Mario,
1446 3783 1487 3832 sa
1501 3752 1614 3844 lame,
1633 3755 1746 3831 d'une

325 3898 423 3987 part,
440 3899 479 3958 et
490 3883 608 3958 Jeban
623 3882 660 3958 le
677 3885 835 3972 Breton,
850 3881 1008 3988 peletier
1022 3899 1061 3959 et
1074 3882 1255 3991 bourgois
1274 3885 1323 3962 de
1342 3885 1461 3977 Paris,
1487 3885 1628 3962 d'autre
1644 3902 1744 3990 part,

328 4027 365 4087 et
384 4017 637 4118 recoguurent
648 4040 737 4116 quc,
756 4039 901 4088 comme
915 4011 1065 4090 descors
1085 4032 1168 4091 eust
1185 4031 1263 4092 este
1280 3995 1384 4092 entre
1405 4015 1505 4106 culs,
1526 4043 1627 4124 pour
1638 4035 1747 4092 cause

328 4141 375 4220 dc
393 4141 429 4218 la
447 4140 659 4220 succession
676 4139 738 4218 seu
752 4141 938 4229 debanna,
954 4139 1051 4218 fame
1061 4141 1161 4248 jadis
1176 4144 1314 4222 doudit
1331 4147 1452 4223 laban
1470 4164 1507 4224 et
1526 4175 1613 4224 seur
1635 4147 1684 4225 de
1701 4147 1750 4223 la-

329 4273 406 4351 dite
431 4272 567 4360 Maris,
598 4271 722 4348 traitie
751 4288 790 4348 et
817 4271 952 4348 acorde
977 4289 1034 4350 est
1058 4289 1165 4350 entre
1190 4274 1345 4353 lesdites
1372 4277 1511 4382 parties
1534 4307 1624 4382 que,
1650 4306 1750 4383 pour

328 4433 437 4482 cause
454 4404 521 4481 des
539 4403 712 4481 muebles
731 4403 779 4480 da
794 4403 830 4479 la
850 4402 1061 4482 succession
1078 4403 1125 4480 de
1141 4404 1257 4482 ladite
1275 4407 1466 4496 Jehanne,
1484 4408 1578 4485 ledit
1596 4409 1750 4486 lebana

328 4533 470 4640 promis
489 4561 509 4610 a
525 4535 629 4640 paicr
645 4533 751 4611 audit
768 4531 983 4626 Guillaumc
1000 4551 1037 4611 et
1052 4564 1071 4611 a
1087 4564 1128 4614 sa
1141 4535 1239 4613 farne
1261 4536 1450 4615 huit-cena
1471 4537 1582 4617 {ivres
1594 4539 1749 4646 parisis,

330 4665 416 4740 c'est
432 4664 591 4742 assavoir
609 4680 740 4771 quatre
761 4691 850 4741 cena
866 4663 976 4742 livres
996 4665 1049 4742 du
1067 4681 1188 4742 terme
1204 4665 1252 4743 de
1267 4665 1303 4743 la
1316 4668 1543 4746 Tuus-Seius
1559 4670 1752 4749 darrenci-

329 4812 478 4872 rement
492 4821 620 4901 passee
636 4809 674 4871 et
692 4810 823 4900 quatre
844 4824 933 4873 cenz
951 4795 1099 4875 lirrosa
1117 4796 1152 4873 la
1172 4797 1329 4875 Nativite
1349 4797 1445 4875 saint
1456 4798 1751 4908 leban·Baptiste

330 4926 509 5030 prochain
525 4944 674 5015 venant,
693 4944 732 5004 ct
749 4955 848 5032 pour
866 4945 947 5004 tant
966 4942 1033 5005 ont
1052 4928 1147 5007 ledit
1167 4927 1383 5007 Guillaumc
1396 4947 1435 5009 et
1446 4959 1487 5009 sa
1501 4930 1599 5010 lame
1614 4961 1752 5013 renon-

332 5057 387 5135 cic
408 5087 428 5134 a
451 5073 538 5135 tour
569 5056 625 5136 les
642 5059 814 5138 muebles
833 5059 898 5166 qni
921 5057 1046 5137 iurent
1065 5089 1084 5137 a
1109 5060 1227 5137 ladite
1244 5062 1429 5156 lebanne,
1451 5080 1490 5142 et
1507 5065 1627 5172 quitte
1647 5066 1752 5144 audit
