<?xml version="1.0" encoding="UTF-8"?>
<!DOCTYPE html PUBLIC "-//W3C//DTD XHTML 1.0 Transitional//EN"
    "http://www.w3.org/TR/xhtml1/DTD/xhtml1-transitional.dtd">
<html xmlns="http://www.w3.org/1999/xhtml" xml:lang="en" lang="en">
 <head>
  <title>
</title>
<meta http-equiv="Content-Type" content="text/html;charset=utf-8" />
  <meta name='ocr-system' content='tesseract 3.04.00' />
  <meta name='ocr-capabilities' content='ocr_page ocr_carea ocr_par ocr_line ocrx_word'/>
</head>
<body>
  <div class='ocr_page' id='page_1' title='image "./lesolimouregist00parigoog_0351.png"; bbox 0 0 4450 6209; ppageno 0'>
   <div class='ocr_carea' id='block_1_1' title="bbox 500 747 1343 828">
    <p class='ocr_par' dir='ltr' id='par_1_1' title="bbox 500 747 1343 828">
     <span class='ocr_line' id='line_1_1' title="bbox 500 747 1343 828; baseline -0.008 -3"><span class='ocrx_word' id='word_1_1' title='bbox 500 755 574 828; x_wconf 77' lang='lat'>252</span> <span class='ocrx_word' id='word_1_2' title='bbox 1083 748 1174 820; x_wconf 86' lang='lat' dir='ltr'>LES</span> <span class='ocrx_word' id='word_1_3' title='bbox 1203 747 1343 822; x_wconf 91' lang='lat' dir='ltr'>OLIM.</span> 
     </span>
    </p>
   </div>
   <div class='ocr_carea' id='block_1_2' title="bbox 270 888 1922 1389">
    <p class='ocr_par' dir='ltr' id='par_1_2' title="bbox 270 888 1922 1389">
     <span class='ocr_line' id='line_1_2' title="bbox 270 888 1922 998; baseline -0.002 -26"><span class='ocrx_word' id='word_1_4' title='bbox 270 907 402 961; x_wconf 72' lang='lat' dir='ltr'>Pavum</span> <span class='ocrx_word' id='word_1_5' title='bbox 415 905 460 969; x_wconf 72' lang='lat' dir='ltr'>lv,</span> <span class='ocrx_word' id='word_1_6' title='bbox 500 894 728 971; x_wconf 82' lang='lat' dir='ltr'>deliberaret</span> <span class='ocrx_word' id='word_1_7' title='bbox 752 889 959 998; x_wconf 80' lang='lat' dir='ltr'>predictam</span> <span class='ocrx_word' id='word_1_8' title='bbox 982 888 1226 966; x_wconf 86' lang='lat' dir='ltr'>medietatem</span> <span class='ocrx_word' id='word_1_9' title='bbox 1250 889 1421 998; x_wconf 85' lang='lat' dir='ltr'>petitam,</span> <span class='ocrx_word' id='word_1_10' title='bbox 1450 889 1545 968; x_wconf 85' lang='lat' dir='ltr'>salva</span> <span class='ocrx_word' id='word_1_11' title='bbox 1572 915 1686 996; x_wconf 89' lang='lat' dir='ltr'>super</span> <span class='ocrx_word' id='word_1_12' title='bbox 1712 889 1786 968; x_wconf 91' lang='lat' dir='ltr'>hoc</span> <span class='ocrx_word' id='word_1_13' title='bbox 1813 889 1922 968; x_wconf 89' lang='lat' dir='ltr'>dictis</span> 
     </span>
     <span class='ocr_line' id='line_1_3' title="bbox 333 999 1153 1132; baseline -0.007 -29"><span class='ocrx_word' id='word_1_14' title='bbox 333 999 398 1041; x_wconf 56' lang='grc' dir='ltr'>Μ’</span> <span class='ocrx_word' id='word_1_15' title='bbox 498 1026 667 1131; x_wconf 87' lang='lat' dir='ltr'>partibus</span> <span class='ocrx_word' id='word_1_16' title='bbox 687 1022 885 1132; x_wconf 82' lang='lat' dir='ltr'>questione</span> <span class='ocrx_word' id='word_1_17' title='bbox 904 1020 1153 1128; x_wconf 75' lang='lat' dir='ltr'>proprietatis.</span> 
     </span>
     <span class='ocr_line' id='line_1_4' title="bbox 556 1151 1325 1260; baseline -0.008 -28"><span class='ocrx_word' id='word_1_18' title='bbox 556 1155 685 1232; x_wconf 87' lang='lat' dir='ltr'>Martis</span> <span class='ocrx_word' id='word_1_19' title='bbox 702 1171 788 1260; x_wconf 85' lang='lat' dir='ltr'>post</span> <span class='ocrx_word' id='word_1_20' title='bbox 806 1151 1143 1232; x_wconf 85' lang='lat' dir='ltr'>Circumcisionem</span> <span class='ocrx_word' id='word_1_21' title='bbox 1157 1151 1325 1231; x_wconf 88' lang='lat' dir='ltr'>Domini.</span> 
     </span>
     <span class='ocr_line' id='line_1_5' title="bbox 558 1283 1129 1389; baseline -0.009 -26"><span class='ocrx_word' id='word_1_22' title='bbox 558 1287 608 1364; x_wconf 89' lang='lat' dir='ltr'>M.</span> <span class='ocrx_word' id='word_1_23' title='bbox 629 1287 661 1362; x_wconf 86' lang='lat' dir='ltr'>J.</span> <span class='ocrx_word' id='word_1_24' title='bbox 682 1284 896 1363; x_wconf 85' lang='lat' dir='ltr'>Anthonius</span> <span class='ocrx_word' id='word_1_25' title='bbox 914 1283 1129 1389; x_wconf 82' lang='lat' dir='ltr'>reportavit.</span> 
     </span>
    </p>
   </div>
   <div class='ocr_carea' id='block_1_3' title="bbox 502 1545 1935 3092">
    <p class='ocr_par' dir='ltr' id='par_1_3' title="bbox 502 1545 1935 3092">
     <span class='ocr_line' id='line_1_6' title="bbox 558 1545 1925 1655; baseline 0.001 -31"><span class='ocrx_word' id='word_1_26' title='bbox 558 1547 731 1627; x_wconf 80' lang='lat' dir='ltr'>XXXVII.</span> <span class='ocrx_word' id='word_1_27' title='bbox 762 1546 860 1625; x_wconf 91' lang='lat' dir='ltr'>Cum</span> <span class='ocrx_word' id='word_1_28' title='bbox 879 1545 996 1624; x_wconf 88' lang='lat' dir='ltr'>abbas</span> <span class='ocrx_word' id='word_1_29' title='bbox 1020 1560 1059 1622; x_wconf 91' lang='lat' dir='ltr'>et</span> <span class='ocrx_word' id='word_1_30' title='bbox 1082 1561 1289 1624; x_wconf 89' lang='lat' dir='ltr'>conventus</span> <span class='ocrx_word' id='word_1_31' title='bbox 1308 1545 1357 1623; x_wconf 89' lang='lat' dir='ltr'>de</span> <span class='ocrx_word' id='word_1_32' title='bbox 1380 1545 1571 1635; x_wconf 81' lang='lat' dir='ltr'>Viriliaco,</span> <span class='ocrx_word' id='word_1_33' title='bbox 1594 1545 1635 1624; x_wconf 93' lang='lat' dir='ltr'>in</span> <span class='ocrx_word' id='word_1_34' title='bbox 1655 1563 1782 1627; x_wconf 85' lang='lat' dir='ltr'>nostra</span> <span class='ocrx_word' id='word_1_35' title='bbox 1800 1547 1925 1655; x_wconf 89' lang='lat' dir='ltr'>gardia</span> 
     </span>
     <span class='ocr_line' id='line_1_7' title="bbox 502 1676 1924 1786; baseline -0.001 -28"><span class='ocrx_word' id='word_1_36' title='bbox 502 1679 670 1786; x_wconf 87' lang='lat' dir='ltr'>speciali,</span> <span class='ocrx_word' id='word_1_37' title='bbox 689 1708 778 1757; x_wconf 91' lang='lat' dir='ltr'>cum</span> <span class='ocrx_word' id='word_1_38' title='bbox 793 1705 928 1756; x_wconf 89' lang='lat' dir='ltr'>eorum</span> <span class='ocrx_word' id='word_1_39' title='bbox 943 1676 1072 1770; x_wconf 89' lang='lat' dir='ltr'>bonis,</span> <span class='ocrx_word' id='word_1_40' title='bbox 1093 1677 1312 1770; x_wconf 81' lang='lat' dir='ltr'>existentes,</span> <span class='ocrx_word' id='word_1_41' title='bbox 1334 1678 1446 1756; x_wconf 93' lang='lat' dir='ltr'>nobis</span> <span class='ocrx_word' id='word_1_42' title='bbox 1463 1678 1622 1785; x_wconf 86' lang='lat' dir='ltr'>graviter</span> <span class='ocrx_word' id='word_1_43' title='bbox 1642 1680 1924 1786; x_wconf 87' lang='lat' dir='ltr'>conquerendo,</span> 
     </span>
     <span class='ocr_line' id='line_1_8' title="bbox 504 1807 1928 1920; baseline 0 -32"><span class='ocrx_word' id='word_1_44' title='bbox 504 1809 774 1920; x_wconf 84' lang='lat' dir='ltr'>significassent</span> <span class='ocrx_word' id='word_1_45' title='bbox 783 1809 888 1914; x_wconf 91' lang='lat' dir='ltr'>quod</span> <span class='ocrx_word' id='word_1_46' title='bbox 899 1824 1030 1915; x_wconf 86' lang='lat' dir='ltr'>gentes</span> <span class='ocrx_word' id='word_1_47' title='bbox 1042 1807 1192 1885; x_wconf 90' lang='lat' dir='ltr'>comitis</span> <span class='ocrx_word' id='word_1_48' title='bbox 1202 1809 1454 1900; x_wconf 85' lang='lat' dir='ltr'>Nivernensis,</span> <span class='ocrx_word' id='word_1_49' title='bbox 1471 1808 1689 1886; x_wconf 81' lang='lat' dir='ltr'>coadunatis</span> <span class='ocrx_word' id='word_1_50' title='bbox 1703 1808 1751 1887; x_wconf 88' lang='lat' dir='ltr'>ad</span> <span class='ocrx_word' id='word_1_51' title='bbox 1763 1811 1836 1888; x_wconf 92' lang='lat' dir='ltr'>hoc</span> <span class='ocrx_word' id='word_1_52' title='bbox 1846 1810 1928 1916; x_wconf 92' lang='lat' dir='ltr'>plu·</span> 
     </span>
     <span class='ocr_line' id='line_1_9' title="bbox 504 1936 1928 2048; baseline 0 -30"><span class='ocrx_word' id='word_1_53' title='bbox 504 1943 604 2018; x_wconf 90' lang='lat' dir='ltr'>rium</span> <span class='ocrx_word' id='word_1_54' title='bbox 628 1939 801 2017; x_wconf 89' lang='lat' dir='ltr'>villarum</span> <span class='ocrx_word' id='word_1_55' title='bbox 826 1936 1045 2016; x_wconf 90' lang='lat' dir='ltr'>hominibus</span> <span class='ocrx_word' id='word_1_56' title='bbox 1070 1967 1157 2016; x_wconf 91' lang='lat' dir='ltr'>cum</span> <span class='ocrx_word' id='word_1_57' title='bbox 1182 1938 1336 2017; x_wconf 88' lang='lat' dir='ltr'>diversis</span> <span class='ocrx_word' id='word_1_58' title='bbox 1361 1967 1553 2017; x_wconf 84' lang='lat' dir='ltr'>armorum</span> <span class='ocrx_word' id='word_1_59' title='bbox 1572 1938 1791 2048; x_wconf 91' lang='lat' dir='ltr'>generibus,</span> <span class='ocrx_word' id='word_1_60' title='bbox 1811 1941 1928 2018; x_wconf 83' lang='lat' dir='ltr'>dicto-</span> 
     </span>
     <span class='ocr_line' id='line_1_10' title="bbox 505 2067 1928 2178; baseline 0 -30"><span class='ocrx_word' id='word_1_61' title='bbox 505 2099 592 2148; x_wconf 86' lang='lat' dir='ltr'>rum</span> <span class='ocrx_word' id='word_1_62' title='bbox 607 2069 871 2178; x_wconf 89' lang='lat' dir='ltr'>religiosorum</span> <span class='ocrx_word' id='word_1_63' title='bbox 886 2094 1061 2157; x_wconf 89' lang='lat' dir='ltr'>nemora,</span> <span class='ocrx_word' id='word_1_64' title='bbox 1078 2069 1118 2144; x_wconf 91' lang='lat' dir='ltr'>in</span> <span class='ocrx_word' id='word_1_65' title='bbox 1139 2069 1279 2174; x_wconf 88' lang='lat' dir='ltr'>quibus</span> <span class='ocrx_word' id='word_1_66' title='bbox 1297 2067 1367 2175; x_wconf 89' lang='lat' dir='ltr'>ipsi</span> <span class='ocrx_word' id='word_1_67' title='bbox 1385 2067 1517 2146; x_wconf 85' lang='lat' dir='ltr'>dicunt</span> <span class='ocrx_word' id='word_1_68' title='bbox 1534 2097 1575 2148; x_wconf 90' lang='lat' dir='ltr'>sc</span> <span class='ocrx_word' id='word_1_69' title='bbox 1591 2069 1849 2147; x_wconf 90' lang='lat' dir='ltr'>omnimodam</span> <span class='ocrx_word' id='word_1_70' title='bbox 1864 2071 1928 2148; x_wconf 85' lang='lat' dir='ltr'>ba-</span> 
     </span>
     <span class='ocr_line' id='line_1_11' title="bbox 505 2198 1931 2309; baseline 0.001 -31"><span class='ocrx_word' id='word_1_71' title='bbox 505 2202 596 2280; x_wconf 92' lang='lat' dir='ltr'>bere</span> <span class='ocrx_word' id='word_1_72' title='bbox 602 2201 808 2309; x_wconf 87' lang='lat' dir='ltr'>justiciam,</span> <span class='ocrx_word' id='word_1_73' title='bbox 820 2198 1005 2277; x_wconf 90' lang='lat' dir='ltr'>violenter</span> <span class='ocrx_word' id='word_1_74' title='bbox 1016 2216 1052 2276; x_wconf 91' lang='lat' dir='ltr'>et</span> <span class='ocrx_word' id='word_1_75' title='bbox 1064 2199 1204 2308; x_wconf 88' lang='lat' dir='ltr'>injuste</span> <span class='ocrx_word' id='word_1_76' title='bbox 1221 2199 1341 2276; x_wconf 86' lang='lat' dir='ltr'>scindi</span> <span class='ocrx_word' id='word_1_77' title='bbox 1355 2199 1537 2289; x_wconf 81' lang='lat' dir='ltr'>fecerant,</span> <span class='ocrx_word' id='word_1_78' title='bbox 1552 2227 1620 2307; x_wconf 89' lang='lat' dir='ltr'>per</span> <span class='ocrx_word' id='word_1_79' title='bbox 1631 2200 1775 2278; x_wconf 88' lang='lat' dir='ltr'>diversa</span> <span class='ocrx_word' id='word_1_80' title='bbox 1786 2201 1882 2290; x_wconf 90' lang='lat' dir='ltr'>loca,</span> <span class='ocrx_word' id='word_1_81' title='bbox 1895 2221 1931 2280; x_wconf 90' lang='lat' dir='ltr'>et</span> 
     </span>
     <span class='ocr_line' id='line_1_12' title="bbox 508 2329 1930 2438; baseline 0 -28"><span class='ocrx_word' id='word_1_82' title='bbox 508 2333 652 2420; x_wconf 87' lang='lat' dir='ltr'>dirimi,</span> <span class='ocrx_word' id='word_1_83' title='bbox 676 2332 716 2408; x_wconf 92' lang='lat' dir='ltr'>in</span> <span class='ocrx_word' id='word_1_84' title='bbox 735 2349 863 2410; x_wconf 88' lang='lat' dir='ltr'>nostre</span> <span class='ocrx_word' id='word_1_85' title='bbox 883 2330 1011 2437; x_wconf 80' lang='lat' dir='ltr'>gardia</span> <span class='ocrx_word' id='word_1_86' title='bbox 1036 2330 1289 2438; x_wconf 86' lang='lat' dir='ltr'>prejudicium</span> <span class='ocrx_word' id='word_1_87' title='bbox 1313 2346 1350 2410; x_wconf 87' lang='lat' dir='ltr'>et</span> <span class='ocrx_word' id='word_1_88' title='bbox 1374 2331 1543 2436; x_wconf 88' lang='lat' dir='ltr'>ipsorum</span> <span class='ocrx_word' id='word_1_89' title='bbox 1566 2329 1831 2438; x_wconf 89' lang='lat' dir='ltr'>religiosorum</span> <span class='ocrx_word' id='word_1_90' title='bbox 1855 2361 1930 2410; x_wconf 92' lang='lat' dir='ltr'>non</span> 
     </span>
     <span class='ocr_line' id='line_1_13' title="bbox 507 2461 1931 2570; baseline -0.001 -30"><span class='ocrx_word' id='word_1_91' title='bbox 507 2463 702 2542; x_wconf 90' lang='lat' dir='ltr'>modicum</span> <span class='ocrx_word' id='word_1_92' title='bbox 715 2462 1007 2550; x_wconf 87' lang='lat' dir='ltr'>detrimentum,</span> <span class='ocrx_word' id='word_1_93' title='bbox 1024 2491 1111 2538; x_wconf 91' lang='lat' dir='ltr'>cum</span> <span class='ocrx_word' id='word_1_94' title='bbox 1125 2461 1302 2568; x_wconf 88' lang='lat' dir='ltr'>precipue</span> <span class='ocrx_word' id='word_1_95' title='bbox 1316 2461 1479 2538; x_wconf 85' lang='lat' dir='ltr'>serviens</span> <span class='ocrx_word' id='word_1_96' title='bbox 1495 2478 1633 2553; x_wconf 90' lang='lat' dir='ltr'>noster,</span> <span class='ocrx_word' id='word_1_97' title='bbox 1649 2463 1697 2539; x_wconf 89' lang='lat' dir='ltr'>ad</span> <span class='ocrx_word' id='word_1_98' title='bbox 1714 2463 1931 2570; x_wconf 89' lang='lat' dir='ltr'>hujusmodi</span> 
     </span>
     <span class='ocr_line' id='line_1_14' title="bbox 507 2589 1930 2703; baseline -0.001 -31"><span class='ocrx_word' id='word_1_99' title='bbox 507 2594 675 2703; x_wconf 90' lang='lat' dir='ltr'>gardiam</span> <span class='ocrx_word' id='word_1_100' title='bbox 694 2593 905 2701; x_wconf 88' lang='lat' dir='ltr'>specialiter</span> <span class='ocrx_word' id='word_1_101' title='bbox 924 2593 1144 2699; x_wconf 90' lang='lat' dir='ltr'>deputatus,</span> <span class='ocrx_word' id='word_1_102' title='bbox 1160 2591 1233 2701; x_wconf 86' lang='lat' dir='ltr'>hoc</span> <span class='ocrx_word' id='word_1_103' title='bbox 1249 2619 1419 2699; x_wconf 83' lang='lat' dir='ltr'>expresse</span> <span class='ocrx_word' id='word_1_104' title='bbox 1435 2589 1517 2669; x_wconf 89' lang='lat' dir='ltr'>[ieri</span> <span class='ocrx_word' id='word_1_105' title='bbox 1532 2593 1753 2699; x_wconf 88' lang='lat' dir='ltr'>prohiberet</span> <span class='ocrx_word' id='word_1_106' title='bbox 1767 2593 1930 2684; x_wconf 78' lang='lat' dir='ltr'>eisdem3</span> 
     </span>
     <span class='ocr_line' id='line_1_15' title="bbox 508 2720 1933 2833; baseline -0.002 -30"><span class='ocrx_word' id='word_1_107' title='bbox 508 2755 624 2832; x_wconf 90' lang='lat' dir='ltr'>quare</span> <span class='ocrx_word' id='word_1_108' title='bbox 639 2724 819 2833; x_wconf 89' lang='lat' dir='ltr'>petebant</span> <span class='ocrx_word' id='word_1_109' title='bbox 836 2722 1000 2829; x_wconf 88' lang='lat' dir='ltr'>dampna</span> <span class='ocrx_word' id='word_1_110' title='bbox 1019 2723 1092 2800; x_wconf 90' lang='lat' dir='ltr'>sibi</span> <span class='ocrx_word' id='word_1_111' title='bbox 1114 2722 1217 2800; x_wconf 86' lang='lat' dir='ltr'>illata</span> <span class='ocrx_word' id='word_1_112' title='bbox 1233 2750 1301 2827; x_wconf 90' lang='lat' dir='ltr'>per</span> <span class='ocrx_word' id='word_1_113' title='bbox 1314 2720 1432 2800; x_wconf 87' lang='lat' dir='ltr'>dictas</span> <span class='ocrx_word' id='word_1_114' title='bbox 1451 2741 1582 2830; x_wconf 86' lang='lat' dir='ltr'>gentes</span> <span class='ocrx_word' id='word_1_115' title='bbox 1599 2723 1717 2830; x_wconf 88' lang='lat' dir='ltr'>ipsius</span> <span class='ocrx_word' id='word_1_116' title='bbox 1732 2724 1881 2802; x_wconf 88' lang='lat' dir='ltr'>comitis</span> <span class='ocrx_word' id='word_1_117' title='bbox 1895 2725 1933 2800; x_wconf 90' lang='lat' dir='ltr'>in</span> 
     </span>
     <span class='ocr_line' id='line_1_16' title="bbox 511 2852 1934 2960; baseline 0.001 -29"><span class='ocrx_word' id='word_1_118' title='bbox 511 2854 619 2933; x_wconf 89' lang='lat' dir='ltr'>dictis</span> <span class='ocrx_word' id='word_1_119' title='bbox 648 2855 726 2932; x_wconf 84' lang='lat' dir='ltr'>suis</span> <span class='ocrx_word' id='word_1_120' title='bbox 749 2852 970 2931; x_wconf 91' lang='lat' dir='ltr'>nemoribus</span> <span class='ocrx_word' id='word_1_121' title='bbox 997 2853 1068 2930; x_wconf 91' lang='lat' dir='ltr'>sibi</span> <span class='ocrx_word' id='word_1_122' title='bbox 1095 2853 1222 2942; x_wconf 90' lang='lat' dir='ltr'>reddi,</span> <span class='ocrx_word' id='word_1_123' title='bbox 1248 2871 1286 2930; x_wconf 90' lang='lat' dir='ltr'>et</span> <span class='ocrx_word' id='word_1_124' title='bbox 1305 2852 1461 2960; x_wconf 88' lang='lat' dir='ltr'>injurias</span> <span class='ocrx_word' id='word_1_125' title='bbox 1486 2882 1527 2931; x_wconf 89' lang='lat' dir='ltr'>ac</span> <span class='ocrx_word' id='word_1_126' title='bbox 1550 2855 1751 2933; x_wconf 86' lang='lat' dir='ltr'>violencias</span> <span class='ocrx_word' id='word_1_127' title='bbox 1775 2854 1847 2933; x_wconf 90' lang='lat' dir='ltr'>sibi</span> <span class='ocrx_word' id='word_1_128' title='bbox 1868 2882 1934 2960; x_wconf 89' lang='lat' dir='ltr'>per</span> 
     </span>
     <span class='ocr_line' id='line_1_17' title="bbox 511 2982 1935 3092; baseline 0.001 -33"><span class='ocrx_word' id='word_1_129' title='bbox 511 2984 583 3062; x_wconf 93' lang='lat' dir='ltr'>hoc</span> <span class='ocrx_word' id='word_1_130' title='bbox 615 2984 753 3092; x_wconf 87' lang='lat' dir='ltr'>injuste</span> <span class='ocrx_word' id='word_1_131' title='bbox 782 2982 905 3061; x_wconf 87' lang='lat' dir='ltr'>illatas</span> <span class='ocrx_word' id='word_1_132' title='bbox 932 2985 1144 3072; x_wconf 89' lang='lat' dir='ltr'>emendari,</span> <span class='ocrx_word' id='word_1_133' title='bbox 1174 3012 1250 3091; x_wconf 91' lang='lat' dir='ltr'>que</span> <span class='ocrx_word' id='word_1_134' title='bbox 1279 2983 1438 3089; x_wconf 89' lang='lat' dir='ltr'>dampna</span> <span class='ocrx_word' id='word_1_135' title='bbox 1463 3001 1502 3061; x_wconf 93' lang='lat' dir='ltr'>et</span> <span class='ocrx_word' id='word_1_136' title='bbox 1529 2985 1684 3092; x_wconf 91' lang='lat' dir='ltr'>injurias</span> <span class='ocrx_word' id='word_1_137' title='bbox 1710 2985 1935 3064; x_wconf 85' lang='lat' dir='ltr'>estimabant</span> 
     </span>
    </p>
   </div>
   <div class='ocr_carea' id='block_1_4' title="bbox 512 3113 1935 3353">
    <p class='ocr_par' dir='ltr' id='par_1_4' title="bbox 512 3113 1935 3353">
     <span class='ocr_line' id='line_1_18' title="bbox 512 3113 1932 3220; baseline 0.002 -29"><span class='ocrx_word' id='word_1_138' title='bbox 512 3113 602 3191; x_wconf 91' lang='lat' dir='ltr'>dicti</span> <span class='ocrx_word' id='word_1_139' title='bbox 621 3114 787 3220; x_wconf 83' lang='lat' dir='ltr'>religiosi</span> <span class='ocrx_word' id='word_1_140' title='bbox 801 3114 852 3190; x_wconf 92' lang='lat' dir='ltr'>ad</span> <span class='ocrx_word' id='word_1_141' title='bbox 862 3142 1050 3192; x_wconf 90' lang='lat' dir='ltr'>summam</span> <span class='ocrx_word' id='word_1_142' title='bbox 1068 3115 1233 3192; x_wconf 87' lang='lat' dir='ltr'>duomm</span> <span class='ocrx_word' id='word_1_143' title='bbox 1254 3114 1349 3190; x_wconf 90' lang='lat' dir='ltr'>milli</span> <span class='ocrx_word' id='word_1_144' title='bbox 1378 3145 1418 3191; x_wconf 93' lang='lat' dir='ltr'>m</span> <span class='ocrx_word' id='word_1_145' title='bbox 1435 3115 1617 3194; x_wconf 87' lang='lat' dir='ltr'>librarum</span> <span class='ocrx_word' id='word_1_146' title='bbox 1635 3115 1932 3208; x_wconf 89' lang='lat' dir='ltr'>Turonensium‚</span> 
     </span>
     <span class='ocr_line' id='line_1_19' title="bbox 512 3145 1935 3353; baseline 0.001 -33"><span class='ocrx_word' id='word_1_147' title='bbox 512 3245 552 3320; x_wconf 89' lang='lat' dir='ltr'>in</span> <span class='ocrx_word' id='word_1_148' title='bbox 572 3245 713 3352; x_wconf 87' lang='lat' dir='ltr'>quibus</span> <span class='ocrx_word' id='word_1_149' title='bbox 733 3244 912 3352; x_wconf 89' lang='lat' dir='ltr'>petebant</span> <span class='ocrx_word' id='word_1_150' title='bbox 933 3242 1078 3322; x_wconf 89' lang='lat' dir='ltr'>dictum</span> <span class='ocrx_word' id='word_1_151' title='bbox 1101 3245 1279 3322; x_wconf 90' lang='lat' dir='ltr'>comitem</span> <span class='ocrx_word' id='word_1_152' title='bbox 1303 3145 1383 3324; x_wconf 51' lang='lat' dir='ltr'>sig</span> <span class='ocrx_word' id='word_1_153' title='bbox 1396 3263 1549 3353; x_wconf 85' lang='lat' dir='ltr'>propter</span> <span class='ocrx_word' id='word_1_154' title='bbox 1568 3246 1641 3326; x_wconf 93' lang='lat' dir='ltr'>boc</span> <span class='ocrx_word' id='word_1_155' title='bbox 1660 3247 1935 3326; x_wconf 89' lang='lat' dir='ltr'>sentencialiter</span> 
     </span>
    </p>
   </div>
   <div class='ocr_carea' id='block_1_5' title="bbox 395 3376 1937 4662">
    <p class='ocr_par' dir='ltr' id='par_1_5' title="bbox 395 3376 1937 4662">
     <span class='ocr_line' id='line_1_20' title="bbox 512 3376 1935 3485; baseline 0.001 -33"><span class='ocrx_word' id='word_1_156' title='bbox 512 3376 805 3482; x_wconf 85' lang='lat' dir='ltr'>condempnari;</span> <span class='ocrx_word' id='word_1_157' title='bbox 827 3404 941 3484; x_wconf 88' lang='lat' dir='ltr'>super</span> <span class='ocrx_word' id='word_1_158' title='bbox 955 3377 1096 3485; x_wconf 89' lang='lat' dir='ltr'>quibus</span> <span class='ocrx_word' id='word_1_159' title='bbox 1117 3377 1307 3482; x_wconf 87' lang='lat' dir='ltr'>dampnis,</span> <span class='ocrx_word' id='word_1_160' title='bbox 1326 3377 1472 3485; x_wconf 89' lang='lat' dir='ltr'>injuriis</span> <span class='ocrx_word' id='word_1_161' title='bbox 1492 3395 1530 3454; x_wconf 89' lang='lat' dir='ltr'>et</span> <span class='ocrx_word' id='word_1_162' title='bbox 1548 3377 1740 3456; x_wconf 88' lang='lat' dir='ltr'>violenciis</span> <span class='ocrx_word' id='word_1_163' title='bbox 1760 3379 1935 3455; x_wconf 89' lang='lat' dir='ltr'>dedimus</span> 
     </span>
     <span class='ocr_line' id='line_1_21' title="bbox 512 3507 1936 3617; baseline 0.001 -34"><span class='ocrx_word' id='word_1_164' title='bbox 512 3508 552 3583; x_wconf 92' lang='lat' dir='ltr'>in</span> <span class='ocrx_word' id='word_1_165' title='bbox 574 3507 759 3586; x_wconf 87' lang='lat' dir='ltr'>mandatis</span> <span class='ocrx_word' id='word_1_166' title='bbox 776 3508 914 3586; x_wconf 92' lang='lat' dir='ltr'>ballivo</span> <span class='ocrx_word' id='word_1_167' title='bbox 938 3526 1068 3587; x_wconf 88' lang='lat' dir='ltr'>nostro</span> <span class='ocrx_word' id='word_1_168' title='bbox 1092 3509 1314 3586; x_wconf 90' lang='lat' dir='ltr'>Bituricensi</span> <span class='ocrx_word' id='word_1_169' title='bbox 1337 3525 1396 3599; x_wconf 92' lang='lat' dir='ltr'>ut,</span> <span class='ocrx_word' id='word_1_170' title='bbox 1417 3509 1554 3586; x_wconf 88' lang='lat' dir='ltr'>vocatis</span> <span class='ocrx_word' id='word_1_171' title='bbox 1579 3509 1790 3600; x_wconf 85' lang='lat' dir='ltr'>evocandis,</span> <span class='ocrx_word' id='word_1_172' title='bbox 1812 3511 1936 3617; x_wconf 91' lang='lat' dir='ltr'>inqui-</span> 
     </span>
     <span class='ocr_line' id='line_1_22' title="bbox 513 3638 1936 3750; baseline 0.004 -36"><span class='ocrx_word' id='word_1_173' title='bbox 513 3657 614 3716; x_wconf 87' lang='lat' dir='ltr'>reret</span> <span class='ocrx_word' id='word_1_174' title='bbox 636 3667 704 3717; x_wconf 87' lang='lat' dir='ltr'>seu</span> <span class='ocrx_word' id='word_1_175' title='bbox 722 3639 865 3747; x_wconf 91' lang='lat' dir='ltr'>inquiri</span> <span class='ocrx_word' id='word_1_176' title='bbox 884 3638 1023 3718; x_wconf 84' lang='lat' dir='ltr'>faceret</span> <span class='ocrx_word' id='word_1_177' title='bbox 1045 3641 1264 3718; x_wconf 89' lang='lat' dir='ltr'>veritatem:</span> <span class='ocrx_word' id='word_1_178' title='bbox 1285 3641 1373 3720; x_wconf 86' lang='lat' dir='ltr'>Visa</span> <span class='ocrx_word' id='word_1_179' title='bbox 1395 3639 1511 3748; x_wconf 90' lang='lat' dir='ltr'>igitur</span> <span class='ocrx_word' id='word_1_180' title='bbox 1535 3640 1736 3747; x_wconf 86' lang='lat' dir='ltr'>diligenter</span> <span class='ocrx_word' id='word_1_181' title='bbox 1765 3641 1936 3750; x_wconf 89' lang='lat' dir='ltr'>inquesta</span> 
     </span>
     <span class='ocr_line' id='line_1_23' title="bbox 515 3769 1936 3879; baseline 0.004 -34"><span class='ocrx_word' id='word_1_182' title='bbox 515 3797 628 3873; x_wconf 86' lang='lat' dir='ltr'>super</span> <span class='ocrx_word' id='word_1_183' title='bbox 646 3769 720 3846; x_wconf 93' lang='lat' dir='ltr'>hoc</span> <span class='ocrx_word' id='word_1_184' title='bbox 738 3771 787 3846; x_wconf 91' lang='lat' dir='ltr'>de</span> <span class='ocrx_word' id='word_1_185' title='bbox 805 3769 982 3848; x_wconf 83' lang='lat' dir='ltr'>mandato</span> <span class='ocrx_word' id='word_1_186' title='bbox 1002 3788 1132 3849; x_wconf 89' lang='lat' dir='ltr'>nostro</span> <span class='ocrx_word' id='word_1_187' title='bbox 1149 3771 1260 3862; x_wconf 86' lang='lat' dir='ltr'>lacta,</span> <span class='ocrx_word' id='word_1_188' title='bbox 1277 3800 1346 3879; x_wconf 87' lang='lat' dir='ltr'>per</span> <span class='ocrx_word' id='word_1_189' title='bbox 1363 3772 1465 3849; x_wconf 89' lang='lat' dir='ltr'>curie</span> <span class='ocrx_word' id='word_1_190' title='bbox 1485 3787 1611 3849; x_wconf 85' lang='lat' dir='ltr'>nostre</span> <span class='ocrx_word' id='word_1_191' title='bbox 1627 3771 1834 3879; x_wconf 88' lang='lat' dir='ltr'>judicium,</span> <span class='ocrx_word' id='word_1_192' title='bbox 1858 3773 1936 3850; x_wconf 92' lang='lat' dir='ltr'>dic·</span> 
     </span>
     <span class='ocr_line' id='line_1_24' title="bbox 516 3898 1937 4007; baseline 0.006 -35"><span class='ocrx_word' id='word_1_193' title='bbox 516 3914 578 3972; x_wconf 91' lang='lat' dir='ltr'>tus</span> <span class='ocrx_word' id='word_1_194' title='bbox 597 3924 724 3975; x_wconf 90' lang='lat' dir='ltr'>comes</span> <span class='ocrx_word' id='word_1_195' title='bbox 742 3898 815 3976; x_wconf 86' lang='lat' dir='ltr'>fuit</span> <span class='ocrx_word' id='word_1_196' title='bbox 831 3899 975 3976; x_wconf 89' lang='lat' dir='ltr'>eisdem</span> <span class='ocrx_word' id='word_1_197' title='bbox 989 3901 1175 4007; x_wconf 87' lang='lat' dir='ltr'>religiosis</span> <span class='ocrx_word' id='word_1_198' title='bbox 1189 3902 1466 3980; x_wconf 86' lang='lat' dir='ltr'>sentencialiter</span> <span class='ocrx_word' id='word_1_199' title='bbox 1479 3902 1774 4007; x_wconf 88' lang='lat' dir='ltr'>condempnatus</span> <span class='ocrx_word' id='word_1_200' title='bbox 1789 3903 1838 3980; x_wconf 91' lang='lat' dir='ltr'>ad</span> <span class='ocrx_word' id='word_1_201' title='bbox 1853 3904 1937 3981; x_wconf 89' lang='lat' dir='ltr'>red·</span> 
     </span>
     <span class='ocr_line' id='line_1_25' title="bbox 517 4027 1937 4140; baseline 0.008 -38"><span class='ocrx_word' id='word_1_202' title='bbox 517 4027 688 4104; x_wconf 90' lang='lat' dir='ltr'>dendum</span> <span class='ocrx_word' id='word_1_203' title='bbox 709 4046 747 4106; x_wconf 91' lang='lat' dir='ltr'>et</span> <span class='ocrx_word' id='word_1_204' title='bbox 766 4030 989 4108; x_wconf 90' lang='lat' dir='ltr'>solvendum</span> <span class='ocrx_word' id='word_1_205' title='bbox 1008 4030 1171 4120; x_wconf 87' lang='lat' dir='ltr'>eisdem,</span> <span class='ocrx_word' id='word_1_206' title='bbox 1197 4060 1265 4139; x_wconf 89' lang='lat' dir='ltr'>pro</span> <span class='ocrx_word' id='word_1_207' title='bbox 1285 4033 1475 4138; x_wconf 89' lang='lat' dir='ltr'>dampnis,</span> <span class='ocrx_word' id='word_1_208' title='bbox 1503 4033 1651 4140; x_wconf 89' lang='lat' dir='ltr'>injuriis</span> <span class='ocrx_word' id='word_1_209' title='bbox 1672 4050 1711 4111; x_wconf 89' lang='lat' dir='ltr'>et</span> <span class='ocrx_word' id='word_1_210' title='bbox 1727 4035 1937 4112; x_wconf 83' lang='lat' dir='ltr'>excessibus</span> 
     </span>
     <span class='ocr_line' id='line_1_26' title="bbox 517 4158 1936 4270; baseline 0.004 -34"><span class='ocrx_word' id='word_1_211' title='bbox 517 4158 711 4263; x_wconf 87' lang='lat' dir='ltr'>predictis,</span> <span class='ocrx_word' id='word_1_212' title='bbox 731 4177 917 4239; x_wconf 88' lang='lat' dir='ltr'>trecentas</span> <span class='ocrx_word' id='word_1_213' title='bbox 936 4179 974 4240; x_wconf 87' lang='lat' dir='ltr'>et</span> <span class='ocrx_word' id='word_1_214' title='bbox 989 4163 1177 4270; x_wconf 79' lang='lat' dir='ltr'>sexaginta</span> <span class='ocrx_word' id='word_1_215' title='bbox 1192 4162 1307 4242; x_wconf 88' lang='lat' dir='ltr'>libras</span> <span class='ocrx_word' id='word_1_216' title='bbox 1324 4192 1523 4270; x_wconf 90' lang='lat' dir='ltr'>parvorum</span> <span class='ocrx_word' id='word_1_217' title='bbox 1537 4164 1729 4242; x_wconf 91' lang='lat' dir='ltr'>bonorum</span> <span class='ocrx_word' id='word_1_218' title='bbox 1742 4166 1936 4242; x_wconf 90' lang='lat' dir='ltr'>Turonen-</span> 
     </span>
     <span class='ocr_line' id='line_1_27' title="bbox 395 4289 1880 4402; baseline 0.005 -38"><span class='ocrx_word' id='word_1_219' title='bbox 395 4305 399 4310; x_wconf 86' lang='grc'><strong>’</strong></span> <span class='ocrx_word' id='word_1_220' title='bbox 518 4291 633 4378; x_wconf 89' lang='lat' dir='ltr'>sium,</span> <span class='ocrx_word' id='word_1_221' title='bbox 656 4319 698 4367; x_wconf 90' lang='lat' dir='ltr'>ac</span> <span class='ocrx_word' id='word_1_222' title='bbox 716 4289 828 4370; x_wconf 91' lang='lat' dir='ltr'>nobis</span> <span class='ocrx_word' id='word_1_223' title='bbox 839 4291 1063 4401; x_wconf 87' lang='lat' dir='ltr'>quingentas</span> <span class='ocrx_word' id='word_1_224' title='bbox 1073 4292 1187 4372; x_wconf 89' lang='lat' dir='ltr'>libras</span> <span class='ocrx_word' id='word_1_225' title='bbox 1200 4295 1300 4372; x_wconf 92' lang='lat' dir='ltr'>dicte</span> <span class='ocrx_word' id='word_1_226' title='bbox 1314 4312 1467 4374; x_wconf 88' lang='lat' dir='ltr'>monete</span> <span class='ocrx_word' id='word_1_227' title='bbox 1482 4325 1551 4402; x_wconf 91' lang='lat' dir='ltr'>pro</span> <span class='ocrx_word' id='word_1_228' title='bbox 1566 4314 1694 4374; x_wconf 86' lang='lat' dir='ltr'>nostra</span> <span class='ocrx_word' id='word_1_229' title='bbox 1709 4297 1880 4374; x_wconf 87' lang='lat' dir='ltr'>emenda.</span> 
     </span>
     <span class='ocr_line' id='line_1_28' title="bbox 573 4422 894 4530; baseline 0.009 -33"><span class='ocrx_word' id='word_1_230' title='bbox 573 4422 701 4500; x_wconf 89' lang='lat' dir='ltr'>Martis</span> <span class='ocrx_word' id='word_1_231' title='bbox 714 4423 894 4530; x_wconf 88' lang='lat' dir='ltr'>predicta.</span> 
     </span>
     <span class='ocr_line' id='line_1_29' title="bbox 573 4553 1143 4662; baseline 0.005 -31"><span class='ocrx_word' id='word_1_232' title='bbox 573 4553 625 4631; x_wconf 92' lang='lat' dir='ltr'>M.</span> <span class='ocrx_word' id='word_1_233' title='bbox 646 4554 678 4631; x_wconf 92' lang='lat' dir='ltr'>J.</span> <span class='ocrx_word' id='word_1_234' title='bbox 699 4553 913 4635; x_wconf 84' lang='lat' dir='ltr'>Anthonius</span> <span class='ocrx_word' id='word_1_235' title='bbox 931 4559 1143 4662; x_wconf 86' lang='lat' dir='ltr'>reportavit.</span> 
     </span>
    </p>
   </div>
   <div class='ocr_carea' id='block_1_6' title="bbox 517 4807 1940 5191">
    <p class='ocr_par' dir='ltr' id='par_1_6' title="bbox 517 4807 1940 5191">
     <span class='ocr_line' id='line_1_30' title="bbox 574 4807 1940 4902; baseline 0.008 -10"><span class='ocrx_word' id='word_1_236' title='bbox 574 4807 764 4896; x_wconf 87' lang='lat' dir='ltr'>XXXVIII.</span> <span class='ocrx_word' id='word_1_237' title='bbox 796 4821 895 4898; x_wconf 88' lang='lat' dir='ltr'>Mota</span> <span class='ocrx_word' id='word_1_238' title='bbox 916 4823 1166 4901; x_wconf 87' lang='lat' dir='ltr'>controversia</span> <span class='ocrx_word' id='word_1_239' title='bbox 1181 4823 1280 4900; x_wconf 87' lang='lat' dir='ltr'>inter</span> <span class='ocrx_word' id='word_1_240' title='bbox 1293 4823 1465 4902; x_wconf 86' lang='lat' dir='ltr'>abbatem</span> <span class='ocrx_word' id='word_1_241' title='bbox 1487 4841 1526 4902; x_wconf 92' lang='lat' dir='ltr'>et</span> <span class='ocrx_word' id='word_1_242' title='bbox 1542 4840 1768 4902; x_wconf 90' lang='lat' dir='ltr'>conventum</span> <span class='ocrx_word' id='word_1_243' title='bbox 1792 4853 1940 4902; x_wconf 89' lang='lat' dir='ltr'>monas-</span> 
     </span>
     <span class='ocr_line' id='line_1_31' title="bbox 517 4944 1940 5060; baseline 0.008 -40"><span class='ocrx_word' id='word_1_244' title='bbox 517 4944 604 5020; x_wconf 90' lang='lat' dir='ltr'>terii</span> <span class='ocrx_word' id='word_1_245' title='bbox 627 4945 1167 5046; x_wconf 87' lang='lat' dir='ltr'>Sancti-Quintini-in·lnsnla,</span> <span class='ocrx_word' id='word_1_246' title='bbox 1190 4971 1356 5060; x_wconf 78' lang='lat' dir='ltr'>exparte</span> <span class='ocrx_word' id='word_1_247' title='bbox 1376 4983 1466 5046; x_wconf 91' lang='lat' dir='ltr'>una,</span> <span class='ocrx_word' id='word_1_248' title='bbox 1489 4972 1527 5032; x_wconf 90' lang='lat' dir='ltr'>et</span> <span class='ocrx_word' id='word_1_249' title='bbox 1544 4954 1725 5034; x_wconf 91' lang='lat' dir='ltr'>ballivum</span> <span class='ocrx_word' id='word_1_250' title='bbox 1744 4955 1940 5034; x_wconf 88' lang='lat' dir='ltr'>Viroman-</span> 
     </span>
     <span class='ocr_line' id='line_1_32' title="bbox 521 5075 1939 5191; baseline 0.007 -40"><span class='ocrx_word' id='word_1_251' title='bbox 521 5075 676 5154; x_wconf 86' lang='lat' dir='ltr'>densem</span> <span class='ocrx_word' id='word_1_252' title='bbox 695 5106 765 5184; x_wconf 90' lang='lat' dir='ltr'>pro</span> <span class='ocrx_word' id='word_1_253' title='bbox 778 5079 905 5170; x_wconf 91' lang='lat' dir='ltr'>nobis,</span> <span class='ocrx_word' id='word_1_254' title='bbox 927 5082 1080 5176; x_wconf 81' lang='lat' dir='ltr'>exalia,</span> <span class='ocrx_word' id='word_1_255' title='bbox 1100 5111 1213 5189; x_wconf 88' lang='lat' dir='ltr'>super</span> <span class='ocrx_word' id='word_1_256' title='bbox 1234 5113 1280 5162; x_wconf 92' lang='lat' dir='ltr'>eo</span> <span class='ocrx_word' id='word_1_257' title='bbox 1302 5085 1407 5191; x_wconf 92' lang='lat' dir='ltr'>quod</span> <span class='ocrx_word' id='word_1_258' title='bbox 1427 5085 1515 5162; x_wconf 93' lang='lat' dir='ltr'>dicti</span> <span class='ocrx_word' id='word_1_259' title='bbox 1536 5085 1699 5191; x_wconf 88' lang='lat' dir='ltr'>religiosi</span> <span class='ocrx_word' id='word_1_260' title='bbox 1724 5085 1939 5164; x_wconf 87' lang='lat' dir='ltr'>asserebant</span> 
     </span>
    </p>
   </div>
   <div class='ocr_carea' id='block_1_7' title="bbox 0 0 2261 6209">
    <p class='ocr_par' dir='ltr' id='par_1_7' title="bbox 0 0 2261 6209">
     <span class='ocr_line' id='line_1_33' title="bbox 0 0 2261 6209; baseline 0 0"><span class='ocrx_word' id='word_1_261' title='bbox 0 0 2261 6209; x_wconf 95' lang='lat' dir='ltr'> </span> 
     </span>
    </p>
   </div>
  </div>
 </body>
</html>
