4450 6209
515 720 589 793 eto
1095 718 1187 790 Lus
1217 716 1357 790 OLIM.

291 842 475 937 l’emle.
514 890 576 939 res
603 862 860 940 contenciosas
884 861 1011 967 posuit
1033 861 1081 938 ad
1106 886 1261 937 manum
1290 875 1472 948 nostram,
1500 876 1538 935 et
1561 886 1739 964 personas
1763 888 1946 966 procura-

352 968 414 1009 ’Μ’
514 993 624 1081 toris,
645 991 783 1097 prioris
801 1010 840 1069 et
858 992 1037 1099 capellani
1057 990 1315 1097 predictorum
1335 990 1464 1097 posuit
1484 991 1523 1066 in
1544 991 1658 1097 garda
1677 1007 1821 1083 nostra,
1846 993 1946 1070 inhi-

514 1124 610 1201 bens
629 1124 739 1201 dictis
755 1124 950 1201 monacbis
963 1125 1011 1201 de
1025 1121 1329 1229 burgo-Dolensi
1344 1150 1392 1199 ne
1406 1124 1445 1199 in
1458 1122 1631 1228 personis
1644 1137 1710 1198 aut
1724 1122 1840 1199 bonis
1861 1152 1946 1230 pre-

516 1255 702 1333 dictorum
728 1255 864 1361 prioris
892 1273 931 1332 et
960 1253 1142 1360 capellani
1169 1253 1335 1360 aliquam
1364 1253 1586 1331 violenciam
1616 1251 1816 1343 inferrenc
1852 1254 1943 1331 dicti

514 1374 640 1462 tamen
663 1384 838 1462 monachi
858 1384 1179 1492 Burgi-Dolensis‚
1201 1400 1266 1461 aut
1288 1410 1389 1463 unus
1411 1410 1455 1461 ex
1476 1382 1582 1487 ipsis,
1605 1409 1682 1460 non
1704 1382 1943 1463 obstantibus

513 1542 648 1593 manus
668 1516 910 1622 opposicione
928 1532 967 1593 et
985 1514 1219 1592 inbibicione
1236 1513 1436 1621 predictis,
1456 1514 1600 1591 dictum
1620 1512 1861 1619 capellanum
1882 1543 1943 1591 us-

513 1674 588 1752 que
614 1646 663 1723 ed
686 1646 877 1753 sanguinis
900 1646 1126 1723 allusionem
1149 1660 1417 1752 percusserunt
1445 1662 1482 1723 et
1506 1672 1596 1721 eum
1619 1643 1666 1720 ad
1693 1659 1834 1721 terram
1859 1672 1943 1750 pro-

514 1794 740 1872 straverunt,
757 1794 796 1855 et
817 1779 857 1853 in
878 1777 1025 1855 dictum
1039 1776 1261 1853 servientem
1282 1792 1454 1854 nostrum
1473 1802 1606 1851 manus
1624 1772 1808 1851 violentas
1827 1802 1943 1880 appo·

514 1925 688 1997 suerunt,
708 1936 875 2015 eumque
894 1908 1080 2014 usquead
1098 1906 1241 1985 collum
1262 1907 1350 2012 equi
1366 1906 1424 1983 sui
1443 1904 1615 1983 inclinari
1635 1902 1828 1992 lecerunt,
1847 1905 1941 1981 etin

516 2039 596 2145 ejus
615 2037 747 2115 faciem
770 2038 831 2115 bis
853 2037 913 2115 vel
937 2054 996 2115 ter
1021 2054 1296 2142 conspuerunt,
1322 2036 1491 2113 dicentes
1515 2034 1621 2141 quod
1640 2032 1759 2111 nichil
1777 2034 1941 2113 facerent

514 2193 583 2273 pro
607 2170 724 2275 Rege3
750 2184 883 2274 petens
906 2167 1030 2245 dictus
1047 2182 1268 2272 procurator
1288 2182 1416 2244 noster
1435 2164 1649 2272 predictum
1669 2163 1810 2241 lactum
1833 2165 1941 2243 nobis

514 2299 765 2405 pecuniariter
780 2298 994 2379 emendari:
1011 2298 1099 2375 Visa
1113 2298 1230 2406 igitur
1248 2298 1437 2403 inquesta,
1459 2294 1597 2374 vocatis
1612 2294 1845 2373 sufficienter
1860 2324 1941 2403 par-

514 2430 633 2521 tibus,
650 2458 763 2537 super
783 2430 856 2508 hoc
873 2429 922 2506 de
941 2429 1119 2507 mandato
1137 2444 1266 2506 nostro
1282 2426 1394 2517 lacta,
1416 2426 1631 2505 ordinatum
1646 2426 1735 2517 suia,
1754 2456 1822 2533 per
1839 2430 1940 2504 curie

515 2577 643 2637 nostre
658 2560 864 2666 judicium,
889 2560 996 2668 quod
1017 2557 1191 2637 debonis
1210 2557 1483 2664 temporalibus
1504 2558 1730 2637 eorumdem
1747 2556 1940 2663 religioso·

513 2720 600 2769 rum
620 2691 920 2800 Burgi-Dolensis
941 2690 1114 2767 leventur
1135 2706 1174 2767 et
1198 2689 1390 2794 capiantur
1407 2689 1614 2795 quingente
1634 2687 1730 2767 libre
1755 2689 1940 2767 Parisien·

514 2850 572 2899 ses
592 2822 718 2908 nobis,
736 2848 806 2926 pro
822 2819 983 2898 emenda
998 2837 1140 2907 nostra,
1162 2819 1359 2909 solvende,
1377 2837 1415 2897 et
1434 2819 1706 2927 quinquaginta
1727 2818 1826 2896 libre
1842 2820 1939 2896 Pari-

514 2951 655 3029 sienses
675 2952 777 3029 dicto
796 2950 1002 3056 capellano,
1017 2980 1059 3029 ac
1078 2950 1209 3059 viginti
1223 2948 1319 3027 libre
1337 2950 1563 3028 Parisienses
1576 2948 1746 3057 predicto
1763 2951 1937 3028 servienti

514 3081 704 3160 solvende.

569 3213 730 3294 Cuillier
741 3214 954 3321 reportavit.

570 3482 676 3558 LXII.
707 3481 807 3560 Cum
830 3478 969 3557 ballivo
988 3477 1215 3556 Bituricensr
1236 3476 1525 3555 denunciassent
1544 3473 1657 3552 abbas
1679 3491 1717 3551 et
1735 3491 1937 3553 conventus

513 3612 774 3699 Meciacenses‚
797 3636 1007 3715 eorumque
1028 3609 1132 3714 prior
1152 3624 1189 3685 ct
1204 3625 1352 3685 curatus
1372 3586 1686 3683 de'Bretonneria
1706 3604 1830 3711 quod,
1853 3605 1937 3680 licet

485 3761 488 3766 “
513 3742 582 3849 ipsi
596 3759 635 3818 et
650 3741 778 3817 omnia
792 3740 1010 3817 monasterii
1031 3737 1272 3817 Maciacensis
1291 3735 1462 3815 membra
1476 3737 1516 3813 in
1532 3752 1659 3813 nostra
1671 3752 1796 3813 essent
1811 3751 1850 3811 et
1864 3734 1936 3810 sint

512 3871 639 3976 gardia
654 3869 821 3976 speciali,
838 3886 878 3946 et
895 3870 933 3945 in
947 3867 1185 3976 possessione
1200 3868 1304 3975 quod
1323 3868 1540 3975 gardientur
1559 3894 1727 3973 pernes,
1746 3866 1936 3943 baberent·

512 4028 588 4105 que
612 3999 801 4078 Andream
826 4000 970 4077 dictum
995 4000 1030 4076 la
1052 4000 1151 4087 Joie,
1181 4001 1405 4079 servientem
1428 4016 1615 4091 nostrum,
1645 3997 1867 4103 deputatum
1890 3994 1935 4070 ad

511 4133 700 4209 tuendum
720 4160 784 4209 eos
801 4132 842 4208 in
862 4132 940 4208 suis
956 4131 1069 4240 justis
1093 4130 1393 4236 possessionibus
1420 4147 1458 4207 et
1480 4129 1645 4218 sabinis,
1672 4144 1876 4234 essentque
1898 4126 1934 4202 in

511 4263 664 4369 pacifica
687 4263 924 4370 possessione
953 4263 1001 4341 ab
1026 4262 1183 4369 antiquo
1213 4261 1447 4368 percipiendi
1478 4259 1642 4338 decimas
1666 4257 1870 4335 bladorum
1899 4272 1933 4332 et

512 4392 749 4484 animalium,
766 4393 915 4471 racione
937 4393 1126 4498 prioratus
1145 4391 1325 4497 predicti,
1342 4391 1381 4467 in
1395 4389 1589 4498 parrochia
1607 4390 1657 4466 de
1675 4389 1930 4475 bretonneria,
1968 4376 1977 4385 ’

512 4541 550 4600 et
564 4523 775 4629 specialiter
790 4526 829 4599 in
844 4523 1071 4629 quibusdam
1085 4522 1180 4600 locis
1192 4522 1232 4598 in
1247 4549 1426 4627 processu
1441 4548 1575 4598 eorum
1585 4519 1792 4609 declaratis,
1804 4544 1930 4625 perce-

510 4654 727 4761 pissentque
750 4683 850 4733 anno
869 4655 1036 4761 presenti
1056 4651 1211 4759 pacifice
1231 4669 1376 4758 partem
1398 4651 1542 4728 decime
1563 4630 1604 4727 in
1622 4651 1715 4729 locis
1734 4649 1925 4757 predictis,

511 4784 667 4888 quidam
685 4787 862 4862 monachi
880 4786 928 4863 de
940 4783 1256 4891 Burgo-Dolensi‚
1277 4783 1326 4859 de
1341 4782 1518 4863 mandato
1534 4798 1572 4859 et
1583 4781 1774 4866 voluntate
1788 4778 1928 4859 abbatis

511 4931 549 4990 et
567 4933 771 4992 conventus
793 4914 1123 5022 Burgi-Dolensis‚
1151 4941 1357 5021 eorumque
1382 4913 1612 5020 preceptoris
1632 4909 1922 4997 Sancti-Hilarii,

508 5062 594 5149 post
612 5044 948 5123 denunciacionem
967 5046 1111 5124 eisdem
1132 5044 1255 5123 abbati
1269 5062 1307 5123 et
1324 5044 1535 5152 preceptori
1551 5042 1682 5121 factam
1697 5070 1764 5149 per
1780 5041 1923 5121 dictum
