4450 6209
717 725 991 834 nsounrns
1016 743 1081 815 nr
1107 723 1314 818 rsocns
1634 744 1724 817 su

359 889 449 970 Vlll.
480 887 578 967 Cum
602 886 794 965 lohannes
815 867 986 973 Jordini,
1007 883 1097 963 civis
1119 882 1374 973 Tholosanus,
1397 910 1511 991 super
1530 900 1654 963 morte
1672 882 1733 961 vel
1772 905 1901 959 rurum
1913 902 1955 966 1v,

302 1018 489 1098 occisione
502 1016 685 1098 Bernardi
704 1016 893 1103 Sedacerii
909 1015 1159 1097 denunciatus
1172 1014 1307 1095 luisset
1323 1041 1391 1122 per
1410 1016 1578 1093 relictam
1592 1034 1632 1094 et
1642 1018 1735 1095 ami·
1835 999 1898 1042 ¹³¹⁰·

303 1180 367 1233 cos
387 1150 561 1261 ejusdem
574 1150 706 1240 occisi,
726 1167 764 1229 et
777 1165 932 1257 propter
947 1148 1037 1239 boc,
1058 1164 1136 1227 tam
1157 1147 1324 1227 Tholose
1341 1174 1459 1256 quam
1474 1148 1514 1225 in
1532 1148 1734 1227 Castellato

303 1284 525 1373 Parisiensi,
538 1286 578 1361 in
599 1283 766 1392 prisione
786 1282 853 1359 diu
871 1282 1050 1360 detentus
1065 1279 1213 1373 luisset,
1234 1297 1272 1359 et
1291 1280 1331 1359 in
1351 1308 1462 1359 causa
1476 1280 1575 1359 diets
1588 1282 1736 1360 denun-

303 1416 496 1505 ciacionis,
522 1414 654 1498 multis
675 1413 912 1522 processibus
934 1412 1103 1501 habitis:
1116 1412 1244 1519 planes
1263 1412 1455 1493 sentencie
1477 1413 1553 1493 late
1578 1413 1736 1493 finissent

302 1576 371 1655 pro
391 1549 498 1627 dicto.
509 1549 700 1637 iohanne,
722 1564 761 1628 et
780 1575 848 1654 per
869 1563 1154 1655 procuratorem
1171 1561 1343 1623 nostrum
1366 1546 1493 1653 plures
1513 1546 1736 1654 appellacio-

303 1708 371 1759 nes
392 1709 507 1787 snper
525 1681 600 1760 hoc
620 1680 834 1787 interjecto,
855 1708 898 1757 ac
921 1705 1036 1785 super
1057 1676 1221 1785 quadam
1241 1676 1542 1770 interlocutoria,
1568 1678 1608 1755 in
1628 1708 1736 1757 causa

301 1810 524 1918 hujusmodi
533 1841 602 1919 per
611 1810 887 1892 commissarios
896 1810 1155 1899 nostrosdata,
1170 1808 1216 1887 de
1227 1810 1477 1919 supponendo
1491 1811 1615 1917 ipsum
1627 1840 1737 1916 ques·

301 1941 486 2029 tionibus,
506 1960 545 2021 et
555 1942 823 2051 appellatione,
840 1968 909 2047 per
924 1940 1099 2019 consules
1113 1940 1363 2033 Tholosanos,
1381 1970 1494 2049 snper
1514 1943 1605 2035 hoc,
1623 1942 1738 2020 inter·

302 2074 432 2177 posita,
445 2074 574 2181 plures
590 2102 786 2182 processus
802 2072 886 2150 lacti
899 2070 1075 2163 fuissent,
1087 2072 1266 2181 dictoque
1279 2074 1451 2152 lohanne
1468 2073 1607 2153 deinde
1624 2104 1737 2182 super

304 2207 376 2283 hoc
394 2207 657 2312 questionibus
676 2206 872 2313 supposito
893 2237 902 2283 ε
920 2206 1110 2292 Tandem,
1138 2204 1224 2282 visis
1242 2223 1320 2283 tam
1341 2206 1512 2311 inquesta
1531 2208 1737 2313 superbae

301 2332 395 2414 lacta
425 2366 542 2443 quam
569 2337 809 2443 processibus
839 2334 1020 2415 omnibus
1042 2363 1156 2440 super
1176 2334 1253 2411 hiis
1272 2336 1426 2425 habitis,
1450 2338 1556 2413 etad
1580 2336 1736 2443 plenum

302 2468 520 2551 examinatis
538 2486 578 2547 et
597 2468 772 2547 discussis
791 2467 964 2574 inquesta
987 2484 1024 2543 et
1042 2462 1281 2573 processibus
1302 2467 1479 2545 omnibus
1495 2468 1733 2574 supradictis,

302 2630 370 2709 per
384 2601 488 2678 curie
504 2617 632 2680 nostre
643 2599 847 2709 judicium,
862 2597 986 2677 dictam
996 2598 1200 2691 lohannes,
1213 2626 1327 2705 super
1341 2599 1637 2678 denunciacione
1652 2630 1737 2706 pre-

303 2732 402 2809 dicta
424 2748 462 2809 et
490 2732 658 2811 articulis
679 2731 861 2811 omnibus
879 2729 919 2807 in
939 2756 990 2807 ea.
1001 2729 1205 2817 contentis,
1226 2727 1298 2807 suit
1317 2728 1501 2840 legittime
1526 2730 1733 2810 absolutus.

359 2866 401 2942 ln
415 2864 543 2973 vigilia
553 2863 781 2952 Candelose,
798 2890 932 2941 mensa
947 2861 1143 2941 februarii.

358 3132 418 3207 IX.
449 3129 548 3209 Cum
573 3129 788 3209 Bernardus
809 3127 995 3235 Hugonis,
1019 3154 1188 3206 asserem
1212 3154 1252 3204 se
1278 3128 1443 3234 priorem
1473 3130 1659 3234 prioratus
1689 3132 1736 3208 de

304 3258 626 3348 Clanis-Vallibus,
658 3257 876 3335 senescallie
905 3258 1173 3349 Rutbenensis,
1202 3285 1247 3334 ex
1272 3256 1475 3336 collacione
1500 3288 1567 3366 per
1596 3260 1734 3339 Sedem

303 3365 555 3499 dpostolicam
576 3389 648 3465 sibi
664 3387 774 3482 lacta,
792 3390 1072 3497 inductumque
1088 3418 1128 3467 se
1149 3389 1189 3466 in
1210 3390 1443 3497 corporalem
1460 3392 1736 3498 possessionem

305 3522 396 3599 dicti
410 3522 612 3628 prioratus,
630 3537 857 3628 conquestus
873 3519 1006 3599 luisset
1026 3521 1073 3597 de
1089 3520 1315 3599 officialibus
1335 3521 1473 3598 nostris
1494 3520 1593 3599 dicte
1610 3550 1737 3601 senes-

304 3654 423 3743 callie,
436 3653 543 3761 quod
555 3652 682 3761 ipsum
697 3651 868 3731 indebite
879 3670 917 3731 et
929 3653 978 3730 dc
993 3680 1090 3731 novo
1102 3651 1379 3759 impediebant,
1394 3680 1447 3744 ac,
1462 3680 1530 3758 per
1545 3681 1735 3732 armorum

303 3787 526 3893 potenciam,
539 3784 756 3863 nitebantur
771 3783 956 3892 impedire
969 3784 1179 3892 quominus
1192 3783 1272 3889 ipse
1283 3802 1410 3891 posset
1424 3784 1587 3891 gaudere
1605 3785 1739 3864 saisina

304 3918 394 3996 dicti
408 3918 614 4024 prioratus,
630 3934 670 3994 et
690 3916 813 4024 quod,
835 3917 961 4023 ipsum
976 3916 1166 3995 turbando
1187 3944 1301 4025 super
1316 3916 1401 4009 hoc,
1420 3914 1646 3996 senescallus
1663 3920 1739 3996 Ru·

301 4048 496 4126 thenensis
509 4076 665 4128 manum
684 4065 853 4127 nostram
869 4050 999 4156 posuit
1013 4050 1052 4127 in
1069 4049 1171 4127 dicto
1186 4048 1374 4156 prioratu,
1393 4048 1534 4157 absque
1554 4077 1664 4128 causa
1683 4078 1739 4127 ra·
1789 4051 1798 4066 '

303 4178 497 4269 cionabili,
512 4180 731 4285 ipsumque,
744 4178 817 4257 sub
831 4179 930 4259 diota
942 4209 1058 4258 manu
1074 4198 1216 4273 nostra,
1231 4182 1404 4288 permisit
1416 4210 1484 4287 per
1497 4181 1649 4259 fratrem
1666 4184 1738 4261 lle-

303 4314 489 4392 mondum
518 4312 568 4389 de
594 4309 787 4419 Balegario
815 4310 962 4389 turbari
991 4310 1033 4387 in
1061 4312 1198 4387 saisina
1228 4310 1412 4416 predicta,
1443 4340 1607 4419 cumque
1634 4311 1738 4389 idem

302 4445 517 4524 Bamardus
535 4443 678 4522 litteras
695 4459 841 4521 nostras
861 4442 1087 4522 obtinuisset
1107 4442 1209 4521 dicto
1229 4441 1433 4555 senescallo
1455 4442 1629 4531 directas,
1647 4472 1738 4520 con-

303 4576 466 4655 tinentes
479 4575 585 4685 quod
599 4576 646 4669 si,
663 4575 802 4655 vocatis
814 4574 1030 4663 evocandis,
1045 4572 1148 4655 dicto
1161 4572 1365 4653 senescallo
1377 4591 1564 4652 constaret
1576 4575 1626 4651 ita
1639 4602 1737 4666 esse,

304 4708 449 4786 dictum
471 4709 790 4816 impedimentum
810 4725 1001 4787 amoveret
1020 4725 1059 4785 et
1080 4709 1206 4815 ipsum
1226 4706 1462 4784 Bemardum
1484 4707 1523 4782 in
1547 4734 1615 4785 stra
1638 4706 1738 4785 bona

304 4839 439 4919 saisina
464 4842 552 4919 dicti
577 4842 765 4949 prioratus
800 4858 1078 4932 manuteneret,
1106 4838 1420 4945 deffenderetque
1450 4838 1496 4916 ab
1523 4837 1672 4947 injuriis
1701 4858 1738 4918 et

306 4972 497 5054 violenciis
516 4974 742 5067 manifestis,
765 4975 965 5081 dictusque
985 4972 1229 5065 senescallus,
1254 4972 1523 5050 vocatis-dictis
1544 4972 1737 5050 Bernardo

308 5121 346 5181 et
359 5104 576 5194 Remondo,
598 5106 663 5212 qui
679 5106 902 5185 Remondus
919 5104 1066 5183 dicebat
1087 5114 1126 5182 s'e
1142 5104 1307 5212 priorem
1331 5104 1420 5181 dicti
1439 5102 1626 5209 prioratus
1646 5102 1737 5180 etin

611 5234 632 5271 G
