4450 6209
754 696 1021 806 suootvss
1047 717 1112 790 nv
1139 703 1343 790 procus.
1683 719 1756 792 sss

331 859 483 938 tandem
501 875 630 965 captus
644 858 831 962 innostro
846 887 991 937 earcere
1008 858 1055 936 de
1077 858 1212 938 Emeto
1226 874 1422 936 teneretur
1439 886 1507 963 per
1525 857 1759 938 Bernardum
1797 868 1926 922 rovum
1938 869 1981 932 tv,

332 991 380 1068 de
403 988 675 1080 Pedio-Acuto,
696 989 869 1098 bajulum
897 1007 1069 1068 nostrum
1089 988 1138 1067 de
1156 991 1310 1076 Emeto,
1335 987 1459 1066 dictus
1476 989 1759 1096 Raymundusa
1858 959 1920 1000 '³¹⁰'

331 1119 432 1197 dicto
453 1148 599 1198 carcere
617 1122 744 1212 evasit,
763 1121 929 1199 eundem
950 1147 1138 1199 carcerem
1153 1119 1349 1208 violando,
1368 1137 1453 1227 post
1475 1120 1549 1200 hoc
1569 1121 1660 1199 dieti
1679 1148 1759 1198 ma·

329 1251 444 1358 gister
462 1253 538 1330 Yvo
559 1270 597 1330 et
615 1253 726 1332 miles
744 1253 957 1360 predictum
975 1251 1230 1340 Bernardum,
1249 1278 1319 1358 pro
1332 1252 1542 1358 suspicione
1560 1252 1662 1332 dicte
1676 1280 1760 1330 eva·

330 1382 463 1473 sionis,
489 1401 640 1491 captum
667 1383 835 1464 fecerant
865 1385 905 1462 in
933 1401 1061 1464 nostra
1086 1383 1253 1490 prisione
1276 1384 1416 1474 teneri,
1448 1384 1515 1491 qui
1544 1384 1758 1462 Bernardus

192 1615 198 1627 ,
330 1542 443 1620 super
464 1513 562 1595 lacto
582 1515 802 1624 hujusmodi
824 1516 968 1608 linavit,
990 1546 1077 1594 cum
1095 1515 1274 1622 predictis
1292 1515 1471 1623 magistro
1489 1518 1614 1594 Yvone
1631 1531 1671 1592 et
1688 1515 1760 1592 mi-

330 1644 412 1735 lite,
430 1646 479 1722 ad
496 1646 789 1755 quadringentas
808 1647 923 1726 libras
942 1649 1185 1726 Turonenses
1203 1647 1316 1725 nobis
1335 1646 1496 1737 dandas,
1515 1646 1658 1752 quibus
1676 1675 1757 1724 me-

331 1777 539 1869 diantibus,
557 1778 680 1858 dictus
697 1778 911 1858 Bernartius
925 1778 998 1856 fuit
1012 1807 1034 1856 a
1048 1779 1150 1856 dicto
1170 1806 1317 1856 earcere
1331 1777 1628 1886 liberetussquo
1645 1777 1698 1856 sic
1713 1778 1759 1856 li·

327 1907 474 1996 berem,
496 1908 600 1986 idem
619 1909 769 2015 bajulus
791 1927 921 2016 postea
945 1909 1073 1998 nobis,
1096 1911 1387 2015 conquerendo,
1410 1909 1633 1987 monstravit
1649 1908 1758 2016 qnod

329 2040 408 2146 ipse
431 2069 452 2116 a
473 2040 572 2118 dicta
596 2039 772 2131 lioancia,
795 2041 843 2118 ad
864 2069 932 2120 nos
951 2040 1122 2148 legitimo
1141 2040 1356 2148 appellavit,
1378 2042 1541 2147 etquod
1562 2040 1641 2147 ipse
1660 2068 1759 2118 oom-

330 2170 463 2277 pulsus
479 2168 567 2262 suit,
590 2201 658 2279 per
667 2173 814 2280 justum
827 2188 974 2250 metum
995 2189 1033 2248 et
1047 2200 1116 2278 per
1131 2171 1352 2262 violenciam
1366 2171 1543 2278 prisionis
1557 2170 1607 2250 ad
1623 2169 1759 2250 lacien-

330 2302 422 2378 dum
447 2300 648 2380 financiam
675 2303 899 2409 predictam
927 2303 975 2380 de
995 2303 1134 2410 quibus
1152 2302 1410 2381 mandavimus
1438 2302 1596 2408 inquiri,
1621 2303 1759 2382 vocatis

329 2432 514 2539 partibus,
535 2433 752 2512 veritatem:
773 2433 894 2512 Factis
913 2434 1027 2540 igitur
1046 2432 1334 2521 informacione,
1356 2449 1486 2512 contra
1505 2433 1652 2513 dictum
1671 2435 1759 2510 Ber·

329 2561 506 2654 nardum,
526 2593 640 2670 super
656 2564 868 2671 suspicione
887 2563 1071 2644 evasionis
1093 2565 1185 2644 dicti
1199 2562 1427 2671 Ruymundi,
1449 2579 1487 2640 et
1505 2561 1678 2669 inquesta
1695 2592 1759 2640 su-

329 2723 397 2801 per
411 2697 649 2803 querimonia
668 2696 759 2774 dicti
777 2695 975 2784 Bernardi,
994 2713 1033 2774 et
1051 2697 1100 2775 ad
1114 2713 1283 2774 nostrum
1303 2696 1444 2774 curiam
1464 2695 1674 2801 asportatis,
1690 2723 1757 2774 au·

330 2825 495 2934 ditisque
523 2857 637 2934 super
662 2828 718 2905 eis
743 2827 911 2934 partibus
937 2827 1151 2915 antedictis,
1177 2827 1345 2935 precepit
1371 2844 1498 2905 nostru
1524 2826 1629 2904 curia
1652 2827 1758 2935 quod

329 2958 547 3037 viderentur
567 2959 666 3038 dicte
683 2959 903 3038 informacio
921 2977 959 3038 et
976 2959 1168 3066 inquesta,
1189 2973 1234 3037 ut
1247 2987 1317 3067 per
1330 2987 1394 3038 eus
1412 2958 1571 3038 sciretur
1586 2959 1617 3036 si
1633 2958 1757 3037 dictus

329 3092 543 3170 Bernardus
560 3122 580 3168 a
595 3092 693 3169 diota
708 3091 868 3170 linancia
882 3091 1096 3199 appellavit,
1112 3091 1195 3168 etsi
1211 3092 1303 3198 ipse,
1322 3119 1393 3198 per
1404 3089 1643 3178 violenciam,
1660 3117 1759 3168 com-

329 3222 461 3327 pulsus
476 3221 548 3299 luit
567 3221 616 3299 ad
633 3222 849 3322 laciendum
863 3221 1065 3300 financiam
1083 3223 1315 3330 predictam:
1333 3222 1430 3302 Visis
1445 3221 1563 3328 igitur
1577 3221 1757 3298 informa·

247 3375 253 3392 *
331 3353 439 3431 cione
451 3370 489 3430 et
502 3353 674 3460 inquesta
687 3353 880 3459 predictis,
896 3354 1074 3460 quianon
1084 3370 1142 3431 est
1156 3347 1227 3460 per
1233 3383 1295 3430 eas
1306 3352 1502 3429 inventurn
1514 3351 1619 3457 quod
1635 3351 1757 3428 dictrrs

330 3485 543 3563 Bernardus
562 3505 675 3592 super
693 3485 767 3562 hoc
783 3483 1026 3591 appellaverit
1047 3511 1119 3562 nee
1132 3483 1242 3590 qnod
1259 3511 1329 3588 per
1341 3482 1563 3562 violenciam
1585 3481 1758 3586 compul«

330 3643 393 3694 sus
407 3615 521 3694 luerit
538 3617 587 3694 ad
603 3616 741 3694 dictam
756 3613 955 3693 linaneiam
971 3615 1198 3703 faciendam,
1213 3643 1283 3720 per
1295 3615 1399 3691 curie
1412 3630 1541 3691 nostre
1553 3612 1754 3720 judicium,
1882 3683 1894 3698 ,

232 3723 238 3732 '
330 3745 474 3824 dictum
494 3746 684 3854 fuitquod
704 3761 832 3826 contra
848 3746 1014 3824 eundem
1033 3744 1269 3824 Bernordum
1283 3744 1503 3822 ereeucioni-
1513 3742 1758 3822 mandabitur

330 3874 488 3954 linancia
506 3879 686 3983 predicta.
1226 3865 1232 3876 ’

385 4008 484 4086 Jovis
504 4023 589 4084 ante
608 4009 893 4086 Penthecosten.

386 4139 549 4244 Mangon
566 4137 780 4244 reportavit.

331 4535 441 4643 burgi
453 4534 663 4612 d'Alamans
671 4560 713 4610 ac
722 4531 973 4640 procuratoris
984 4529 1102 4608 nostri
1115 4526 1663 4634 senescalliePetrngoricensis,
1675 4554 1758 4606 nec.
1792 4585 1795 4588 -

332 4693 409 4744 non
426 4665 559 4744 Nicasii
580 4665 628 4743 de
652 4664 807 4756 Ursino,
823 4662 1016 4742 servientis
1035 4662 1171 4756 nostri,
1188 4660 1299 4739 nobis
1314 4658 1445 4752 luerit,
1466 4658 1753 4766 conquerendo,

330 4813 578 4876 monstratum
598 4797 706 4905 quod
723 4794 927 4876 Gaulridus
944 4794 994 4871 de
1007 4794 1143 4883 Ponte,
1166 4792 1346 4870 dominus
1358 4788 1560 4878 Riberiaci,
1578 4789 1758 4868 domicel-

241 4925 246 4932 ’
333 4928 412 5016 lus,
429 4927 599 5035 predicto
620 4927 795 5035 episcopo
816 4926 967 5005 cuidem
992 4923 1218 5032 presbitero,
1241 4923 1322 5031 ejus
1340 4923 1513 5016 subdito,
1534 4939 1573 4999 et
1591 4921 1675 5002 aliis
1692 4951 1761 5000 sud

332 5057 686 5165 pradictispersonis
699 5057 1052 5166 pluresviolencias,
1067 5055 1242 5164 injuria,
1257 5081 1444 5142 excessus,
1458 5054 1621 5158 dampna
1630 5068 1667 5130 et
1679 5077 1757 5127 res-

1577 5209 1628 5287 γά.
