4450 6209
519 749 593 818 706
1113 750 1201 823 LES
1227 749 1369 821 OblM.

295 900 480 964 rnrnrnrv,
517 917 603 966 rum
633 919 787 970 suorum
812 889 859 966 de
882 887 1020 996 quibus
1048 889 1170 968 luerat
1197 905 1438 995 conquestus.
1463 891 1578 978 ltcm,
1608 889 1773 998 privatus
1795 887 1867 964 fuit
1888 889 1932 966 ab

354 992 417 1036 Μ’
516 1021 618 1097 omni
647 1021 801 1099 servicio
828 1037 867 1096 et
890 1019 1014 1098 officio
1039 1039 1184 1110 nostro,
1206 1037 1284 1098 tam
1303 1019 1460 1099 obtento
1479 1019 1661 1126 quamde
1691 1035 1817 1096 cetero
1839 1018 1931 1096 obti-

516 1151 654 1230 nendo.
670 1154 781 1242 Item,
796 1151 981 1259 peridem
991 1151 1197 1258 judicium,
1214 1152 1360 1229 dictum
1372 1150 1447 1228 fuit
1458 1151 1579 1258 quod,
1595 1179 1665 1258 pro
1677 1151 1840 1229 emenda
1851 1177 1932 1228 uos-

513 1302 585 1375 tra,
603 1285 726 1364 dictus
740 1285 906 1363 Thomas
921 1283 1126 1390 prisionem
1139 1282 1325 1360 [irmatam
1344 1283 1491 1362 tenebit
1503 1311 1549 1362 ex
1561 1310 1664 1359 nnnc
1677 1283 1718 1360 in
1731 1282 1928 1360 Castelleto

513 1433 659 1507 nostro,
681 1417 865 1524 quamdiu
884 1432 1011 1494 nostre
1031 1415 1210 1494 voluntati
1226 1412 1410 1521 placuerit
1429 1414 1659 1494 duraturam.

566 1549 668 1626 Jovis
687 1565 771 1626 ante
789 1547 1022 1625 Nativitatem
1042 1547 1142 1626 beati
1161 1546 1532 1652 lobannis-Baptiste.

566 1677 676 1756 Istius
690 1679 850 1785 judicati
868 1677 1022 1755 totalem
1044 1677 1307 1755 executionem
1329 1677 1508 1754 dominus
1526 1679 1619 1766 Rex,
1644 1703 1816 1782 persnas
1835 1674 1928 1753 litte·

510 1837 585 1898 ras,
604 1807 792 1886 mandavit
807 1809 845 1885 in
868 1837 1047 1914 suspenso
1067 1809 1207 1896 teneri,
1223 1835 1422 1914 quousque
1440 1835 1554 1914 super
1571 1806 1645 1884 hoc
1659 1805 1764 1884 aliud
1778 1805 1927 1883 manda-

510 1939 616 2016 verit.
633 1939 789 2016 litteras
804 1939 892 2017 istas
909 1939 1010 2016 curia
1023 1940 1166 2046 recepit
1177 1937 1367 2018 dominica
1379 1937 1421 2015 in
1436 1938 1598 2016 crastino
1611 1937 1816 2015 Nativitatis
1830 1938 1925 2016 beati

508 2069 885 2176 lobannis-Baptiste.

457 2295 460 2302 Ι
565 2201 621 2278 Dc
636 2201 815 2279 mandato
829 2199 975 2278 domini
993 2200 1102 2310 Regis
1115 2199 1201 2277 misi
1217 2199 1355 2278 dictem
1370 2199 1582 2307 inquestam
1596 2196 1753 2276 domino
1767 2198 1922 2275 Johanui

509 2334 555 2410 de
576 2331 845 2420 bello-Monte,
869 2331 979 2408 militi
1007 2349 1045 2409 et
1068 2331 1245 2438 magistro
1265 2329 1420 2438 hospitii
1441 2330 1585 2408 domini
1603 2328 1730 2436 Regis,
1747 2327 1810 2404 die
1830 2357 1924 2406 mer·

507 2463 601 2542 curii
631 2463 670 2540 in
694 2462 818 2572 vigilia
842 2463 941 2542 besti
971 2462 1158 2566 Dyonisii,
1184 2491 1281 2541 anno
1308 2460 1574 2541 trecentesimo
1599 2460 1749 2538 decimo
1773 2460 1921 2566 quinto,

506 2622 574 2702 per
594 2593 744 2672 tratrem
763 2596 796 2672 J.
823 2593 871 2671 de
889 2591 1100 2680 Attrebato,
1124 2594 1353 2672 monachum
1372 2591 1698 2672 Sancti-Maxencii
1718 2618 1836 2698 prope
1856 2591 1925 2668 du·

510 2725 634 2803 relim.

562 2991 686 3066 LXIX.
717 2988 816 3067 Cum
835 2988 951 3067 abbas
971 3005 1009 3066 et
1029 3006 1234 3067 conventus
1253 2989 1302 3066 de
1323 2987 1508 3078 Karraiio,
1530 2987 1747 3066 senescallie
1765 2989 1922 3068 Xancto·

505 3119 642 3208 nensis,
657 3118 861 3224 despeciali
871 3119 986 3229 garda
994 3136 1121 3198 nostra
1130 3119 1339 3209 existentes,
1352 3118 1500 3197 dudum
1508 3119 1629 3210 nobis,
1641 3121 1918 3225 conquerendo,

505 3247 792 3328 denunciassent
809 3249 993 3358 quosdam
1007 3279 1175 3329 excessus
1190 3252 1230 3326 in
1245 3278 1378 3328 eorum
1393 3251 1561 3356 prioratu
1575 3250 1624 3327 de
1637 3249 1841 3341 Cressiaeo,
1857 3280 1921 3357 per

502 3380 684 3456 familiam
699 3380 854 3458 Roberti
869 3381 1013 3459 domini
1027 3381 1074 3459 de
1090 3381 1265 3460 Mastacio
1277 3381 1318 3458 in
1331 3380 1432 3458 dicto
1446 3381 1614 3486 prioratu
1627 3380 1824 3487 hospitati,
1840 3383 1917 3488 ipso

502 3511 641 3590 sciente
657 3530 695 3588 et
713 3539 791 3590 non
809 3513 1051 3619 prohibente,
1073 3530 1321 3620 perpetratos,
1342 3529 1387 3590 nt
1407 3512 1597 3605 dicebant,
1615 3539 1686 3590 nos
1704 3541 1820 3619 super
1839 3543 1917 3620 pre

502 3641 625 3733 dictis,
641 3644 778 3721 vocatis
790 3643 1003 3735 evocandis,
1020 3643 1277 3722 mandavimus
1292 3643 1433 3750 inquiri
1448 3645 1655 3733 veritatem
1670 3645 1844 3750 inquesta
1855 3644 1917 3752 igi-

501 3792 564 3851 tur
577 3801 691 3878 super
708 3775 783 3853 hiis
801 3774 894 3852 lacta
914 3789 952 3852 et
973 3775 1281 3882 adjudicandum
1298 3791 1426 3851 nostre
1445 3757 1551 3853 curie¹
1562 3791 1762 3880 asportata,
1778 3776 1916 3852 vivente

503 3905 603 3982 dicto
630 3904 814 3996 boberto,
838 3906 939 3982 curia
963 3923 1108 3998 nostra,
1134 3934 1203 4012 per
1225 3906 1369 4013 aliquot
1393 3935 1528 4001 annos,
1549 3907 1778 4013 quibusdam
1803 3907 1915 4014 impe·

502 4033 679 4112 dimentis
708 4035 1062 4126 intervenientibus,
1084 4036 1290 4143 procedere
1309 4063 1386 4114 non
1406 4037 1531 4142 potuit
1544 4037 1848 4144 adjudicandum
1863 4039 1916 4114 in·
1996 4038 2000 4044 ’

501 4181 670 4270 questam
691 4165 917 4270 predictam3
939 4167 1092 4244 tandem
1112 4167 1293 4274 temporis
1305 4167 1584 4275 opportunitate
1608 4197 1648 4246 se
1664 4169 1859 4261 offerente,
1880 4185 1914 4244 et

501 4296 608 4372 dictis
626 4295 813 4405 religiosis
834 4297 1036 4406 diligenter
1057 4298 1282 4376 instantibus
1303 4328 1417 4405 super
1435 4301 1525 4388 hoc,
1546 4326 1774 4406 quamquam
1795 4298 1912 4376 dictus

499 4425 684 4505 Robertus
693 4429 764 4504 hoc
774 4429 962 4533 pendente
972 4429 1188 4519 decesserit,
1201 4429 1329 4537 etejus
1339 4430 1440 4508 filius
1450 4448 1488 4508 et
1498 4431 1623 4518 lieres,
1633 4428 1810 4506 dominus
1816 4457 1913 4505 nunc

501 4559 547 4634 de
563 4559 737 4637 Mastacio
753 4549 793 4635 in
806 4560 1025 4667 hujusmodi
1040 4589 1080 4638 se
1095 4561 1315 4668 opposuerit
1331 4563 1370 4638 in
1385 4561 1500 4638 finem
1515 4560 1621 4668 quod
1634 4560 1733 4638 dicta
1747 4561 1909 4667 inquesta

498 4691 750 4770 nondeberet
760 4691 938 4801 judicari,
958 4693 1060 4768 curia
1073 4709 1200 4770 tamen
1217 4709 1359 4782 nostra,
1378 4693 1557 4799 predictis
1570 4721 1648 4770 non
1663 4692 1907 4776 obstantibus,

498 4821 665 4926 precepit
678 4823 813 4906 dictam
830 4809 1057 4929 inquestam,
1074 4841 1202 4900 contra
1222 4823 1365 4901 dictum
1380 4823 1587 4901 Robertum
1607 4822 1673 4900 din
1688 4839 1745 4899 est
1761 4821 1903 4908 lacum,

499 4951 616 5027 videri
637 4969 675 5028 et
688 4951 874 5057 judicari:
900 4955 986 5032 Visa
1007 4953 1120 5061 igitur
1139 4972 1177 5031 et
1197 4954 1399 5062 diligenter
1417 4954 1620 5031 examinata
1638 4953 1809 5061 inquesta
1827 4981 1903 5061 pre

499 5082 612 5174 dicta,
635 5112 721 5161 cum
745 5111 814 5189 per
838 5112 919 5161 eam
947 5085 1049 5162 curie
1075 5101 1202 5163 nostre
1223 5085 1370 5193 liquido
1394 5085 1618 5176 constiterit,
1645 5085 1816 5192 predicto
1839 5087 1904 5162 llo·
