<?xml version="1.0" encoding="UTF-8"?>
<!DOCTYPE html PUBLIC "-//W3C//DTD XHTML 1.0 Transitional//EN"
    "http://www.w3.org/TR/xhtml1/DTD/xhtml1-transitional.dtd">
<html xmlns="http://www.w3.org/1999/xhtml" xml:lang="en" lang="en">
 <head>
  <title>
</title>
<meta http-equiv="Content-Type" content="text/html;charset=utf-8" />
  <meta name='ocr-system' content='tesseract 3.04.00' />
  <meta name='ocr-capabilities' content='ocr_page ocr_carea ocr_par ocr_line ocrx_word'/>
</head>
<body>
  <div class='ocr_page' id='page_1' title='image "./lesolimouregist00parigoog_0378.png"; bbox 0 0 4450 6209; ppageno 0'>
   <div class='ocr_carea' id='block_1_1' title="bbox 759 709 1773 817">
    <p class='ocr_par' dir='ltr' id='par_1_1' title="bbox 759 709 1773 817">
     <span class='ocr_line' id='line_1_1' title="bbox 759 709 1773 817; baseline 0.013 -16"><span class='ocrx_word' id='word_1_1' title='bbox 759 709 1028 817; x_wconf 72' lang='lat' dir='ltr'>euocatus</span> <span class='ocrx_word' id='word_1_2' title='bbox 1053 729 1117 803; x_wconf 85' lang='lat' dir='ltr'>nr</span> <span class='ocrx_word' id='word_1_3' title='bbox 1145 712 1355 805; x_wconf 78' lang='lat' dir='ltr'>uaccas.</span> <span class='ocrx_word' id='word_1_4' title='bbox 1698 740 1773 817; x_wconf 79' lang='lat'>279</span> 
     </span>
    </p>
   </div>
   <div class='ocr_carea' id='block_1_2' title="bbox 177 842 2152 3727">
    <p class='ocr_par' dir='ltr' id='par_1_2' title="bbox 177 842 2152 3727">
     <span class='ocr_line' id='line_1_2' title="bbox 347 842 2152 964; baseline 0.006 -17"><span class='ocrx_word' id='word_1_5' title='bbox 347 872 456 948; x_wconf 87' lang='lat' dir='ltr'>dante</span> <span class='ocrx_word' id='word_1_6' title='bbox 476 886 515 945; x_wconf 90' lang='lat' dir='ltr'>et</span> <span class='ocrx_word' id='word_1_7' title='bbox 536 868 816 957; x_wconf 73' lang='lat' dir='ltr'>consenciente,</span> <span class='ocrx_word' id='word_1_8' title='bbox 838 886 902 947; x_wconf 87' lang='lat' dir='ltr'>aut</span> <span class='ocrx_word' id='word_1_9' title='bbox 915 883 1039 949; x_wconf 89' lang='lat' dir='ltr'>ratum</span> <span class='ocrx_word' id='word_1_10' title='bbox 1058 868 1238 964; x_wconf 83' lang='lat' dir='ltr'>habente,</span> <span class='ocrx_word' id='word_1_11' title='bbox 1260 885 1424 952; x_wconf 86' lang='lat' dir='ltr'>castrum</span> <span class='ocrx_word' id='word_1_12' title='bbox 1444 889 1618 958; x_wconf 88' lang='lat' dir='ltr'>nostrum</span> <span class='ocrx_word' id='word_1_13' title='bbox 1636 842 1774 955; x_wconf 71' lang='lat' dir='ltr'>Castri-</span> <span class='ocrx_word' id='word_1_14' title='bbox 1812 888 1942 949; x_wconf 72' lang='lat' dir='ltr'>Paucas</span> <span class='ocrx_word' id='word_1_15' title='bbox 1955 892 1998 956; x_wconf 76' lang='lat' dir='ltr'>lv,</span> <span class='ocrx_word' id='word_1_16' title='bbox 2148 940 2152 947; x_wconf 83' lang='lat'>.</span> 
     </span>
     <span class='ocr_line' id='line_1_3' title="bbox 346 988 1936 1111; baseline 0.004 -32"><span class='ocrx_word' id='word_1_17' title='bbox 346 1001 538 1080; x_wconf 78' lang='lat' dir='ltr'>Sarraeem</span> <span class='ocrx_word' id='word_1_18' title='bbox 563 999 767 1106; x_wconf 83' lang='lat' dir='ltr'>fregerant,</span> <span class='ocrx_word' id='word_1_19' title='bbox 788 1018 827 1079; x_wconf 89' lang='lat' dir='ltr'>et</span> <span class='ocrx_word' id='word_1_20' title='bbox 849 1000 1062 1090; x_wconf 87' lang='lat' dir='ltr'>Heliotnm,</span> <span class='ocrx_word' id='word_1_21' title='bbox 1084 1000 1230 1081; x_wconf 82' lang='lat' dir='ltr'>ibidem</span> <span class='ocrx_word' id='word_1_22' title='bbox 1257 1002 1527 1085; x_wconf 87' lang='lat' dir='ltr'>incarceratum</span> <span class='ocrx_word' id='word_1_23' title='bbox 1548 1004 1596 1087; x_wconf 91' lang='lat' dir='ltr'>ad</span> <span class='ocrx_word' id='word_1_24' title='bbox 1617 1021 1773 1111; x_wconf 78' lang='lat' dir='ltr'>suspen·</span> <span class='ocrx_word' id='word_1_25' title='bbox 1875 988 1936 1031; x_wconf 73' lang='lat'>&#39;³⁰⁸&#39;</span> 
     </span>
     <span class='ocr_line' id='line_1_4' title="bbox 345 1131 1772 1257; baseline 0.008 -48"><span class='ocrx_word' id='word_1_26' title='bbox 345 1132 452 1209; x_wconf 92' lang='lat' dir='ltr'>dium</span> <span class='ocrx_word' id='word_1_27' title='bbox 465 1149 621 1237; x_wconf 90' lang='lat' dir='ltr'>propter</span> <span class='ocrx_word' id='word_1_28' title='bbox 637 1131 904 1221; x_wconf 77' lang='lat' dir='ltr'>homicidium,</span> <span class='ocrx_word' id='word_1_29' title='bbox 923 1132 1128 1257; x_wconf 69' lang='lat' dir='ltr'>utdicitur,</span> <span class='ocrx_word' id='word_1_30' title='bbox 1151 1133 1487 1241; x_wconf 73' lang='lat' dir='ltr'>condempnatum,</span> <span class='ocrx_word' id='word_1_31' title='bbox 1511 1153 1549 1215; x_wconf 89' lang='lat' dir='ltr'>et</span> <span class='ocrx_word' id='word_1_32' title='bbox 1568 1137 1772 1243; x_wconf 81' lang='lat' dir='ltr'>quemdum</span> 
     </span>
     <span class='ocr_line' id='line_1_5' title="bbox 345 1259 1773 1373; baseline 0.007 -34"><span class='ocrx_word' id='word_1_33' title='bbox 345 1262 478 1351; x_wconf 87' lang='lat' dir='ltr'>alium,</span> <span class='ocrx_word' id='word_1_34' title='bbox 495 1259 634 1336; x_wconf 91' lang='lat' dir='ltr'>abinde</span> <span class='ocrx_word' id='word_1_35' title='bbox 649 1288 777 1339; x_wconf 88' lang='lat' dir='ltr'>secum</span> <span class='ocrx_word' id='word_1_36' title='bbox 794 1278 1042 1352; x_wconf 76' lang='lat' dir='ltr'>extraxerant,</span> <span class='ocrx_word' id='word_1_37' title='bbox 1055 1280 1093 1343; x_wconf 86' lang='lat' dir='ltr'>et</span> <span class='ocrx_word' id='word_1_38' title='bbox 1110 1264 1245 1353; x_wconf 84' lang='lat' dir='ltr'>eciam,</span> <span class='ocrx_word' id='word_1_39' title='bbox 1262 1264 1352 1373; x_wconf 87' lang='lat' dir='ltr'>quia</span> <span class='ocrx_word' id='word_1_40' title='bbox 1368 1264 1539 1357; x_wconf 76' lang='lat' dir='ltr'>eoadem,</span> <span class='ocrx_word' id='word_1_41' title='bbox 1557 1268 1605 1347; x_wconf 90' lang='lat' dir='ltr'>ad</span> <span class='ocrx_word' id='word_1_42' title='bbox 1625 1296 1773 1351; x_wconf 72' lang='lat' dir='ltr'>metune·¹</span> 
     </span>
     <span class='ocr_line' id='line_1_6' title="bbox 345 1391 1770 1505; baseline 0.006 -36"><span class='ocrx_word' id='word_1_43' title='bbox 345 1394 485 1469; x_wconf 87' lang='lat' dir='ltr'>terium</span> <span class='ocrx_word' id='word_1_44' title='bbox 496 1391 710 1497; x_wconf 88' lang='lat' dir='ltr'>predictum</span> <span class='ocrx_word' id='word_1_45' title='bbox 725 1391 876 1482; x_wconf 91' lang='lat' dir='ltr'>ductos,</span> <span class='ocrx_word' id='word_1_46' title='bbox 893 1392 1016 1470; x_wconf 90' lang='lat' dir='ltr'>dictus</span> <span class='ocrx_word' id='word_1_47' title='bbox 1031 1393 1147 1473; x_wconf 90' lang='lat' dir='ltr'>abbas</span> <span class='ocrx_word' id='word_1_48' title='bbox 1163 1412 1201 1471; x_wconf 90' lang='lat' dir='ltr'>ct</span> <span class='ocrx_word' id='word_1_49' title='bbox 1212 1396 1386 1474; x_wconf 89' lang='lat' dir='ltr'>monachi</span> <span class='ocrx_word' id='word_1_50' title='bbox 1404 1398 1462 1479; x_wconf 84' lang='lat' dir='ltr'>sui</span> <span class='ocrx_word' id='word_1_51' title='bbox 1477 1416 1770 1505; x_wconf 70' lang='lat' dir='ltr'>compassorem,</span> 
     </span>
     <span class='ocr_line' id='line_1_7' title="bbox 346 1523 1773 1636; baseline 0.006 -35"><span class='ocrx_word' id='word_1_52' title='bbox 346 1523 561 1611; x_wconf 83' lang='lat' dir='ltr'>emendam,</span> <span class='ocrx_word' id='word_1_53' title='bbox 582 1539 738 1629; x_wconf 84' lang='lat' dir='ltr'>propter</span> <span class='ocrx_word' id='word_1_54' title='bbox 755 1523 844 1614; x_wconf 91' lang='lat' dir='ltr'>boc,</span> <span class='ocrx_word' id='word_1_55' title='bbox 866 1552 992 1601; x_wconf 90' lang='lat' dir='ltr'>coram</span> <span class='ocrx_word' id='word_1_56' title='bbox 1011 1525 1214 1604; x_wconf 79' lang='lat' dir='ltr'>senescallo</span> <span class='ocrx_word' id='word_1_57' title='bbox 1234 1527 1421 1631; x_wconf 89' lang='lat' dir='ltr'>predicto,</span> <span class='ocrx_word' id='word_1_58' title='bbox 1441 1530 1644 1636; x_wconf 78' lang='lat' dir='ltr'>geg-iamet,</span> <span class='ocrx_word' id='word_1_59' title='bbox 1665 1532 1773 1613; x_wconf 80' lang='lat' dir='ltr'>salvis</span> 
     </span>
     <span class='ocr_line' id='line_1_8' title="bbox 346 1652 1770 1764; baseline 0.006 -33"><span class='ocrx_word' id='word_1_60' title='bbox 346 1672 385 1731; x_wconf 92' lang='lat' dir='ltr'>et</span> <span class='ocrx_word' id='word_1_61' title='bbox 409 1653 565 1731; x_wconf 89' lang='lat' dir='ltr'>retentis</span> <span class='ocrx_word' id='word_1_62' title='bbox 591 1654 669 1731; x_wconf 88' lang='lat' dir='ltr'>suis</span> <span class='ocrx_word' id='word_1_63' title='bbox 692 1652 974 1733; x_wconf 82' lang='lat' dir='ltr'>defensionibus</span> <span class='ocrx_word' id='word_1_64' title='bbox 994 1655 1206 1763; x_wconf 85' lang='lat' dir='ltr'>legittimis,</span> <span class='ocrx_word' id='word_1_65' title='bbox 1231 1658 1260 1735; x_wconf 89' lang='lat' dir='ltr'>si</span> <span class='ocrx_word' id='word_1_66' title='bbox 1288 1686 1382 1764; x_wconf 87' lang='lat' dir='ltr'>quae</span> <span class='ocrx_word' id='word_1_67' title='bbox 1406 1658 1580 1751; x_wconf 79' lang='lat' dir='ltr'>haberet3</span> <span class='ocrx_word' id='word_1_68' title='bbox 1601 1662 1770 1751; x_wconf 88' lang='lat' dir='ltr'>tandem,</span> 
     </span>
     <span class='ocr_line' id='line_1_9' title="bbox 345 1783 1773 1895; baseline 0.006 -32"><span class='ocrx_word' id='word_1_69' title='bbox 345 1812 472 1867; x_wconf 85' lang='lat' dir='ltr'>comm</span> <span class='ocrx_word' id='word_1_70' title='bbox 480 1783 864 1866; x_wconf 86' lang='lat' dir='ltr'>auditoribusadicto</span> <span class='ocrx_word' id='word_1_71' title='bbox 875 1785 1081 1866; x_wconf 79' lang='lat' dir='ltr'>senescallo</span> <span class='ocrx_word' id='word_1_72' title='bbox 1095 1814 1211 1893; x_wconf 83' lang='lat' dir='ltr'>super</span> <span class='ocrx_word' id='word_1_73' title='bbox 1220 1788 1294 1869; x_wconf 85' lang='lat' dir='ltr'>hoc</span> <span class='ocrx_word' id='word_1_74' title='bbox 1307 1789 1512 1895; x_wconf 85' lang='lat' dir='ltr'>deputatis,</span> <span class='ocrx_word' id='word_1_75' title='bbox 1526 1792 1648 1871; x_wconf 88' lang='lat' dir='ltr'>dictus</span> <span class='ocrx_word' id='word_1_76' title='bbox 1659 1792 1773 1874; x_wconf 86' lang='lat' dir='ltr'>abbas</span> 
     </span>
     <span class='ocr_line' id='line_1_10' title="bbox 344 1913 1769 2025; baseline 0.007 -32"><span class='ocrx_word' id='word_1_77' title='bbox 344 1943 428 1993; x_wconf 82' lang='lat' dir='ltr'>suas</span> <span class='ocrx_word' id='word_1_78' title='bbox 445 1913 687 1994; x_wconf 74' lang='lat' dir='ltr'>defensiones</span> <span class='ocrx_word' id='word_1_79' title='bbox 705 1918 920 2023; x_wconf 88' lang='lat' dir='ltr'>proposuit,</span> <span class='ocrx_word' id='word_1_80' title='bbox 938 1918 1047 1997; x_wconf 80' lang='lat' dir='ltr'>etad</span> <span class='ocrx_word' id='word_1_81' title='bbox 1066 1946 1128 1997; x_wconf 83' lang='lat' dir='ltr'>eae</span> <span class='ocrx_word' id='word_1_82' title='bbox 1143 1918 1355 2025; x_wconf 77' lang='lat' dir='ltr'>probandae</span> <span class='ocrx_word' id='word_1_83' title='bbox 1373 1937 1488 2003; x_wconf 79' lang='lat' dir='ltr'>testes</span> <span class='ocrx_word' id='word_1_84' title='bbox 1501 1950 1591 2003; x_wconf 84' lang='lat' dir='ltr'>euos</span> <span class='ocrx_word' id='word_1_85' title='bbox 1605 1923 1769 2015; x_wconf 79' lang='lat' dir='ltr'>induxit,</span> 
     </span>
     <span class='ocr_line' id='line_1_11' title="bbox 344 2046 1770 2162; baseline 0.008 -38"><span class='ocrx_word' id='word_1_86' title='bbox 344 2065 398 2134; x_wconf 87' lang='lat' dir='ltr'>et,</span> <span class='ocrx_word' id='word_1_87' title='bbox 424 2047 513 2154; x_wconf 85' lang='lat' dir='ltr'>quia</span> <span class='ocrx_word' id='word_1_88' title='bbox 532 2046 657 2128; x_wconf 86' lang='lat' dir='ltr'>dietus</span> <span class='ocrx_word' id='word_1_89' title='bbox 681 2048 907 2127; x_wconf 87' lang='lat' dir='ltr'>senescallus</span> <span class='ocrx_word' id='word_1_90' title='bbox 925 2048 1134 2156; x_wconf 81' lang='lat' dir='ltr'>predictam</span> <span class='ocrx_word' id='word_1_91' title='bbox 1160 2050 1358 2133; x_wconf 84' lang='lat' dir='ltr'>emendem</span> <span class='ocrx_word' id='word_1_92' title='bbox 1385 2082 1504 2159; x_wconf 90' lang='lat' dir='ltr'>usque</span> <span class='ocrx_word' id='word_1_93' title='bbox 1531 2055 1580 2133; x_wconf 90' lang='lat' dir='ltr'>ad</span> <span class='ocrx_word' id='word_1_94' title='bbox 1603 2053 1770 2162; x_wconf 87' lang='lat' dir='ltr'>quinque</span> 
     </span>
     <span class='ocr_line' id='line_1_12' title="bbox 342 2175 1768 2275; baseline 0.007 -20"><span class='ocrx_word' id='word_1_95' title='bbox 342 2175 464 2255; x_wconf 85' lang='lat' dir='ltr'>millia</span> <span class='ocrx_word' id='word_1_96' title='bbox 480 2177 664 2257; x_wconf 84' lang='lat' dir='ltr'>librarum</span> <span class='ocrx_word' id='word_1_97' title='bbox 684 2179 965 2261; x_wconf 84' lang='lat' dir='ltr'>Turonensium</span> <span class='ocrx_word' id='word_1_98' title='bbox 980 2179 1118 2263; x_wconf 85' lang='lat' dir='ltr'>debilis</span> <span class='ocrx_word' id='word_1_99' title='bbox 1137 2198 1288 2263; x_wconf 87' lang='lat' dir='ltr'>monete</span> <span class='ocrx_word' id='word_1_100' title='bbox 1307 2200 1398 2264; x_wconf 88' lang='lat' dir='ltr'>tunc</span> <span class='ocrx_word' id='word_1_101' title='bbox 1417 2184 1601 2267; x_wconf 80' lang='lat' dir='ltr'>currentia</span> <span class='ocrx_word' id='word_1_102' title='bbox 1618 2187 1768 2275; x_wconf 77' lang='lat' dir='ltr'>taxavit,</span> 
     </span>
     <span class='ocr_line' id='line_1_13' title="bbox 344 2307 1771 2423; baseline 0.004 -36"><span class='ocrx_word' id='word_1_103' title='bbox 344 2307 468 2387; x_wconf 89' lang='lat' dir='ltr'>dictus</span> <span class='ocrx_word' id='word_1_104' title='bbox 490 2308 675 2387; x_wconf 74' lang='lat' dir='ltr'>messab</span> <span class='ocrx_word' id='word_1_105' title='bbox 699 2311 919 2417; x_wconf 83' lang='lat' dir='ltr'>hujusmodi</span> <span class='ocrx_word' id='word_1_106' title='bbox 942 2312 1307 2419; x_wconf 86' lang='lat' dir='ltr'>condempnacione,</span> <span class='ocrx_word' id='word_1_107' title='bbox 1333 2331 1524 2422; x_wconf 85' lang='lat' dir='ltr'>tamquam</span> <span class='ocrx_word' id='word_1_108' title='bbox 1551 2316 1698 2423; x_wconf 85' lang='lat' dir='ltr'>iniqua,</span> <span class='ocrx_word' id='word_1_109' title='bbox 1724 2317 1771 2395; x_wconf 89' lang='lat' dir='ltr'>ad</span> 
     </span>
     <span class='ocr_line' id='line_1_14' title="bbox 343 2441 1770 2553; baseline 0.005 -34"><span class='ocrx_word' id='word_1_110' title='bbox 343 2457 508 2520; x_wconf 80' lang='lat' dir='ltr'>metram</span> <span class='ocrx_word' id='word_1_111' title='bbox 521 2441 758 2519; x_wconf 74' lang='lat' dir='ltr'>audiendiam</span> <span class='ocrx_word' id='word_1_112' title='bbox 773 2443 972 2550; x_wconf 78' lang='lat' dir='ltr'>appellavit</span> <span class='ocrx_word' id='word_1_113' title='bbox 983 2474 993 2519; x_wconf 74' lang='grc' dir='ltr'><strong><em>ε</em></strong></span> <span class='ocrx_word' id='word_1_114' title='bbox 1006 2443 1104 2524; x_wconf 85' lang='lat' dir='ltr'>Visis</span> <span class='ocrx_word' id='word_1_115' title='bbox 1119 2443 1235 2551; x_wconf 85' lang='lat' dir='ltr'>igitur</span> <span class='ocrx_word' id='word_1_116' title='bbox 1250 2444 1429 2527; x_wconf 89' lang='lat' dir='ltr'>omuibus</span> <span class='ocrx_word' id='word_1_117' title='bbox 1437 2445 1673 2553; x_wconf 86' lang='lat' dir='ltr'>processibus</span> <span class='ocrx_word' id='word_1_118' title='bbox 1685 2476 1770 2553; x_wconf 80' lang='lat' dir='ltr'>pre-</span> 
     </span>
     <span class='ocr_line' id='line_1_15' title="bbox 344 2570 1768 2681; baseline 0.006 -33"><span class='ocrx_word' id='word_1_119' title='bbox 344 2570 471 2663; x_wconf 88' lang='lat' dir='ltr'>dictis,</span> <span class='ocrx_word' id='word_1_120' title='bbox 492 2588 531 2649; x_wconf 91' lang='lat' dir='ltr'>et</span> <span class='ocrx_word' id='word_1_121' title='bbox 547 2572 725 2651; x_wconf 88' lang='lat' dir='ltr'>omnibus</span> <span class='ocrx_word' id='word_1_122' title='bbox 744 2603 821 2681; x_wconf 89' lang='lat' dir='ltr'>que</span> <span class='ocrx_word' id='word_1_123' title='bbox 843 2574 967 2655; x_wconf 85' lang='lat' dir='ltr'>dictus</span> <span class='ocrx_word' id='word_1_124' title='bbox 981 2572 1097 2653; x_wconf 88' lang='lat' dir='ltr'>abbas</span> <span class='ocrx_word' id='word_1_125' title='bbox 1116 2590 1156 2652; x_wconf 88' lang='lat' dir='ltr'>et</span> <span class='ocrx_word' id='word_1_126' title='bbox 1175 2593 1394 2681; x_wconf 83' lang='lat' dir='ltr'>procurator</span> <span class='ocrx_word' id='word_1_127' title='bbox 1408 2593 1538 2660; x_wconf 85' lang='lat' dir='ltr'>noster</span> <span class='ocrx_word' id='word_1_128' title='bbox 1551 2576 1768 2659; x_wconf 77' lang='lat' dir='ltr'>senescallie</span> 
     </span>
     <span class='ocr_line' id='line_1_16' title="bbox 341 2702 1768 2814; baseline 0.006 -33"><span class='ocrx_word' id='word_1_129' title='bbox 341 2702 511 2809; x_wconf 79' lang='lat' dir='ltr'>predicte</span> <span class='ocrx_word' id='word_1_130' title='bbox 526 2732 738 2811; x_wconf 83' lang='lat' dir='ltr'>proponere</span> <span class='ocrx_word' id='word_1_131' title='bbox 755 2704 973 2796; x_wconf 84' lang='lat' dir='ltr'>voluemnt,</span> <span class='ocrx_word' id='word_1_132' title='bbox 995 2705 1136 2787; x_wconf 73' lang='lat' dir='ltr'>taracio</span> <span class='ocrx_word' id='word_1_133' title='bbox 1155 2707 1315 2788; x_wconf 84' lang='lat' dir='ltr'>amende</span> <span class='ocrx_word' id='word_1_134' title='bbox 1334 2706 1518 2814; x_wconf 84' lang='lat' dir='ltr'>predicte,</span> <span class='ocrx_word' id='word_1_135' title='bbox 1541 2736 1608 2814; x_wconf 90' lang='lat' dir='ltr'>per</span> <span class='ocrx_word' id='word_1_136' title='bbox 1626 2709 1768 2789; x_wconf 87' lang='lat' dir='ltr'>dictum</span> 
     </span>
     <span class='ocr_line' id='line_1_17' title="bbox 341 2833 1768 2946; baseline 0.004 -35"><span class='ocrx_word' id='word_1_137' title='bbox 341 2833 587 2913; x_wconf 75' lang='lat' dir='ltr'>senescallum</span> <span class='ocrx_word' id='word_1_138' title='bbox 606 2833 718 2925; x_wconf 84' lang='lat' dir='ltr'>facta,</span> <span class='ocrx_word' id='word_1_139' title='bbox 742 2833 817 2915; x_wconf 84' lang='lat' dir='ltr'>fuit</span> <span class='ocrx_word' id='word_1_140' title='bbox 834 2864 902 2943; x_wconf 86' lang='lat' dir='ltr'>per</span> <span class='ocrx_word' id='word_1_141' title='bbox 919 2853 1085 2916; x_wconf 81' lang='lat' dir='ltr'>nostrum</span> <span class='ocrx_word' id='word_1_142' title='bbox 1104 2837 1247 2917; x_wconf 73' lang='lat' dir='ltr'>citriam</span> <span class='ocrx_word' id='word_1_143' title='bbox 1267 2864 1387 2944; x_wconf 89' lang='lat' dir='ltr'>usque</span> <span class='ocrx_word' id='word_1_144' title='bbox 1407 2836 1457 2919; x_wconf 87' lang='lat' dir='ltr'>ad</span> <span class='ocrx_word' id='word_1_145' title='bbox 1474 2836 1579 2919; x_wconf 88' lang='lat' dir='ltr'>mille</span> <span class='ocrx_word' id='word_1_146' title='bbox 1600 2854 1638 2916; x_wconf 88' lang='lat' dir='ltr'>et</span> <span class='ocrx_word' id='word_1_147' title='bbox 1656 2841 1768 2946; x_wconf 88' lang='lat' dir='ltr'>quin-</span> 
     </span>
     <span class='ocr_line' id='line_1_18' title="bbox 341 2965 1767 3077; baseline 0.006 -34"><span class='ocrx_word' id='word_1_148' title='bbox 341 2982 470 3074; x_wconf 78' lang='lat' dir='ltr'>gentas</span> <span class='ocrx_word' id='word_1_149' title='bbox 485 2965 600 3043; x_wconf 85' lang='lat' dir='ltr'>libras</span> <span class='ocrx_word' id='word_1_150' title='bbox 616 2968 857 3049; x_wconf 82' lang='lat' dir='ltr'>Turonenses</span> <span class='ocrx_word' id='word_1_151' title='bbox 876 2967 984 3050; x_wconf 80' lang='lat' dir='ltr'>fortis</span> <span class='ocrx_word' id='word_1_152' title='bbox 1001 2984 1157 3048; x_wconf 89' lang='lat' dir='ltr'>monete</span> <span class='ocrx_word' id='word_1_153' title='bbox 1171 2984 1397 3075; x_wconf 87' lang='lat' dir='ltr'>temperata,</span> <span class='ocrx_word' id='word_1_154' title='bbox 1419 2984 1475 3060; x_wconf 91' lang='lat' dir='ltr'>et,</span> <span class='ocrx_word' id='word_1_155' title='bbox 1496 2997 1565 3076; x_wconf 91' lang='lat' dir='ltr'>per</span> <span class='ocrx_word' id='word_1_156' title='bbox 1577 2969 1767 3077; x_wconf 85' lang='lat' dir='ltr'>judicium</span> 
     </span>
     <span class='ocr_line' id='line_1_19' title="bbox 341 3096 1767 3207; baseline 0.005 -34"><span class='ocrx_word' id='word_1_157' title='bbox 341 3096 445 3174; x_wconf 84' lang='lat' dir='ltr'>curie</span> <span class='ocrx_word' id='word_1_158' title='bbox 466 3096 653 3203; x_wconf 86' lang='lat' dir='ltr'>predicte,</span> <span class='ocrx_word' id='word_1_159' title='bbox 673 3096 746 3176; x_wconf 86' lang='lat' dir='ltr'>luit</span> <span class='ocrx_word' id='word_1_160' title='bbox 768 3099 1060 3205; x_wconf 82' lang='lat' dir='ltr'>pronunciatum</span> <span class='ocrx_word' id='word_1_161' title='bbox 1080 3099 1186 3204; x_wconf 87' lang='lat' dir='ltr'>quod</span> <span class='ocrx_word' id='word_1_162' title='bbox 1204 3100 1367 3207; x_wconf 76' lang='lat' dir='ltr'>gagiacie</span> <span class='ocrx_word' id='word_1_163' title='bbox 1394 3099 1577 3207; x_wconf 87' lang='lat' dir='ltr'>predicta,</span> <span class='ocrx_word' id='word_1_164' title='bbox 1601 3128 1670 3205; x_wconf 88' lang='lat' dir='ltr'>per</span> <span class='ocrx_word' id='word_1_165' title='bbox 1688 3100 1767 3180; x_wconf 82' lang='lat' dir='ltr'>dic-</span> 
     </span>
     <span class='ocr_line' id='line_1_20' title="bbox 340 3228 1764 3337; baseline 0.003 -32"><span class='ocrx_word' id='word_1_166' title='bbox 340 3245 423 3305; x_wconf 83' lang='lat' dir='ltr'>urm</span> <span class='ocrx_word' id='word_1_167' title='bbox 443 3228 618 3308; x_wconf 82' lang='lat' dir='ltr'>abbatem</span> <span class='ocrx_word' id='word_1_168' title='bbox 642 3230 860 3309; x_wconf 83' lang='lat' dir='ltr'>monasterii</span> <span class='ocrx_word' id='word_1_169' title='bbox 881 3230 1142 3309; x_wconf 79' lang='lat' dir='ltr'>Rulli-Pertice</span> <span class='ocrx_word' id='word_1_170' title='bbox 1168 3228 1279 3319; x_wconf 83' lang='lat' dir='ltr'>lacta,</span> <span class='ocrx_word' id='word_1_171' title='bbox 1302 3258 1423 3337; x_wconf 88' lang='lat' dir='ltr'>usque</span> <span class='ocrx_word' id='word_1_172' title='bbox 1447 3229 1494 3309; x_wconf 88' lang='lat' dir='ltr'>ad</span> <span class='ocrx_word' id='word_1_173' title='bbox 1518 3231 1764 3337; x_wconf 85' lang='lat' dir='ltr'>quantitatem</span> 
     </span>
     <span class='ocr_line' id='line_1_21' title="bbox 177 3358 1414 3464; baseline 0.001 -30"><span class='ocrx_word' id='word_1_174' title='bbox 177 3440 194 3459; x_wconf 26' lang='lat'>1,</span> <span class='ocrx_word' id='word_1_175' title='bbox 342 3358 566 3464; x_wconf 86' lang='lat' dir='ltr'>predictam,</span> <span class='ocrx_word' id='word_1_176' title='bbox 582 3359 637 3437; x_wconf 89' lang='lat' dir='ltr'>sic</span> <span class='ocrx_word' id='word_1_177' title='bbox 654 3358 904 3449; x_wconf 85' lang='lat' dir='ltr'>moderatam,</span> <span class='ocrx_word' id='word_1_178' title='bbox 921 3358 1166 3440; x_wconf 84' lang='lat' dir='ltr'>mandabitur</span> <span class='ocrx_word' id='word_1_179' title='bbox 1185 3358 1414 3439; x_wconf 76' lang='lat' dir='ltr'>csecucioni.</span> 
     </span>
     <span class='ocr_line' id='line_1_22' title="bbox 400 3491 725 3598; baseline -0.009 -28"><span class='ocrx_word' id='word_1_180' title='bbox 400 3491 527 3570; x_wconf 88' lang='lat' dir='ltr'>Martis</span> <span class='ocrx_word' id='word_1_181' title='bbox 543 3491 725 3598; x_wconf 87' lang='lat' dir='ltr'>predicta.</span> 
     </span>
     <span class='ocr_line' id='line_1_23' title="bbox 399 3620 781 3727; baseline -0.005 -28"><span class='ocrx_word' id='word_1_182' title='bbox 399 3620 556 3699; x_wconf 88' lang='lat' dir='ltr'>Cuillicr</span> <span class='ocrx_word' id='word_1_183' title='bbox 569 3620 781 3727; x_wconf 83' lang='lat' dir='ltr'>reportavit.</span> 
     </span>
    </p>
   </div>
   <div class='ocr_carea' id='block_1_3' title="bbox 342 3880 1907 4774">
    <p class='ocr_par' dir='ltr' id='par_1_3' title="bbox 342 3880 1907 4774">
     <span class='ocr_line' id='line_1_24' title="bbox 398 3880 1767 3991; baseline -0.002 -31"><span class='ocrx_word' id='word_1_184' title='bbox 398 3884 459 3960; x_wconf 87' lang='lat' dir='ltr'>IX.</span> <span class='ocrx_word' id='word_1_185' title='bbox 490 3883 589 3961; x_wconf 91' lang='lat' dir='ltr'>Cum</span> <span class='ocrx_word' id='word_1_186' title='bbox 609 3882 724 3961; x_wconf 88' lang='lat' dir='ltr'>abbas</span> <span class='ocrx_word' id='word_1_187' title='bbox 743 3900 782 3961; x_wconf 89' lang='lat' dir='ltr'>et</span> <span class='ocrx_word' id='word_1_188' title='bbox 800 3898 1006 3961; x_wconf 88' lang='lat' dir='ltr'>conventus</span> <span class='ocrx_word' id='word_1_189' title='bbox 1028 3880 1344 3991; x_wconf 84' lang='lat' dir='ltr'>Sancti-Dyonisii</span> <span class='ocrx_word' id='word_1_190' title='bbox 1364 3882 1404 3961; x_wconf 94' lang='lat' dir='ltr'>in</span> <span class='ocrx_word' id='word_1_191' title='bbox 1423 3882 1577 3959; x_wconf 88' lang='lat' dir='ltr'>Francia</span> <span class='ocrx_word' id='word_1_192' title='bbox 1599 3882 1767 3960; x_wconf 87' lang='lat' dir='ltr'>dicerent</span> 
     </span>
     <span class='ocr_line' id='line_1_25' title="bbox 343 4012 1767 4121; baseline -0.004 -27"><span class='ocrx_word' id='word_1_193' title='bbox 343 4013 434 4109; x_wconf 88' lang='lat' dir='ltr'>sibi,</span> <span class='ocrx_word' id='word_1_194' title='bbox 451 4013 724 4121; x_wconf 85' lang='lat' dir='ltr'>perjudicium</span> <span class='ocrx_word' id='word_1_195' title='bbox 748 4012 852 4092; x_wconf 88' lang='lat' dir='ltr'>curie</span> <span class='ocrx_word' id='word_1_196' title='bbox 872 4029 1018 4104; x_wconf 88' lang='lat' dir='ltr'>nostre,</span> <span class='ocrx_word' id='word_1_197' title='bbox 1040 4012 1293 4120; x_wconf 80' lang='lat' dir='ltr'>adjudicatam</span> <span class='ocrx_word' id='word_1_198' title='bbox 1315 4012 1430 4093; x_wconf 85' lang='lat' dir='ltr'>fuisse</span> <span class='ocrx_word' id='word_1_199' title='bbox 1451 4012 1622 4095; x_wconf 79' lang='lat' dir='ltr'>saisinam</span> <span class='ocrx_word' id='word_1_200' title='bbox 1646 4014 1767 4094; x_wconf 88' lang='lat' dir='ltr'>omni-</span> 
     </span>
     <span class='ocr_line' id='line_1_26' title="bbox 343 4142 1767 4251; baseline -0.001 -27"><span class='ocrx_word' id='word_1_201' title='bbox 343 4145 456 4225; x_wconf 90' lang='lat' dir='ltr'>mode</span> <span class='ocrx_word' id='word_1_202' title='bbox 474 4143 624 4251; x_wconf 87' lang='lat' dir='ltr'>justieie</span> <span class='ocrx_word' id='word_1_203' title='bbox 649 4143 725 4225; x_wconf 86' lang='lat' dir='ltr'>alte</span> <span class='ocrx_word' id='word_1_204' title='bbox 749 4162 788 4223; x_wconf 92' lang='lat' dir='ltr'>et</span> <span class='ocrx_word' id='word_1_205' title='bbox 810 4144 918 4223; x_wconf 84' lang='lat' dir='ltr'>basae</span> <span class='ocrx_word' id='word_1_206' title='bbox 942 4144 983 4224; x_wconf 87' lang='lat' dir='ltr'>iu</span> <span class='ocrx_word' id='word_1_207' title='bbox 1007 4142 1094 4223; x_wconf 80' lang='lat' dir='ltr'>uilla</span> <span class='ocrx_word' id='word_1_208' title='bbox 1119 4172 1192 4249; x_wconf 91' lang='lat' dir='ltr'>que</span> <span class='ocrx_word' id='word_1_209' title='bbox 1221 4144 1362 4224; x_wconf 89' lang='lat' dir='ltr'>dicitur</span> <span class='ocrx_word' id='word_1_210' title='bbox 1387 4144 1434 4225; x_wconf 90' lang='lat' dir='ltr'>ad</span> <span class='ocrx_word' id='word_1_211' title='bbox 1460 4145 1576 4234; x_wconf 87' lang='lat' dir='ltr'>Loca,</span> <span class='ocrx_word' id='word_1_212' title='bbox 1599 4161 1638 4224; x_wconf 86' lang='lat' dir='ltr'>et</span> <span class='ocrx_word' id='word_1_213' title='bbox 1662 4143 1767 4250; x_wconf 89' lang='lat' dir='ltr'>quod</span> 
     </span>
     <span class='ocr_line' id='line_1_27' title="bbox 342 4273 1763 4383; baseline -0.003 -28"><span class='ocrx_word' id='word_1_214' title='bbox 342 4274 691 4383; x_wconf 84' lang='lat' dir='ltr'>propterdebatum</span> <span class='ocrx_word' id='word_1_215' title='bbox 707 4274 909 4380; x_wconf 86' lang='lat' dir='ltr'>superbae</span> <span class='ocrx_word' id='word_1_216' title='bbox 925 4287 1056 4382; x_wconf 87' lang='lat' dir='ltr'>postea</span> <span class='ocrx_word' id='word_1_217' title='bbox 1071 4291 1219 4356; x_wconf 88' lang='lat' dir='ltr'>motum</span> <span class='ocrx_word' id='word_1_218' title='bbox 1236 4273 1335 4355; x_wconf 88' lang='lat' dir='ltr'>inter</span> <span class='ocrx_word' id='word_1_219' title='bbox 1354 4275 1475 4381; x_wconf 89' lang='lat' dir='ltr'>ipsos,</span> <span class='ocrx_word' id='word_1_220' title='bbox 1492 4303 1537 4353; x_wconf 81' lang='lat' dir='ltr'>ex</span> <span class='ocrx_word' id='word_1_221' title='bbox 1554 4302 1628 4357; x_wconf 90' lang='lat' dir='ltr'>una</span> <span class='ocrx_word' id='word_1_222' title='bbox 1643 4290 1763 4380; x_wconf 85' lang='lat' dir='ltr'>parte,</span> 
     </span>
     <span class='ocr_line' id='line_1_28' title="bbox 343 4402 1767 4512; baseline -0.002 -28"><span class='ocrx_word' id='word_1_223' title='bbox 343 4423 382 4484; x_wconf 89' lang='lat' dir='ltr'>et</span> <span class='ocrx_word' id='word_1_224' title='bbox 398 4405 581 4485; x_wconf 86' lang='lat' dir='ltr'>ballivum</span> <span class='ocrx_word' id='word_1_225' title='bbox 600 4406 929 4498; x_wconf 82' lang='lat' dir='ltr'>Silvanectansem,</span> <span class='ocrx_word' id='word_1_226' title='bbox 947 4433 992 4486; x_wconf 82' lang='lat' dir='ltr'>cx</span> <span class='ocrx_word' id='word_1_227' title='bbox 1010 4403 1100 4497; x_wconf 91' lang='lat' dir='ltr'>alia,</span> <span class='ocrx_word' id='word_1_228' title='bbox 1117 4402 1284 4510; x_wconf 85' lang='lat' dir='ltr'>prodicta</span> <span class='ocrx_word' id='word_1_229' title='bbox 1304 4404 1439 4485; x_wconf 83' lang='lat' dir='ltr'>saisina</span> <span class='ocrx_word' id='word_1_230' title='bbox 1451 4406 1572 4512; x_wconf 86' lang='lat' dir='ltr'>posita</span> <span class='ocrx_word' id='word_1_231' title='bbox 1592 4404 1714 4483; x_wconf 88' lang='lat' dir='ltr'>luerat</span> <span class='ocrx_word' id='word_1_232' title='bbox 1728 4422 1767 4481; x_wconf 90' lang='lat' dir='ltr'>et</span> 
     </span>
     <span class='ocr_line' id='line_1_29' title="bbox 342 4522 1907 4645; baseline 0.002 -33"><span class='ocrx_word' id='word_1_233' title='bbox 342 4536 467 4616; x_wconf 87' lang='lat' dir='ltr'>adbuc</span> <span class='ocrx_word' id='word_1_234' title='bbox 487 4537 689 4617; x_wconf 84' lang='lat' dir='ltr'>tenebatur</span> <span class='ocrx_word' id='word_1_235' title='bbox 714 4536 764 4615; x_wconf 89' lang='lat' dir='ltr'>ad</span> <span class='ocrx_word' id='word_1_236' title='bbox 789 4562 944 4617; x_wconf 88' lang='lat' dir='ltr'>manum</span> <span class='ocrx_word' id='word_1_237' title='bbox 972 4552 1158 4622; x_wconf 80' lang='lat' dir='ltr'>nosuam,</span> <span class='ocrx_word' id='word_1_238' title='bbox 1181 4552 1373 4645; x_wconf 82' lang='lat' dir='ltr'>tamquam</span> <span class='ocrx_word' id='word_1_239' title='bbox 1399 4533 1618 4640; x_wconf 78' lang='lat' dir='ltr'>superioris,</span> <span class='ocrx_word' id='word_1_240' title='bbox 1639 4534 1766 4641; x_wconf 80' lang='lat' dir='ltr'>requi-</span> <span class='ocrx_word' id='word_1_241' title='bbox 1904 4522 1907 4529; x_wconf 36' lang='lat'>²</span> 
     </span>
     <span class='ocr_line' id='line_1_30' title="bbox 342 4664 1766 4774; baseline 0.001 -28"><span class='ocrx_word' id='word_1_242' title='bbox 342 4682 466 4746; x_wconf 84' lang='lat' dir='ltr'>rentes</span> <span class='ocrx_word' id='word_1_243' title='bbox 479 4666 604 4774; x_wconf 78' lang='lat' dir='ltr'>quod,</span> <span class='ocrx_word' id='word_1_244' title='bbox 615 4695 729 4748; x_wconf 89' lang='lat' dir='ltr'>manu</span> <span class='ocrx_word' id='word_1_245' title='bbox 746 4682 873 4747; x_wconf 83' lang='lat' dir='ltr'>nostra</span> <span class='ocrx_word' id='word_1_246' title='bbox 888 4664 978 4747; x_wconf 88' lang='lat' dir='ltr'>inde</span> <span class='ocrx_word' id='word_1_247' title='bbox 994 4682 1134 4756; x_wconf 86' lang='lat' dir='ltr'>amota,</span> <span class='ocrx_word' id='word_1_248' title='bbox 1148 4665 1247 4747; x_wconf 85' lang='lat' dir='ltr'>dicta</span> <span class='ocrx_word' id='word_1_249' title='bbox 1262 4665 1398 4749; x_wconf 81' lang='lat' dir='ltr'>saisina</span> <span class='ocrx_word' id='word_1_250' title='bbox 1412 4664 1685 4748; x_wconf 84' lang='lat' dir='ltr'>deliberaretur</span> <span class='ocrx_word' id='word_1_251' title='bbox 1699 4665 1766 4747; x_wconf 77' lang='lat' dir='ltr'>eia</span> 
     </span>
    </p>
   </div>
   <div class='ocr_carea' id='block_1_4' title="bbox 343 4794 1766 5165">
    <p class='ocr_par' dir='ltr' id='par_1_4' title="bbox 343 4794 1766 5165">
     <span class='ocr_line' id='line_1_31' title="bbox 344 4794 1764 4905; baseline 0.001 -31"><span class='ocrx_word' id='word_1_252' title='bbox 344 4796 451 4886; x_wconf 84' lang='lat' dir='ltr'>dem;</span> <span class='ocrx_word' id='word_1_253' title='bbox 467 4814 507 4875; x_wconf 89' lang='lat' dir='ltr'>et</span> <span class='ocrx_word' id='word_1_254' title='bbox 520 4825 543 4875; x_wconf 91' lang='lat' dir='ltr'>e</span> <span class='ocrx_word' id='word_1_255' title='bbox 558 4814 686 4876; x_wconf 82' lang='lat' dir='ltr'>contra</span> <span class='ocrx_word' id='word_1_256' title='bbox 703 4797 826 4878; x_wconf 88' lang='lat' dir='ltr'>dictus</span> <span class='ocrx_word' id='word_1_257' title='bbox 842 4796 1004 4877; x_wconf 80' lang='lat' dir='ltr'>ballivus</span> <span class='ocrx_word' id='word_1_258' title='bbox 1023 4812 1152 4879; x_wconf 80' lang='lat' dir='ltr'>noster</span> <span class='ocrx_word' id='word_1_259' title='bbox 1170 4812 1414 4905; x_wconf 82' lang='lat' dir='ltr'>proponeret,</span> <span class='ocrx_word' id='word_1_260' title='bbox 1431 4824 1500 4903; x_wconf 90' lang='lat' dir='ltr'>pro</span> <span class='ocrx_word' id='word_1_261' title='bbox 1518 4794 1646 4888; x_wconf 89' lang='lat' dir='ltr'>nobis,</span> <span class='ocrx_word' id='word_1_262' title='bbox 1660 4796 1764 4903; x_wconf 89' lang='lat' dir='ltr'>quod</span> 
     </span>
     <span class='ocr_line' id='line_1_32' title="bbox 343 4924 1766 5034; baseline 0 -29"><span class='ocrx_word' id='word_1_263' title='bbox 343 4952 427 5017; x_wconf 89' lang='lat' dir='ltr'>nos,</span> <span class='ocrx_word' id='word_1_264' title='bbox 439 4926 527 5034; x_wconf 80' lang='lat' dir='ltr'>jore</span> <span class='ocrx_word' id='word_1_265' title='bbox 541 4943 669 5011; x_wconf 80' lang='lat' dir='ltr'>nosne</span> <span class='ocrx_word' id='word_1_266' title='bbox 681 4942 721 5007; x_wconf 83' lang='lat' dir='ltr'>et</span> <span class='ocrx_word' id='word_1_267' title='bbox 731 4944 925 5033; x_wconf 80' lang='lat' dir='ltr'>tamqtram</span> <span class='ocrx_word' id='word_1_268' title='bbox 941 4953 1041 5033; x_wconf 82' lang='lat' dir='ltr'>pars,</span> <span class='ocrx_word' id='word_1_269' title='bbox 1060 4954 1192 5030; x_wconf 81' lang='lat' dir='ltr'>summ</span> <span class='ocrx_word' id='word_1_270' title='bbox 1213 4945 1253 5007; x_wconf 89' lang='lat' dir='ltr'>et</span> <span class='ocrx_word' id='word_1_271' title='bbox 1271 4927 1454 5007; x_wconf 85' lang='lat' dir='ltr'>bactenus</span> <span class='ocrx_word' id='word_1_272' title='bbox 1466 4924 1609 5009; x_wconf 84' lang='lat' dir='ltr'>luimus</span> <span class='ocrx_word' id='word_1_273' title='bbox 1627 4926 1667 5006; x_wconf 88' lang='lat' dir='ltr'>in</span> <span class='ocrx_word' id='word_1_274' title='bbox 1685 4952 1766 5033; x_wconf 75' lang='lat' dir='ltr'>pre</span> 
     </span>
     <span class='ocr_line' id='line_1_33' title="bbox 344 5058 1765 5165; baseline 0 -29"><span class='ocrx_word' id='word_1_275' title='bbox 344 5058 546 5137; x_wconf 77' lang='lat' dir='ltr'>missorum</span> <span class='ocrx_word' id='word_1_276' title='bbox 565 5059 699 5139; x_wconf 86' lang='lat' dir='ltr'>saisina</span> <span class='ocrx_word' id='word_1_277' title='bbox 716 5090 725 5136; x_wconf 72' lang='grc' dir='ltr'><strong>ε</strong></span> <span class='ocrx_word' id='word_1_278' title='bbox 742 5059 931 5151; x_wconf 81' lang='lat' dir='ltr'>Tandem,</span> <span class='ocrx_word' id='word_1_279' title='bbox 947 5060 1023 5139; x_wconf 79' lang='lat' dir='ltr'>visa</span> <span class='ocrx_word' id='word_1_280' title='bbox 1041 5058 1214 5165; x_wconf 81' lang='lat' dir='ltr'>inquesu</span> <span class='ocrx_word' id='word_1_281' title='bbox 1227 5059 1281 5139; x_wconf 89' lang='lat' dir='ltr'>de</span> <span class='ocrx_word' id='word_1_282' title='bbox 1301 5060 1479 5139; x_wconf 80' lang='lat' dir='ltr'>mandato</span> <span class='ocrx_word' id='word_1_283' title='bbox 1498 5076 1628 5139; x_wconf 74' lang='lat' dir='ltr'>nosue</span> <span class='ocrx_word' id='word_1_284' title='bbox 1651 5084 1765 5164; x_wconf 78' lang='lat' dir='ltr'>super</span> 
     </span>
    </p>
   </div>
   <div class='ocr_carea' id='block_1_5' title="bbox 0 0 2230 6209">
    <p class='ocr_par' dir='ltr' id='par_1_5' title="bbox 0 0 2230 6209">
     <span class='ocr_line' id='line_1_34' title="bbox 0 0 2230 6209; baseline 0 3"><span class='ocrx_word' id='word_1_285' title='bbox 0 0 2230 6209; x_wconf 95' lang='lat' dir='ltr'> </span> 
     </span>
    </p>
   </div>
  </div>
 </body>
</html>
