4450 6209
494 656 567 728 576
1074 654 1166 728 Les
1195 651 1335 728 OLlM.
1402 716 1406 722 .

267 806 397 863 saraim
409 783 469 867 1v‚'
547 797 670 874 LXXI.
703 795 803 874 Mota
818 794 1085 885 controversia,
1101 795 1256 873 diversis
1267 794 1504 901 temporibus
1519 811 1556 872 et
1566 793 1739 902 pluribus
1750 789 1910 885 vicibus,

329 897 391 940 Μ’
490 929 590 1007 inter
598 927 764 1035 priorem
776 925 1130 1018 Sancti-Saturnini,
1144 953 1188 1003 ex
1199 943 1305 1033 parte
1317 954 1409 1016 una,
1423 943 1462 1004 et
1475 935 1640 1005 rectores
1651 927 1776 1034 operis
1787 929 1913 1034 pontis

492 1076 530 1136 et
553 1057 705 1138 oratorii
731 1056 1036 1163 Sancti-Spiritus
1056 1074 1094 1134 et
1114 1056 1322 1163 burgenses
1340 1057 1439 1136 dicte
1459 1057 1562 1146 ville,
1581 1085 1626 1134 ex
1644 1058 1779 1149 altera,
1800 1087 1915 1166 super

490 1189 707 1268 elemosinis
729 1203 768 1264 et
789 1186 1086 1266 obvencionibus
1103 1185 1409 1295 quibuscumque
1426 1216 1468 1264 ac
1481 1187 1621 1267 fabrica
1634 1190 1762 1295 pontis
1776 1207 1815 1267 et
1831 1219 1913 1268 ora·

489 1321 576 1400 torii
594 1320 866 1428 predictorum,
879 1317 1141 1424 destinatoque
1153 1317 1372 1424 specialiter,
1386 1345 1430 1396 er
1442 1336 1548 1425 parte
1566 1318 1709 1396 domini
1725 1321 1853 1430 Regis,
1867 1323 1913 1399 ad

491 1451 633 1530 diatim
647 1449 786 1539 locum,
799 1477 867 1556 pro
884 1447 1076 1554 predictis,
1093 1446 1233 1525 dilecto
1251 1463 1291 1524 et
1308 1445 1411 1525 fideli
1426 1438 1635 1528 Guillelmo
1650 1449 1698 1526 de
1715 1449 1910 1543 Plaisiano,

490 1582 608 1660 milite
622 1597 767 1672 nostro,
786 1579 950 1685 datoque
967 1578 1038 1656 sibi
1052 1578 1092 1655 in
1108 1578 1310 1668 mandatis,
1327 1607 1396 1686 per
1408 1579 1607 1658 dominum
1620 1583 1777 1688 Regem,
1791 1583 1911 1689 quod,

490 1713 677 1820 siposset,
690 1711 806 1788 dictas
814 1725 939 1816 partes
951 1707 999 1786 ad
1013 1706 1253 1787 concordiam
1263 1709 1472 1799 reduceret,
1486 1727 1534 1800 et,
1552 1711 1584 1788 si
1596 1713 1701 1817 quod
1710 1713 1913 1791 obscurum

490 1843 688 1951 superbiis
703 1841 903 1930 inveniret,
915 1839 1013 1917 illud
1028 1839 1134 1916 curie
1148 1857 1276 1917 nostre
1289 1842 1499 1919 remitteret
1507 1843 1808 1932 terminandum,
1822 1843 1914 1923 facta

491 1975 659 2064 tandem,
677 2001 746 2079 per
760 1973 883 2079 ipsum
896 1969 1163 2060 Guillelmum,
1178 1986 1293 2078 sup'er
1304 1973 1482 2079 predictis
1495 1973 1658 2080 quadam
1672 1975 1915 2056 ordinacione

492 2108 591 2184 inter
610 2106 725 2183 dictas
744 2117 882 2212 partes,
909 2102 1051 2180 eisdem
1071 2101 1242 2208 partibus
1261 2119 1300 2179 et
1316 2122 1556 2209 procuratore
1576 2100 1704 2185 nostro
1721 2107 1914 2184 senescalli

492 2236 713 2316 Belli-Cadri
726 2235 964 2343 presentibus
977 2262 1019 2312 ac
1030 2235 1070 2312 in
1085 2261 1129 2312 ea
1141 2234 1482 2325 consencientibus,
1497 2265 1646 2316 necnon
1658 2255 1727 2343 p'er
1736 2265 1808 2315 nos
1818 2255 1916 2344 post·

493 2369 651 2448 modum
663 2365 897 2456 confirmata,
913 2366 1173 2472 posthoctam
1186 2366 1409 2471 superdicta
1423 2366 1663 2446 ordinacione
1676 2397 1791 2474 quarn
1804 2398 1917 2476 super

495 2501 603 2579 dictis
624 2499 860 2588 elemosinis,
874 2496 1169 2575 obvencionibus
1187 2513 1225 2572 et
1238 2494 1392 2587 fabrica,
1414 2497 1512 2574 dicta
1526 2500 1777 2583 controversia
1790 2529 1914 2579 coram

492 2631 603 2709 nobis
620 2647 794 2708 renovata
812 2629 912 2705 inter
927 2627 1044 2704 dictas
1057 2643 1199 2734 partes,
1216 2625 1319 2718 dicto
1334 2626 1479 2732 priore,
1495 2627 1669 2735 pluribus
1685 2629 1911 2718 nacionibus,

494 2762 643 2840 dicente
668 2761 807 2838 dictam
833 2757 1132 2848 ordinacionem,
1156 2757 1245 2835 licet
1272 2756 1313 2833 in
1338 2756 1528 2863 aliquibus
1551 2776 1680 2836 contra
1703 2760 1912 2851 selectam,

496 2892 634 2970 debere
649 2890 800 2978 servari,
815 2888 997 2968 offerente
1010 2888 1129 2966 eciam
1140 2903 1361 2994 separatum
1371 2889 1499 2966 omnia
1512 2887 1553 2966 in
1567 2889 1666 2968 dicta
1676 2889 1914 2991 ordinacione

495 3038 671 3101 contenta
683 3019 756 3098 sibi
771 3018 1042 3108 incumbencia,
1059 3045 1135 3126 que
1149 3016 1335 3125 completa
1349 3045 1429 3097 non
1443 3037 1639 3106 sunt,cum
1652 3048 1722 3127 per
1735 3025 1827 3098 enm
1840 3049 1915 3100 non

496 3171 569 3234 stet
580 3153 673 3262 quin
686 3151 870 3260 completa
884 3151 975 3240 sint,
993 3167 1038 3227 ut
1047 3150 1156 3240 dicit,
1167 3149 1392 3256 adimplere;
1405 3169 1510 3257 perte
1525 3153 1713 3242 dictorum
1728 3173 1915 3232 rectorum

497 3302 535 3363 et
547 3284 795 3392 burgensium
814 3283 855 3360 in
869 3281 1098 3372 contrarium
1118 3280 1246 3388 plures
1262 3281 1430 3359 raciones
1448 3301 1698 3390 proponente,
1715 3300 1753 3359 et
1771 3282 1916 3362 dicente

496 3415 633 3494 dictam
653 3415 934 3494 ordinacionem
957 3440 1034 3492 non
1049 3431 1142 3490 csse
1158 3412 1378 3491 servandam
1396 3429 1591 3520 tamquam
1611 3411 1743 3491 iactam
1764 3414 1803 3491 in
1822 3415 1917 3522 juris

496 3549 641 3627 domini
659 3548 787 3655 Regis,
810 3545 865 3624 rei
884 3544 1036 3652 publice
1058 3562 1095 3623 et
1109 3543 1299 3622 dictorum
1312 3562 1501 3634 rectorum
1517 3563 1555 3623 et
1571 3546 1818 3652 burgensium
1837 3573 1917 3652 pre·

491 3679 680 3787 judicium
701 3696 739 3756 et
752 3705 968 3786 ·gravamen;
983 3676 1154 3764 tandem,
1169 3703 1286 3782 super
1297 3675 1408 3753 totali
1421 3675 1587 3784 negocio
1596 3676 1767 3783 predicto
1782 3677 1917 3755 auditis

496 3810 680 3916 partibus,
691 3837 805 3914 super
817 3807 1018 3914 propositis
1031 3808 1077 3885 ab
1089 3806 1252 3896 eisdem,
1265 3805 1422 3885 fecimus
1433 3833 1504 3914 per
1512 3824 1636 3885 certos
1647 3808 1918 3886 commissarios

497 3957 644 4017 nostros
663 3937 819 4045 inquiri,
835 3939 973 4019 vocatis
986 3937 1172 4045 partibus,
1189 3938 1404 4016 veritatem:
1420 3938 1506 4016 Visa
1525 3938 1639 4047 igitur
1653 3939 1826 4045 inquesta
1839 3966 1918 4045 pre

498 4069 596 4148 dicta
621 4097 734 4177 super
762 4069 941 4175 predictis
964 4067 1057 4147 lacta
1087 4085 1127 4147 et
1152 4068 1353 4176 diligenter
1377 4069 1598 4159 examinata,
1627 4069 1791 4176 visisque
1817 4069 1917 4147 ordi·

497 4200 654 4281 nacione
682 4200 849 4307 predicta
876 4228 917 4277 ac
942 4200 1202 4278 instrumentis
1225 4217 1264 4277 et
1289 4199 1424 4278 litteris
1445 4199 1762 4304 testimonialibus
1790 4198 1917 4307 sigillis

496 4330 677 4437 plmium,
705 4347 782 4406 tam
806 4330 1037 4437 prelatorum
1064 4331 1185 4438 quam
1208 4329 1414 4419 nobilium,¹
1441 4329 1626 4438 sigillatis,
1653 4358 1767 4436 super
1791 4329 1918 4435 hujus·
2121 4428 2122 4431 Ἴ

497 4461 602 4540 modi
622 4461 778 4568 negocio
798 4460 991 4552 confectis,
1007 4489 1078 4569 per
1090 4461 1191 4538 dicte
1206 4462 1310 4538 curie
1327 4478 1454 4538 nostre
1464 4462 1670 4568 judicium,
1691 4460 1834 4537 dictum
1849 4457 1919 4536 luit
1981 4497 1985 4501 ³
2121 4438 2122 4459 ,

500 4591 617 4668 dictos
634 4608 800 4669 rectores
820 4609 857 4668 et
877 4592 1083 4700 burgenses
1102 4590 1249 4699 aliquid
1265 4591 1493 4669 racionabile
1512 4619 1591 4669 non
1611 4593 1788 4699 probasse
1809 4618 1919 4696 prop·

497 4737 556 4796 ter
573 4721 677 4826 quod
695 4721 793 4799 dicta
810 4722 1005 4801 ordinacio
1024 4722 1160 4800 debeat
1177 4721 1356 4811 anullari,
1379 4751 1495 4829 quare
1509 4721 1583 4800 fuit
1602 4723 1746 4800 eisdem
1765 4721 1919 4829 imposi-

497 4865 580 4926 tum
594 4849 790 4928 silencium
803 4853 842 4928 in
855 4853 1049 4960 predictis,
1066 4881 1108 4930 ac
1124 4853 1289 4940 dictum,
1303 4881 1372 4959 per
1383 4852 1486 4930 idem
1492 4853 1693 4961 judicium,
1705 4851 1812 4959 quod
1824 4850 1918 4928 dicta

499 4977 703 5068 ordinacio,
722 4981 761 5056 in
780 4999 963 5087 quantum
984 4982 1103 5089 tangit
1122 4999 1245 5088 partes
1265 4982 1467 5088 predictas,
1488 4982 1626 5060 valebit
1644 5000 1683 5059 et
1702 4981 1916 5070 seruabitur,
