4450 6209
499 715 575 789 sta
899 654 905 659 ·
1091 712 1181 787 LES
1208 710 1348 787 OLlll.

272 865 351 918 Ρ····
352 863 458 928 ···»ΡΡ
494 854 771 964 cujuscumque
789 852 941 962 justicie
954 852 1029 931 alte
1048 870 1088 933 et
1102 852 1239 933 basse
1229 882 1268 931 1n
1289 851 1399 933 dictis
1418 850 1526 945 locis,
1545 878 1634 931 cum
1655 850 1705 931 ad
1729 852 1805 933 boc
1820 884 1928 937 casus

334 956 397 1001 ¹³¹⁰
494 1014 537 1068 se
565 985 807 1073 obtulerunt3
832 1001 992 1091 unaque
1016 984 1203 1064 dictarum
1225 985 1410 1095 parcium,
1438 1012 1525 1065 cum
1550 982 1748 1073 instancia,
1776 1004 1927 1091 patente

496 1118 605 1223 quod
618 1146 754 1195 manus
765 1134 904 1205 nostra,
916 1140 1004 1223 que,
1012 1134 1169 1223 propter
1182 1116 1360 1197 debamn
1372 1116 1603 1207 emamdem,
1614 1128 1696 1195 'erat
1706 1116 1899 1223 apposita
1887 1150 1926 1198 m

496 1249 607 1329 dictis
618 1250 710 1330 locis
724 1267 762 1328 et
775 1248 1123 1356 inquibusdam
1066 1248 1193 1354 pnsiis
1204 1248 1349 1329 ibidem
1360 1248 1409 1327 ab
1419 1246 1673 1355 altcmtraque
1689 1264 1798 1354 parte
1810 1246 1923 1341 bons,

497 1382 585 1459 inde
612 1398 879 1460 amoveretur:
904 1382 1081 1485 lnqnesta
1102 1378 1229 1486 igitur,
1253 1407 1367 1487 super
1388 1378 1479 1469 biis,
1507 1379 1556 1458 de
1578 1378 1757 1459 mandato
1775 1397 1923 1471 notun,

495 1514 601 1602 lacta,
612 1512 690 1591 visa
707 1528 747 1589 et
762 1511 966 1619 diligenter
977 1512 1201 1601 examinata,
1214 1540 1283 1618 per
1297 1510 1401 1589 curie
1419 1528 1545 1591 nostae
1558 1510 1764 1619 judicium,
1783 1510 1925 1591 dictum

495 1642 585 1733 suit,
615 1644 705 1751 quia
731 1656 877 1721 constat
902 1639 1047 1719 dictum
1066 1641 1245 1719 comitem
1271 1640 1409 1719 melius
1431 1668 1544 1749 super
1566 1641 1638 1721 hcc
1670 1641 1924 1722 intencionem

493 1758 600 1855 suani
627 1774 826 1882 probasse,
853 1773 960 1881 quod
985 1774 1128 1879 ipsein
1159 1772 1291 1851 saisina
1316 1772 1521 1881 colligendi
1548 1787 1588 1851 et
1610 1771 1759 1851 levandi
1781 1771 1923 1853 dietttm

493 1907 693 2016 gruagium
708 1934 820 2012 supra
831 1923 990 2012 pontem
1001 1921 1040 1983 et
1054 1904 1231 1982 calceiam
1244 1904 1450 2011 predictos,
1468 1932 1616 1987 necnon
1632 1902 1803 2012 capiendi
1817 1926 1925 1987 etar-

494 2038 661 2116 restandi
680 2036 825 2115 ibidem
840 2036 1020 2126 rebelles,
1032 2036 1227 2114 occasione
1249 2036 1341 2113 dicti
1359 2036 1519 2143 gruagii‚
1533 2036 1698 2117 eteniam
1709 2039 1923 2145 justicimdi

494 2186 533 2247 et
547 2170 782 2276 explectandi
796 2168 941 2248 ibidem
957 2167 1006 2246 de
1020 2194 1247 2276 quacunque
1258 2167 1407 2275 justicia
1415 2168 1490 2245 alta
1506 2186 1544 2245 et
1558 2168 1680 2259 bassa,
1695 2172 1921 2260 remanebit;

494 2320 533 2379 et
547 2302 663 2409 prisie
677 2330 791 2408 super
806 2302 881 2380 boc
895 2300 1092 2409 lacte,que
1101 2362 1112 2392 ,
1122 2318 1278 2409 propter
1292 2298 1473 2379 debatun
1489 2300 1674 2379 dictarum
1688 2305 1870 2409 parcium,
1885 2306 1922 2381 in

492 2462 609 2511 manu
627 2450 752 2511 nostra
773 2450 880 2511 erant
897 2433 1035 2540 posite,
1055 2433 1155 2511 dicta
1177 2462 1292 2511 manu
1314 2450 1441 2511 nostra
1461 2432 1550 2511 inde
1570 2448 1714 2523 amota,
1741 2434 1924 2515 delibera-

492 2566 635 2645 buntur
647 2566 748 2644 dicto
760 2565 907 2654 comiti,
924 2564 1038 2655 salva
1055 2564 1157 2642 dicto
1173 2563 1329 2643 domino
1344 2563 1532 2655 Couciaci,
1548 2563 1684 2643 mirina
1699 2567 1871 2672 capiendi
1887 2585 1923 2645 et

492 2698 658 2790 levandi,
676 2698 717 2775 in
730 2698 843 2778 dictis
858 2697 967 2788 locis,
984 2696 1223 2805 guidagium,
1241 2696 1444 2805 pedagium
1459 2726 1527 2775 seu
1542 2696 1736 2791 calceiam,
1753 2728 1823 2805 pro
1842 2699 1922 2777 aliis

492 2830 609 2909 rebus
622 2858 739 2937 quam
754 2857 824 2936 pro
838 2829 916 2906 illis
929 2857 1001 2935 pro
1023 2829 1164 2937 quibus
1181 2829 1343 2908 debetur
1359 2828 1573 2937 gruagium,
1588 2858 1737 2909 necnon
1752 2831 1921 2939 capiendi

494 2978 532 3038 et
548 2960 754 3039 arrestandi
771 2960 915 3038 solvere
931 2960 1104 3039 nolentes
1119 2961 1357 3069 guidagium,
1374 2962 1578 3072 pedag’um
1593 2980 1632 3041 et
1646 2962 1841 3055 calesium,
1858 2966 1920 3071 qui

493 3091 542 3168 ad
552 3091 720 3197 predicta
728 3108 908 3169 tenentur
923 3093 962 3169 in
977 3092 1088 3171 dictis
1102 3092 1212 3183 locis,
1225 3110 1263 3169 et
1278 3096 1458 3172 emendas
1473 3093 1718 3199 explanandi,
1730 3096 1920 3174 occasione

491 3222 770 3327 predictorum,
790 3250 905 3300 manu
921 3241 1048 3301 nostra
1063 3224 1153 3301 inde
1166 3231 1306 3317 amota,
1322 3224 1474 3333 utrique
1488 3226 1585 3332 parti
1595 3243 1726 3304 umen
1741 3244 1919 3305 reservata

493 3354 534 3430 in
553 3355 745 3462 premissis
763 3354 963 3463 questione
979 3356 1231 3463 proprietatis.

548 3488 648 3566 Jovis
667 3504 753 3565 ante
771 3488 1001 3566 Brandones.

550 3622 595 3696 H.
618 3620 666 3697 de
686 3619 952 3699 Sancto-Paulo
974 3618 1221 3727 [reportavit].

551 3882 661 3961 XVII.
692 3883 790 3960 Cum
817 3880 1044 3960 senescallus
1069 3884 1320 3963 Rutbenensis
1350 3902 1468 3963 certas
1490 3912 1689 3993 personas,
1723 3915 1845 3995 usquc
1873 3888 1917 3965 ad

493 4029 656 4118 qrratuor
674 4029 713 4089 et
725 4012 855 4119 viginti
873 4014 1047 4093 homines
1062 4015 1291 4094 habitatores
1311 4019 1586 4108 Ruthenenses,
1603 4046 1673 4126 pro
1692 4020 1918 4127 quibusdam

492 4170 628 4221 eorum
642 4143 869 4236 excessibus,
887 4145 1126 4255 singulariter
1145 4148 1374 4256 quemlibet,
1391 4177 1460 4256 per
1479 4150 1640 4229 diversas
1660 4177 1843 4239 summas,
1866 4180 1921 4230 as·

491 4276 696 4355 candentes
715 4304 836 4383 usque
850 4279 899 4355 ad
915 4295 1099 4358 trecentas
1115 4298 1152 4359 et
1167 4280 1319 4390 triginta
1337 4281 1450 4364 libras
1463 4285 1705 4361 Turonenses
1721 4282 1833 4361 nobis
1847 4284 1920 4361 sol-

489 4408 630 4487 vendas
656 4410 988 4515 condempnasset,
1015 4429 1130 4517 prout
1160 4413 1348 4491 dictorum
1376 4414 1738 4521 condempnatorum
1765 4414 1918 4493 nomina

491 4559 530 4618 et
545 4540 648 4618 dicte
661 4568 826 4636 summe,
844 4542 886 4618 in
901 4543 1091 4621 sentencia
1106 4543 1196 4621 dicti
1214 4546 1419 4637 senescalli,
1436 4547 1587 4654 planius
1602 4546 1856 4634 continentur,
1867 4546 1920 4622 vi-

491 4670 630 4749 delicet
650 4700 720 4779 pro
737 4673 955 4779 portacione
975 4702 1167 4753 armorum
1186 4693 1226 4754 et
1244 4676 1419 4786 pluribus
1440 4678 1523 4756 aliis
1543 4678 1754 4779 excessibus
1771 4706 1842 4785 per
1854 4706 1919 4755 eos

492 4802 597 4879 lactis
612 4821 740 4881 contra
754 4806 988 4883 Bemardnm
1005 4806 1056 4883 de
1069 4806 1252 4887 Livecone
1268 4827 1306 4887 et
1322 4810 1406 4918 ejus
1417 4808 1556 4900 andos,
1572 4808 1819 4917 fugando-eos
1832 4836 1917 4887 cum

492 4933 698 5041 lapidibus,
719 4963 788 5042 per
805 4936 967 5044 plateam
987 4938 1275 5031 dicte=civitatis,
1296 4942 1621 5051 expugnandoque
1639 4942 1828 5049 qtaandam
1851 4940 1917 5019 do·

492 5091 597 5144 mum
621 5066 720 5145 dicte
740 5068 883 5173 platee,
906 5069 947 5146 in
971 5098 1047 5176 qua
1064 5098 1123 5161 se,
1146 5072 1197 5153 ob
1218 5070 1376 5152 tutelam
1400 5076 1458 5153 sui
1480 5075 1668 5181 corporis,
1690 5072 1916 5153 incluserant
