4450 6209
758 703 1028 811 suounrns
1053 722 1119 794 aa
1146 702 1352 796 Pacata.
1694 728 1764 800 su
1865 730 1870 739 ·

1830 892 1939 933 arnam
1953 880 1999 944 [Vs
2098 892 2108 901 ·

1871 970 1932 1013 isca.

400 864 560 946 Cuillier
578 861 791 971 reportavit.

399 1128 490 1208 LIV.
522 1127 621 1207 Cum
635 1141 738 1204 mota
752 1142 851 1203 esset
865 1125 1069 1213 discordia,
1082 1152 1209 1205 coram
1225 1127 1490 1205 commissariis
1503 1127 1656 1216 nostris,
1670 1127 1768 1206 inter

341 1261 564 1369 magistrum
577 1256 757 1365 Egidium
770 1254 973 1346 Camelini‚
987 1272 1079 1334 tuuc
1098 1261 1382 1363 procuratorem
1404 1274 1594 1348 nostrum,
1614 1259 1768 1339 nomine
1830 1307 1833 1313 -
1873 1292 1875 1297 ’
2005 1313 2010 1322 -

342 1409 489 1479 nostro,
506 1416 551 1467 ex
568 1384 646 1465 una
660 1404 784 1494 purte,
801 1403 841 1465 et
852 1402 1115 1494 preceptorem
1138 1404 1177 1465 et
1193 1386 1326 1465 fratres
1342 1388 1480 1467 domus
1495 1388 1695 1495 Hospitalis
1709 1392 1769 1467 Je-

342 1520 590 1601 rosolimitani
611 1518 660 1595 de
674 1516 985 1611 Podio-Sivrano,
1005 1518 1161 1596 nomino
1182 1518 1300 1625 ipsius
1318 1518 1471 1608 domus,
1495 1548 1539 1598 ex
1556 1518 1689 1609 altera,
1708 1550 1769 1598 su-

340 1680 410 1759 per
423 1653 511 1761 jure
527 1649 724 1729 exercendi
740 1648 1002 1728 omnimodam
1017 1648 1209 1755 justiciam
1224 1648 1336 1727 altam
1352 1666 1391 1727 et
1405 1649 1552 1729 bassam
1565 1649 1606 1727 in
1620 1650 1704 1729 loco
1721 1651 1769 1728 de
1865 1664 1872 1679 ’

342 1781 637 1862 Podio-Sivrano
649 1778 838 1887 predicto,
855 1806 943 1857 cum
955 1777 1199 1884 pertinenciis
1213 1778 1307 1876 suis,
1322 1779 1429 1886 quod
1441 1780 1505 1886 jus
1514 1797 1673 1887 unaque
1686 1810 1769 1888 par-

342 1914 444 1991 cium
462 1913 511 1992 ad
529 1940 569 1990 se
587 1911 778 2020 pertinere
799 1908 967 1987 dicebat:
982 1907 1133 1987 Auditis
1152 1909 1322 2016 partibus
1341 1926 1380 1987 et
1397 1910 1473 1989 visa
1493 1901 1693 2021 diligenter
1712 1913 1768 1991 in·

290 2060 304 2081 ‘
341 2062 475 2151 questa
498 2071 612 2150 super
630 2043 705 2120 boc
728 2040 839 2131 lacta,
860 2068 929 2147 per
947 2040 1051 2119 curie
1070 2056 1199 2119 nostre
1221 2040 1426 2147 judicium,
1449 2042 1593 2119 dictum
1612 2042 1686 2121 fuit
1705 2046 1767 2151 jus

343 2175 539 2255 exercendi
559 2175 600 2252 in
618 2174 704 2253 loco
722 2172 895 2280 predicto
913 2200 1003 2251 cum
1021 2172 1104 2281 ejus
1122 2172 1364 2279 pertinenciis
1384 2174 1644 2253 omnimodam
1658 2176 1768 2282 justi·

343 2307 439 2385 ciam
453 2306 501 2383 ad
515 2333 587 2385 nos
596 2304 808 2413 pertinere,
826 2302 1022 2410 dictosque
1035 2319 1297 2409 preceptorem
1313 2320 1352 2381 et
1365 2302 1498 2385 fratres
1515 2304 1613 2381 dicte
1631 2304 1768 2384 domus

342 2464 421 2515 non
436 2436 575 2515 babere
587 2436 653 2544 jas
666 2434 812 2514 ibidem
830 2432 998 2541 aliquam
1013 2432 1204 2543 justiciam
1223 2434 1440 2524 exercendi,
1455 2433 1766 2541 prohibitumque

342 2568 416 2645 fuit
424 2568 587 2657 eisdem,
598 2595 669 2675 per
679 2565 783 2643 curie
791 2582 920 2644 nosne
926 2564 1251 2674 judicium‚nede
1261 2581 1386 2643 cetero
1398 2563 1564 2672 aliquam
1573 2582 1767 2643 exerceant

337 2698 528 2806 justiciam
546 2699 588 2774 in
605 2696 698 2777 locis
716 2695 917 2802 predictis,
938 2696 1283 2803 condempnatique
1302 2695 1458 2774 laimunt
1475 2694 1546 2803 ipsi
1569 2712 1767 2802 preceptor

342 2844 381 2905 et
397 2828 529 2907 batres
547 2829 596 2906 ad
614 2826 856 2905 reddendum
877 2826 989 2906 nobis
1005 2826 1262 2905 emolumenta
1276 2827 1404 2905 omnia
1419 2853 1494 2933 que
1510 2826 1596 2933 ipsi,
1616 2826 1765 2903 racione

341 2961 441 3037 dicte
454 2958 745 3069 jurisdictionis,
762 2983 878 3066 quam
893 2957 934 3036 in
953 2958 1054 3035 dieto
1070 2958 1156 3036 loco
1177 2974 1215 3035 et
1232 2956 1313 3065 ejus
1328 2957 1571 3065 pertinenciis
1590 2984 1766 3035 exercue-

339 3106 431 3169 runt
450 3118 472 3167 a
491 3106 663 3197 tempore
683 3089 761 3169 litis
781 3106 1003 3181 contestate,
1022 3085 1165 3167 scilicet
1186 3089 1233 3167 ab
1254 3116 1353 3167 anno
1377 3087 1535 3167 Domini
1560 3085 1764 3166 millesimo

342 3221 602 3301 ducentesimo
622 3220 854 3329 octogesimo
870 3219 1039 3299 secundo
1059 3220 1165 3309 citra,
1184 3235 1432 3325 perceperunt
1447 3218 1593 3297 exinde.

397 3353 563 3433 Sabbato
581 3368 669 3459 post
685 3350 950 3430 Reminiscere.

397 3483 558 3562 Cuillier
574 3482 787 3592 reportarit.

397 3747 472 3823 LV.
503 3745 600 3825 Cum
613 3759 716 3823 mota
725 3741 857 3821 lirissst
868 3735 1072 3829 discordia,
1083 3762 1209 3818 coram
1221 3738 1485 3819 commissariis
1496 3740 1650 3826 nostris,
1664 3740 1764 3816 inter

341 3877 561 3985 magistrum
577 3874 754 3983 Egidium
774 3871 976 3963 Camelini‚
992 3889 1085 3949 tunc
1098 3888 1380 3977 procuratorem
1401 3887 1590 3959 nostrum,
1609 3868 1764 3948 nomine

342 4024 488 4097 nostro,
504 4034 551 4082 ex
565 4032 641 4081 una
654 4021 776 4111 parte,
798 4020 836 4081 et
853 4018 1114 4109 preceptorem
1132 4016 1171 4077 et
1186 3998 1318 4079 fratres
1335 4001 1473 4079 domus
1489 3998 1692 4105 Hospitalis
1705 4002 1765 4077 Je-

341 4135 600 4245 rosolymitsni
618 4135 666 4212 de
682 4133 881 4227 Garridiis‚
899 4162 943 4211 ex
962 4133 1097 4221 altera,
1123 4160 1237 4237 super
1256 4132 1344 4239 jure
1362 4128 1559 4209 exercendi
1576 4130 1765 4208 omnimo·
1894 4166 1898 4175 ’

344 4267 430 4345 dam
449 4267 639 4375 justiciam
663 4264 777 4343 altam
799 4281 838 4341 et
859 4263 1005 4341 bassam
1027 4263 1066 4338 in
1090 4262 1174 4339 loco
1199 4259 1368 4368 predicto
1395 4261 1442 4337 de
1468 4258 1651 4338 Garridiis
1676 4286 1764 4337 cum

342 4398 584 4505 pertinenciis
600 4397 695 4487 suis,
710 4394 817 4503 quod
828 4395 892 4503 jus
907 4410 1064 4499 utraque
1080 4391 1250 4498 parcium
1263 4389 1312 4467 ad
1329 4418 1368 4469 se
1384 4388 1573 4495 pertinere
1589 4387 1762 4465 dicebat:
1914 4446 1918 4453 .

341 4529 491 4607 Auditis
503 4526 673 4635 partibus
690 4544 729 4605 et
740 4524 817 4603 risa
832 4525 1034 4634 diligenter
1048 4523 1224 4629 inquesta
1235 4548 1349 4627 super
1363 4520 1436 4597 hoc
1450 4516 1559 4608 lacta,
1577 4545 1646 4624 per
1661 4516 1762 4594 curie

341 4676 469 4738 nostre
485 4659 674 4767 judicium
694 4656 840 4735 dictum
857 4652 932 4733 luit
951 4652 1096 4731 dictum
1110 4652 1176 4760 jus
1195 4644 1392 4729 exercendi
1413 4646 1673 4727 omnimodam
1687 4648 1765 4755 jus

340 4791 468 4867 ticiam
486 4790 599 4868 altam
616 4806 655 4867 et
667 4788 813 4867 basmm
828 4787 868 4864 in
883 4780 968 4865 loco
985 4784 1156 4891 predicto
1175 4810 1261 4861 cum
1280 4781 1360 4889 ejus
1374 4777 1618 4887 pertinenciis
1630 4778 1679 4855 ad
1694 4804 1763 4857 nos

342 4922 549 5029 pertinere,
570 4919 765 5028 dictosque
783 4934 1041 5027 preceptorem
1062 4932 1100 4993 et
1117 4914 1247 4992 iratres
1257 4914 1322 5023 jus
1342 4939 1419 4991 non
1439 4908 1578 4991 babere
1598 4909 1762 5019 aliquam

336 5051 526 5161 justiciam
544 5052 739 5132 ererceudi
753 5048 792 5129 in
805 5050 889 5129 loco
901 5046 1090 5156 predicto,
1105 5044 1414 5154 prohibitumque
1433 5041 1505 5121 luit
1521 5042 1680 5130 eisdem,
1697 5068 1765 5146 per
