4450 6209
767 711 1032 822 saoneres
1057 730 1122 803 nr
1147 711 1352 808 raocas.
1522 796 1526 802 .
1700 735 1773 811 aaa

353 873 447 952 dum
473 884 610 948 statuta
638 887 677 948 et
699 872 960 950 ordinaciones
987 870 1131 950 domini
1163 873 1272 979 Regis
1301 900 1414 978 super
1438 873 1625 979 burgesiis
1656 873 1772 967 facta,
1813 889 1998 955 Pmurralv.

352 1022 392 1082 et
405 1002 527 1110 quod,
543 1019 714 1110 tempore
729 1003 897 1111 predicte
912 1002 1114 1109 capcionis,
1133 1003 1230 1080 dicta
1246 1003 1401 1080 Luciota
1414 1004 1614 1110 apparebat
1628 1004 1776 1083 infirma
1873 981 1936 1024 ”⁰⁷¹

353 1134 510 1213 cuilibet
523 1134 700 1225 intuenti,
714 1152 752 1212 et
770 1134 838 1210 diu
859 1134 969 1210 exivit
984 1161 1117 1210 eorum
1131 1133 1337 1240 prisionem
1353 1151 1551 1240 antequam
1567 1135 1645 1242 ipsa
1658 1164 1777 1215 more-

352 1272 492 1356 retur¹;
507 1265 610 1354 item,
627 1265 733 1372 quod
744 1264 924 1371 predictis
934 1265 1116 1342 Henrioto
1133 1265 1352 1354 etLuciota,
1367 1294 1434 1371 per
1447 1265 1567 1344 dictos
1579 1266 1777 1374 religiosos

353 1396 441 1474 uias
463 1395 596 1503 capu,
617 1397 767 1476 racione
784 1375 1064 1504 sugaranam,
1086 1396 1403 1502 aspernandum
1417 1397 1691 1488 catu-nonas,
1711 1400 1777 1505 qui

353 1544 435 1622 erat
446 1555 516 1633 pro
528 1545 718 1633 tempore,
736 1556 757 1603 a
771 1528 959 1606 dictorum
974 1526 1239 1636 religiosorum
1253 1527 1418 1633 prisione
1436 1529 1620 1619 extractis,
1637 1528 1707 1634 ipsi
1723 1555 1778 1604 re-

352 1658 475 1767 ligiosi
491 1657 661 1746 fuerunt,
678 1687 765 1736 cum
784 1687 894 1736 cause
907 1658 1143 1768 cognicione,
1159 1685 1229 1764 per
1248 1658 1392 1736 dictum
1410 1659 1590 1738 ballivum
1607 1661 1655 1772 de
1670 1659 1778 1736 dictis

353 1789 534 1867 Hearioto
554 1806 593 1866 et
611 1789 768 1866 Luciota
786 1789 976 1866 restituti:
997 1789 1084 1868 Visa
1106 1789 1281 1896 inquesta
1299 1817 1412 1897 super
1431 1790 1504 1868 hoc
1532 1793 1579 1868 de
1599 1791 1777 1868 mandato

353 1937 565 1998 nostrarum
587 1919 761 2026 gencium
786 1919 867 1996 dies
891 1919 1094 2026 Campanie
1121 1921 1337 1999 tenencium
1362 1920 1474 2016 facta,
1503 1939 1540 2000 et
1564 1924 1613 2001 ad
1637 1923 1780 2001 curiam

354 2067 538 2140 nostram,
559 2049 608 2125 de
628 2077 813 2127 consensu
831 2049 1018 2156 parcium,
1040 2066 1241 2157 asportata,
1262 2051 1352 2158 quia
1371 2052 1565 2131 inventum
1586 2071 1642 2132 est
1662 2054 1779 2132 dictos

353 2180 566 2288 religiosos,
583 2180 688 2288 juxta
703 2196 897 2258 statuta'et
915 2180 1179 2259 ordinaciones
1199 2181 1341 2260 domin-i
1361 2183 1487 2290 Regis,
1502 2185 1603 2293 juste
1624 2203 1662 2262 et
1678 2184 1778 2262 licite

353 2311 541 2418 predictos
559 2311 823 2405 incarcerasse,
842 2341 884 2389 ac
900 2310 1038 2390 dictam
1055 2313 1268 2402 Luciotam,
1288 2313 1439 2420 qnando
1455 2315 1533 2422 ipsa
1548 2317 1691 2394 dictum
1709 2345 1779 2392 car·
1840 2373 1849 2389 .

354 2467 479 2525 cerem
493 2443 657 2535 intravit,
673 2441 786 2522 fuisse
808 2428 996 2521 infirmam
1011 2461 1050 2521 et
1065 2444 1133 2521 diu
1149 2444 1280 2522 vixisse
1294 2433 1492 2552 postquam
1508 2448 1618 2524 exivit
1630 2447 1779 2555 predic-

354 2593 437 2653 tum
445 2584 650 2665 carcerem,
660 2602 730 2681 per
740 2575 844 2653 curie
854 2591 981 2653 nostre
988 2574 1195 2682 judcium,
1210 2575 1299 2653 dicti
1310 2575 1475 2682 religiosi
1487 2595 1667 2656 eteorum
1678 2577 1780 2654 curia

355 2702 533 2784 secedatis
547 2705 596 2783 ab
611 2680 852 2813 impeticione
871 2705 1039 2814 predicta
1058 2705 1247 2784 dictorum
1266 2708 1437 2788 Henrioti
1452 2725 1491 2788 et
1501 2709 1681 2790 lobannis
1696 2737 1780 2787 sen-

355 2837 566 2916 tencialiter
579 2834 743 2915 absoluti
760 2835 928 2920 fuerunt.

413 2966 590 3047 Mercurii
605 2967 786 3073 predicta.

413 3098 537 3178 Monoi
549 3097 767 3207 reportavit.

412 3362 473 3440 IX.
502 3360 679 3469 lnquesta
689 3361 782 3441 facta
797 3391 912 3470 super
921 3364 1115 3442 violenciis
1129 3381 1168 3443 et
1180 3367 1328 3476 injuriis
1340 3366 1467 3460 illatis,
1480 3387 1522 3447 ut
1535 3369 1684 3460 dicitur,
1703 3396 1781 3446 mo*

359 3494 487 3572 nachis
501 3493 801 3572 Sancti-Richarii
822 3513 1007 3575 eteorum
1021 3496 1198 3604 gentibus
1212 3527 1280 3604 per
1292 3501 1474 3607 quosdam
1487 3501 1662 3578 homines
1681 3500 1778 3578 dicte

358 3622 462 3714 ville,
483 3640 639 3730 propter
657 3624 800 3703 multos
819 3625 991 3704 deiectus
1007 3623 1153 3705 ibidem
1172 3647 1358 3735 repertos,
1380 3646 1437 3708 est
1459 3631 1675 3710 reficienda.

414 3753 590 3832 Mercurii
608 3755 791 3860 predicta.

415 3883 540 3962 Monoi
559 3884 774 3991 reportavit.

415 4015 591 4140 laqueata
606 4032 663 4092 est
680 4017 721 4092 in
736 4045 842 4094 sacco
854 4017 1101 4124 reliquiarum
1123 4017 1236 4128 hujus
1250 4020 1485 4126 parlamenti.

415 4278 461 4353 Χ.
491 4277 589 4355 Cum
608 4276 810 4355 domicella
819 4278 901 4355 Ada
911 4279 959 4354 de
972 4278 1124 4356 Kaisnel
1140 4281 1250 4358 nobis
1266 4283 1511 4391 significasset
1525 4282 1631 4390 quod
1640 4284 1780 4362 lohan-

361 4431 427 4482 nes
448 4405 495 4481 de
514 4407 731 4515 Voyssiaco,
747 4407 874 4497 miles,
887 4424 979 4485 tunc
992 4407 1153 4487 ballivus
1165 4409 1488 4500 Viromandensis,
1503 4413 1621 4518 ipsam
1638 4413 1685 4490 de
1700 4443 1784 4521 pos·

360 4533 527 4613 sessione
544 4552 696 4613 centum
712 4554 750 4614 et
758 4553 921 4644 quatuor
930 4537 1111 4647 jugerum
1126 4557 1244 4632 terre,
1261 4540 1308 4618 de
1327 4540 1441 4619 seodo
1453 4542 1633 4620 lobannis
1650 4543 1697 4620 de
1713 4544 1785 4624 Vil-

361 4661 520 4758 laribus,
536 4665 727 4772 armigeri,
743 4668 1000 4757 movencium,
1018 4667 1203 4747 violenter
1214 4687 1252 4748 et
1262 4669 1399 4778 injuste
1415 4673 1574 4779 ejecerat
1588 4674 1781 4753 occasione

364 4793 555 4901 cujusdam
568 4796 728 4903 judicati
749 4826 864 4914 super
883 4799 956 4878 hoc
976 4817 1106 4877 contra
1125 4800 1261 4906 ipsam,
1283 4818 1327 4880 ut
1349 4802 1499 4895 dicitur,
1522 4832 1591 4912 per
1610 4806 1785 4885 homines

362 4923 727 5004 Montis-Desiderii
750 4957 819 5035 pro
847 4929 976 5010 Coleta
999 4931 1228 5012 Germainne
1254 4932 1361 5026 facti,
1379 4934 1532 5043 ipsaque
1558 4954 1787 5044 proponeret

357 5103 367 5210 ἰ
404 5102 517 5169 ²Lisea
532 5109 688 5172 moriretur.
793 5101 805 5116 ⁰
