4450 6209
524 726 598 797 526
1108 720 1198 791 LES
1229 718 1368 791 OLIM.

298 893 427 947 rursum
440 886 484 948 tv,
522 891 657 946 omnes
685 864 853 942 raciones
879 888 983 949 suas,
1010 861 1220 939 secundum
1248 876 1422 939 tenorem
1446 859 1545 938 dicte
1575 858 1882 955 interlocutorio,
1902 864 1945 941 ad

359 985 421 1027 ¹⁸¹⁰·
522 998 639 1075 {inem
658 993 877 1071 annullandi
896 992 1016 1069 dictos
1031 990 1220 1081 delectus,
1239 1008 1279 1067 et
1295 992 1401 1097 quod
1420 991 1499 1099 ipse
1514 988 1779 1073 admitteretur
1791 992 1847 1070 ad
1861 1020 1946 1098 pro-

519 1126 742 1234 ponendum
761 1152 894 1203 omnes
918 1151 1003 1201 suas
1026 1122 1266 1229 exceptiones
1285 1124 1554 1230 peremptorias
1574 1124 1613 1199 in
1633 1150 1743 1201 causa
1763 1120 1943 1229 predicta;

519 1257 622 1335 dicto
644 1255 842 1363 Dyonisio‚
869 1283 913 1331 ex
943 1253 1118 1341 adverso.
1145 1270 1381 1361 proponente
1406 1254 1527 1358 quod,
1559 1255 1710 1333 attentis
1737 1251 1943 1331 defectibus

518 1388 696 1494 predictis
720 1404 759 1465 et
782 1386 865 1465 aliis
888 1384 1136 1493 quibusdum,
1164 1412 1232 1491 per
1258 1384 1382 1491 ipsum
1404 1385 1623 1493 propositis,
1650 1386 1862 1465 secundum
1888 1400 1942 1460 te-

518 1547 652 1598 norem
683 1517 783 1597 dicte
808 1515 1108 1605 interlocutorie‚
1138 1515 1263 1595 dictus
1289 1514 1486 1595 Gervesius
1514 1544 1592 1595 non
1614 1532 1711 1607 erat,
1739 1543 1854 1621 super
1872 1515 1941 1591 hoc

516 1651 748 1739 audiendus,
762 1676 832 1727 nec
844 1647 892 1725 ad
904 1646 1264 1736 hocadmittendus3
1283 1648 1438 1727 tandem
1454 1647 1516 1725 die
1533 1648 1713 1757 assignata
1728 1646 1777 1725 ad
1788 1645 1941 1725 audien-

518 1780 612 1857 dum
621 1782 686 1888 jus
702 1806 818 1885 super
835 1778 1043 1883 premissis,
1065 1778 1190 1857 dictus
1209 1778 1440 1884 prepositus,
1462 1778 1537 1857 visa
1551 1778 1726 1885 primitus
1743 1777 1940 1856 interlocu-

516 1913 613 1987 toria
628 1910 813 2017 predicta.
829 1909 1090 2015 pronunciavit
1108 1909 1213 2015 quod
1231 1907 1354 1987 dicem
1374 1909 1572 1988 Gervasirm
1587 1934 1665 1995 non
1680 1908 1940 1987 admitteretur

516 2041 565 2117 ad
580 2041 873 2147 proponendum
885 2040 1027 2147 aliquus
1043 2040 1213 2119 raciones
1228 2056 1358 2119 contra
1373 2038 1541 2119 defectus
1555 2040 1760 2145 predictos,
1774 2056 1813 2117 et
1825 2039 1937 2146 quod,

515 2172 651 2249 virtute
676 2171 864 2251 dictorum
888 2170 1126 2261 defectuum,
1151 2171 1338 2251 ceciderat
1360 2146 1773 2278 esuisperemptoriis
1802 2198 1938 2278 propo·

515 2302 666 2392 nendis;
683 2330 704 2378 a
719 2331 797 2408 quo
811 2301 996 2409 judicato,
1019 2303 1143 2380 dictus
1162 2301 1378 2391 Gervesius,
1400 2318 1576 2409 tanquam
1596 2333 1618 2379 a
1636 2302 1729 2381 falso
1749 2319 1787 2379 et
1807 2330 1934 2408 pravo,

514 2430 561 2507 ad
579 2449 745 2511 nostram
766 2433 907 2510 curiam
920 2431 1120 2540 appellavit
1136 2432 1310 2511 :Auditis
1329 2433 1444 2541 igitur
1456 2435 1642 2538 partibus,
1658 2435 1698 2515 iu
1712 2462 1822 2513 eausa
1842 2433 1935 2511 dicte

513 2560 795 2667 appellacionis‚
818 2580 856 2641 et
873 2562 952 2640 viso
971 2589 1150 2669 processu
1170 2564 1360 2670 predicto,
1384 2592 1453 2670 per
1472 2565 1574 2643 curie
1590 2582 1716 2643 nostre
1728 2564 1933 2674 judicium,

514 2692 657 2769 dictum
677 2690 752 2770 suit
770 2692 915 2771 dictum
933 2695 1166 2799 prepositum
1185 2695 1284 2773 bene
1295 2693 1484 2802 judicasse
1505 2711 1542 2772 et
1558 2693 1701 2773 dictum
1721 2694 1935 2775 Genusium

513 2822 610 2899 mele
626 2823 848 2929 appellasse,
868 2841 907 2901 et
921 2824 1026 2929 quod
1039 2826 1119 2931 ipse
1139 2826 1212 2903 hoc
1225 2822 1453 2905 emendabit.

568 2955 667 3029 Jovis
681 2970 767 3057 post
783 2954 1047 3031 Reminiscere.

569 3085 612 3159 R.
633 3082 681 3159 de
696 3080 881 3159 Tiboutot
894 3082 1107 3187 reportavit.

568 3212 759 3291 Remissus
773 3211 846 3290 fuit
864 3240 1062 3317 processus
1079 3213 1129 3289 ad
1143 3215 1391 3319 prepositum.

566 3478 676 3555 XXV.
709 3475 790 3556 Lite
810 3493 930 3565 mota,
950 3477 991 3553 in
1011 3478 1114 3555 curia
1136 3494 1278 3569 nostra,
1301 3480 1399 3556 inter
1424 3480 1624 3587 majorem,
1641 3482 1787 3588 juratos
1807 3500 1844 3559 et
1865 3482 1931 3561 ho

508 3607 631 3686 mines
646 3606 693 3686 de
713 3608 823 3695 Fara,
839 3636 884 3685 er
896 3625 1002 3714 parte
1016 3636 1110 3695 una,
1127 3625 1165 3686 et
1185 3609 1365 3689 dilectum
1385 3628 1424 3689 et
1438 3611 1594 3694 fidelem
1608 3630 1779 3693 nostrum
1793 3614 1931 3719 episco

507 3766 601 3844 pum
621 3737 928 3830 Laudunensem,
954 3767 998 3815 es
1017 3737 1147 3824 altera,
1170 3766 1283 3844 super
1306 3768 1353 3819 eo
1376 3742 1483 3846 quod
1504 3743 1593 3821 dicti
1615 3744 1746 3851 major,
1759 3746 1875 3852 jurati
1896 3763 1932 3823 et

507 3867 698 3955 homines,
722 3884 930 3946 asserentes
948 3896 989 3944 se
1009 3895 1089 3945 esse
1110 3869 1150 3945 in
1169 3868 1303 3949 saisina
1323 3872 1491 3976 piscandi
1516 3874 1558 3953 in
1580 3875 1715 3980 riparia
1738 3874 1927 3969 d’Acheri‚

508 3995 684 4075 dicebant
703 4024 742 4075 se
769 3998 948 4079 turbatos
958 3997 1097 4104 injuste
1113 4028 1229 4106 super
1253 4002 1326 4079 hoc
1346 4032 1413 4108 per
1438 4003 1656 4112 episcopum
1678 4007 1926 4097 antedictum,

507 4125 704 4231 capiendo,
719 4150 787 4233 per
799 4154 838 4203 se
852 4155 921 4206 seu
930 4146 1060 4234 gentes
1075 4156 1175 4225 sues,
1194 4134 1379 4239 quosdam
1392 4135 1567 4215 homines
1581 4136 1777 4217 dinteville
1789 4140 1929 4246 piscan-

505 4275 563 4342 tes
582 4258 621 4333 in
640 4258 777 4365 riparia
794 4257 978 4363 predicta;
998 4290 1115 4367 quare
1135 4265 1314 4369 petebant
1326 4268 1605 4349 recredenciam
1620 4268 1667 4349 de
1683 4270 1791 4349 dictis
1804 4270 1927 4350 homi·

504 4388 632 4480 nibus,
652 4418 722 4496 per
740 4418 895 4469 manum
915 4409 1081 4472 nostram
1096 4395 1231 4475 factam
1252 4398 1417 4490 eisdem,
1433 4399 1482 4477 ad
1501 4398 1817 4481 deliberacionem
1839 4432 1927 4481 con·

503 4521 613 4607 verti,
636 4537 674 4598 et
693 4522 793 4601 dicto
811 4522 988 4629 episcopo
1011 4525 1174 4605 inhiberi
1192 4556 1240 4605 ne
1259 4529 1360 4636 ipsos
1383 4530 1431 4609 de
1449 4548 1576 4611 cetero
1595 4532 1723 4615 turbet
1737 4534 1776 4611 in
1794 4534 1927 4613 saisina

503 4650 686 4751 predicta.
708 4652 810 4732 dicto
829 4653 1007 4761 episcopo
1028 4659 1259 4739 contrarium
1281 4678 1494 4741 asserente:
1516 4662 1604 4743 Visa
1620 4664 1736 4773 igitur
1754 4665 1927 4772 inquestc

502 4806 616 4887 super
643 4782 718 4859 hoc
745 4783 793 4862 de
823 4786 1003 4863 mandato
1032 4805 1162 4868 nostro
1194 4788 1302 4881 sacta,
1339 4821 1406 4899 per
1432 4810 1559 4876 nostre
1586 4796 1689 4877 etuie
1712 4796 1923 4906 judicium,

503 4907 647 4989 dictum
663 4910 735 4989 luit
753 4914 874 4995 dictos
895 4916 1074 5023 majores.
1099 4918 1248 5027 juratos
1276 4936 1315 5001 et
1340 4924 1516 5005 homines
1534 4925 1792 5007 intencionem
1818 4954 1923 5007 suam

501 5068 615 5146 super
633 5041 706 5120 hoc
720 5044 949 5137 sufficienter
960 5049 1152 5155 probasse,
1170 5068 1210 5131 et
1220 5052 1425 5139 inhibitum
1440 5054 1513 5135 fuit
1529 5084 1577 5138 ue
1592 5058 1714 5146 dictim
1727 5061 1923 5167 episcopus
