4450 6209
512 706 585 776 312
1093 700 1185 772 LES
1213 698 1349 772 OLIM.

280 860 411 913 Pitanae
426 860 468 920 rt,
511 845 615 921 curie
636 858 763 920 nostre
776 840 981 950 judicium,
1005 866 1052 916 ne
1073 838 1121 916 de
1142 857 1267 918 cetero
1289 839 1452 946 aliquam
1473 856 1668 917 exerceant
1681 840 1874 948 justiciam
1896 847 1933 923 in

342 956 406 999 1808.

509 974 603 1052 locis
622 971 819 1078 predictis,
840 970 1183 1077 condempnetique
1203 968 1360 1048 luerunt
1378 968 1448 1077 ipsi
1469 984 1668 1076 preceptor
1687 986 1725 1048 et
1739 970 1874 1053 fratres
1887 977 1935 1054 ad

507 1104 747 1183 reddendum
762 1101 873 1181 nobis
888 1101 1144 1179 emolumenta
1157 1101 1283 1179 omnia
1296 1130 1371 1209 que
1385 1102 1473 1209 ipsi,
1487 1102 1635 1181 racione
1651 1102 1750 1181 dicte
1761 1102 1931 1211 justicie,

508 1265 623 1345 quam
643 1236 683 1312 in
704 1232 917 1311 dicto-loco
937 1250 976 1311 et
996 1233 1079 1341 ejus
1097 1232 1341 1338 pertinenciis
1360 1249 1607 1311 exercuerunt
1626 1262 1648 1309 a
1665 1248 1838 1341 tempore
1859 1234 1933 1315 litis

506 1381 729 1455 contestate,
751 1380 1002 1471 perceperunt
1022 1364 1176 1455 exinde,
1197 1362 1339 1441 scilicet
1363 1364 1410 1443 ab
1435 1392 1532 1443 anno
1551 1356 1708 1443 Domini
1728 1364 1932 1447 millesimo

506 1494 763 1575 ducentesimo
784 1492 1016 1603 octogesimo
1035 1494 1203 1573 secundo
1223 1493 1324 1571 citra.

559 1626 713 1706 sabbati
733 1626 911 1731 predicta.

561 1757 723 1838 Cuillier
740 1757 953 1863 reportavit.

562 2023 653 2100 LVI.
685 2021 1333 2129 lnquestacontraarcbiepiscopum
1343 2021 1626 2102 Narbonensem
1640 2038 1929 2129 etgentessuas,

508 2172 546 2233 et
560 2152 819 2232 vicecomitem
834 2151 1117 2231 Narbonensem
1134 2170 1172 2231 et
1182 2170 1313 2262 gentes
1328 2180 1432 2243 suus,
1446 2152 1495 2231 ed
1506 2150 1828 2260 supplicacionem
1844 2182 1932 2233 con·

507 2285 633 2363 sulum
658 2313 725 2361 seu
749 2284 968 2389 regencium
992 2282 1227 2361 consulatum
1247 2283 1403 2362 civitatis
1423 2301 1460 2361 et
1481 2281 1591 2390 burgi
1611 2282 1930 2377 Narbonensium,

508 2443 622 2523 super
635 2413 864 2520 quibusdam
878 2412 1043 2491 articulis
1056 2414 1203 2492 traditis
1216 2413 1408 2522 preposito
1427 2431 1518 2491 tunc
1536 2412 1583 2490 de
1603 2411 1768 2493 Anterso
1786 2431 1828 2493 et
1848 2442 1931 2491 can·

507 2545 580 2623 tori
602 2544 881 2635 Aurelianensi,
899 2546 947 2622 ad
965 2562 1089 2651 partes
1107 2544 1191 2623 illas
1209 2545 1351 2639 missia,
1373 2574 1418 2623 ex
1431 2562 1541 2652 parte.
1555 2544 1702 2625 domini
1717 2544 1848 2652 Regis,
1866 2572 1931 2650 pro

508 2675 779 2753 relormucione
796 2676 934 2781 patrie,
950 2704 1019 2781 per
1033 2676 1255 2783 magistrum
1268 2675 1478 2753 Jobannem
1495 2676 1543 2753 de
1558 2675 1749 2765 Cbaneto,
1761 2675 1931 2783 judicem

508 2805 776 2896 Biterrensem,
803 2806 1104 2884 commissarium
1132 2834 1245 2913 super
1273 2808 1345 2885 hoc
1372 2807 1612 2912 deputatum,
1640 2805 1735 2885 lacta
1763 2823 1802 2885 et
1830 2807 1930 2885 curie

509 2952 636 3010 nostre
653 2950 857 3039 reportata,
874 2935 950 3011 visa
964 2952 1003 3013 et
1017 2936 1219 3041 diligenter
1233 2938 1455 3027 examinata,
1472 2936 1561 3045 quia
1575 2937 1770 3013 inventum
1786 2952 1847 3013 est
1862 2936 1931 3013 dic·

507 3080 584 3141 tam
600 3063 814 3170 inquestam
831 3092 909 3141 non
925 3092 1005 3143 esse
1018 3065 1237 3172 perfectam,
1250 3094 1318 3172 per
1330 3067 1431 3145 curie
1445 3084 1571 3145 nostre
1580 3064 1770 3172 judicium
1785 3066 1928 3144 dictum

508 3193 581 3272 luit
604 3194 709 3301 quod
730 3194 830 3273 dicta
852 3196 1024 3302 inquesta
1043 3196 1272 3304 perficietur,
1293 3198 1432 3276 vocatis
1458 3198 1627 3305 partibus
1651 3214 1690 3275 et
1707 3195 1848 3275 auditis
1874 3224 1931 3275 ea-

507 3352 591 3401 rum
609 3324 825 3403 racionibus
842 3354 934 3432 quas
954 3354 1167 3433 proponere
1179 3326 1371 3405 voluerint
1390 3356 1515 3405 coram
1536 3326 1799 3407 commissoriis
1817 3354 1931 3433 super

507 3455 581 3532 boc
597 3454 842 3562 deputandis,
862 3472 901 3532 et
917 3456 1129 3564 inquestam
1152 3458 1372 3566 hujusmodi
1386 3456 1589 3563 perlectam
1605 3459 1715 3539 curie
1722 3474 1853 3538 nostre
1873 3484 1929 3535 re·
2043 3448 2049 3459 ’

506 3586 657 3663 mittent
671 3585 928 3692 judicandam.

562 3715 718 3794 Veneris
736 3730 822 3819 post
840 3716 1104 3793 Reminiscere.

432 3894 440 3905 .
562 3826 735 3920 Bocellus
753 3844 966 3951 reportavit.

563 3974 672 4048 Facta
692 3989 748 4049 est
764 3972 979 4053 commissio
993 3975 1116 4083 judici
1136 3976 1269 4084 majori
1289 3977 1586 4070 Carcassonensi,
1608 3997 1646 4058 et
1664 3980 1837 4086 inquesta
1857 3978 1927 4057 sibi

506 4101 662 4181 remissa
685 4119 865 4208 quantum
890 4103 938 4179 ad
960 4104 1216 4185 vicecomitem
1240 4124 1278 4185 et
1302 4136 1380 4187 non
1408 4128 1590 4217 quantum
1610 4111 1659 4189 od
1682 4110 1928 4217 archiepisco-

505 4263 611 4342 pum.

562 4494 669 4571 LVII.
699 4496 873 4602 lnquesta
907 4496 955 4575 de
981 4497 1158 4577 mandato
1183 4499 1285 4577 curie
1311 4517 1438 4579 nostre
1469 4498 1562 4579 lacta
1585 4528 1654 4608 per
1682 4500 1924 4579 senescallum

506 4621 754 4732 Carcassone,
776 4655 955 4733 supereo
980 4628 1154 4709 videlicet
1173 4658 1220 4707 en
1234 4630 1334 4739 juste
1354 4631 1517 4709 retinere
1537 4632 1725 4739 possimus
1744 4647 1859 4711 castra
1878 4631 1924 4708 de

506 4751 749 4862 Thailerano,
777 4756 824 4835 de
849 4758 1005 4837 Villario
1028 4778 1066 4838 et
1093 4759 1140 4837 de
1165 4760 1341 4851 Furcbis,
1367 4790 1442 4869 que
1469 4760 1742 4840 Almarrinetua
1766 4761 1813 4839 de
1838 4761 1925 4839 Ner-

505 4879 625 4972 bona,
643 4883 743 4963 lilius
758 4888 949 4993 quondam
962 4888 1158 4967 Almarrici
1173 4889 1220 4969 de
1235 4891 1424 4983 Nerbona,
1443 4892 1586 4973 domini
1600 4892 1648 4973 de
1664 4892 1921 5001 Perbiniagno,

508 5010 673 5103 dicebat,
688 5014 754 5092 din
771 5033 845 5106 est,
861 5047 930 5124 pro
944 5020 1055 5099 nobis
1069 5038 1107 5099 et
1117 5022 1168 5101 ad'
1177 5024 1422 5103 commodum
1436 5040 1625 5113 nostrum,
1641 5052 1712 5130 pro
1724 5040 1825 5103 certo
1838 5050 1922 5130 pre-
