4450 6209
788 663 1060 775 stuaras
1085 683 1149 758 ar
1176 665 1383 756 saeuas.
1556 701 1558 708 ⁴
1730 687 1801 760 iso

368 826 528 934 judicati
553 823 865 908 emendacionem
890 825 991 906 hene
1015 823 1132 906 fuisse
1160 826 1333 934 petitam,
1361 842 1400 906 et
1430 843 1595 908 erratum
1616 825 1733 907 fuisse
1762 789 1806 907 in'
1839 835 1970 892 aarum
1989 837 2033 902 lv,

375 976 553 1066 compoto
566 958 776 1041 solucionia
794 957 978 1065 predicte,
1001 955 1221 1064 dictumque
1240 959 1455 1042 auditorem
1475 957 1573 1042 male
1593 957 1799 1066 judicasse,
1902 930 1966 976 mi

373 1091 492 1197 ipsius
504 1091 718 1200 judicatum
738 1089 953 1198 predictum
971 1086 1223 1182 infirmando,
1246 1090 1465 1197 dictumque
1483 1089 1734 1174 Herbelinum
1754 1090 1801 1168 ad

373 1222 613 1305 reddendum
630 1223 756 1302 eidem
770 1222 934 1303 Iohanni
947 1213 1134 1327 predictas
1148 1221 1306 1331 'triginta
1317 1222 1432 1302 libras
1451 1223 1694 1306 Turonenses
1714 1249 1804 1302 oon-

374 1353 638 1461 dempnand03
659 1381 779 1462 aquo
793 1353 981 1462 judicato,
1002 1371 1183 1460 tanquam
1204 1383 1225 1430 a
1243 1352 1338 1434 salso
1357 1371 1396 1432 et
1417 1381 1546 1459 pravo,
1567 1351 1690 1434 dietus
1707 1353 1804 1432 ller-

372 1482 523 1563 belinus
540 1485 589 1561 ad
611 1502 777 1562 nostram
796 1484 939 1562 curiam
955 1482 1158 1592 appellavit
1177 1516 1185 1560 :
1207 1482 1357 1561 Auditis
1377 1483 1503 1591 igitur,
1526 1483 1565 1564 iu
1580 1512 1688 1564 nausa
1705 1483 1804 1562 diste

373 1614 655 1723 appellacionis,
676 1615 845 1723 partibus
874 1615 1090 1708 antedictis,
1125 1631 1163 1694 et
1192 1605 1281 1694 visis
1303 1615 1540 1722 processibus
1568 1634 1611 1693 et
1627 1615 1806 1723 judicatis

374 1746 566 1854 predictis,
589 1774 657 1855 per
678 1748 783 1825 curie
808 1764 937 1826 nostre
958 1746 1165 1856 judicium,
1188 1745 1331 1823 dicaam
1356 1743 1429 1828 fiais
1442 1764 1490 1828 ot
1513 1746 1803 1852 pronunciatum

375 1879 516 1956 dictum
533 1880 766 1986 prepositum
786 1878 885 1957 bene
900 1878 1107 1986 judicasse,
1125 1877 1346 1985 dictumque
1361 1878 1610 1956 Herbelinum
1626 1878 1725 1955 male
1741 1907 1805 1984 ap-

271 2046 276 2054 ·
373 2007 548 2116 pellam,
564 2027 602 2088 et
622 2011 728 2117 quod
747 2012 827 2116 ipse
845 2011 923 2090 linc
939 2009 1163 2091 emendabit
1180 2009 1251 2113 (9).

428 2141 528 2219 lovis
547 2141 725 2248 predicta.
1262 2132 1267 2140 ⁴

429 2273 555 2352 Monoi
573 2275 787 2380 reportavit.
843 2336 848 2346 .

429 2537 508 2616 XX.
537 2537 663 2642 Super
687 2563 734 2614 eo
754 2535 862 2642 quod
882 2534 1084 2618 domicella
1103 2534 1186 2616 ada
1209 2534 1258 2614 de
1277 2535 1422 2642 Kaynel
1442 2535 1744 2642 conquerebatur
1761 2565 1803 2616 se

374 2665 425 2746 de
447 2666 684 2775 possessione
709 2685 864 2749 cenam
886 2685 1113 2775 etquattuor
1132 2667 1342 2776 jornalium
1367 2667 1729 2750 summoventium
1755 2669 1803 2750 de

310 2797 314 2806 ’
374 2795 488 2880 feodo
508 2799 694 2880 lobannis
719 2799 768 2884 de
791 2797 1016 2888 villaribus,
1036 2799 1224 2907 armigeri,
1251 2827 1320 2905 per
1343 2799 1558 2881 iohannem
1579 2797 1627 2875 de
1654 2798 1804 2907 vopei,

373 2931 556 3021 militem,
572 2931 752 3022 ballivum
765 2930 1124 3022 Vimmndeaaena,
1142 2930 1327 3014 ualenter
1343 2949 1381 3012 et
1401 2932 1540 3041 injuste
1556 2931 1735 3038 ajectam,
1750 2961 1806 3012 oo
1863 2921 1866 2928 ’

242 3134 250 3149 .
373 3063 522 3144 cesione
549 3063 748 3172 eujusdam
768 3063 929 3172 judicati
951 3092 1068 3170 super
1091 3065 1165 3144 hoe
1189 3080 1318 3146 eontra
1339 3065 1458 3174 ipsam
1477 3089 1549 3172 pro
1573 3062 1687 3144 Gelu
1709 3062 1804 3146 Ger·

374 3195 524 3274 mainne
549 3193 725 3301 lentipes
744 3195 919 3274 homines
938 3195 1042 3276 oarie
1062 3193 1427 3282 Montis—Desideria
1455 3193 1545 3276 lieet
1561 3195 1642 3302 ipsa
1656 3194 1804 3301 judicio

374 3354 508 3406 eorum
532 3323 726 3434 nonquam
749 3353 790 3406 se
814 3326 1075 3433 supposuerit,
1104 3343 1148 3406 nt
1172 3323 1340 3417 dioebat,
1364 3326 1469 3436 dioto
1491 3323 1629 3405 ballivo
1656 3343 1803 3404 eontra-

373 3458 474 3538 rium
493 3475 707 3538 asserente:
725 3457 916 3547 Tandem,
932 3457 1109 3564 inquesita
1128 3485 1243 3563 super
1262 3458 1335 3540 hoe
1353 3456 1448 3536 laeta
1466 3483 1536 3566 per
1552 3474 1675 3538 rartos
1694 3457 1803 3534 audi·

373 3607 500 3683 tores,
517 3590 660 3698 ‹prihus
679 3591 926 3671 communem
951 3588 1076 3670 luerat
1099 3605 1159 3678 ut,
1188 3591 1327 3668 voeatis
1352 3587 1569 3679 evooandis,
1592 3617 1709 3696 super
1730 3588 1803 3668 boc

372 3720 611 3829 inquirerent
625 3722 837 3813 veritatem,
857 3720 934 3801 visa
953 3738 992 3799 et
1009 3719 1215 3828 diligenter
1231 3721 1460 3812 examinata,
1476 3720 1566 3828 qvae
1582 3745 1661 3800 nen
1677 3735 1736 3800 est
1746 3720 1804 3796 in-
1905 3717 1909 3728 '

372 3871 526 3931 ventum
546 3854 651 3960 quod
669 3853 770 3932 dieta
791 3852 927 3941 Celae,
945 3881 1022 3961 que
1045 3881 1116 3960 pro
1138 3879 1177 3932 se
1201 3851 1550 3936 diotumhabuerat
1567 3849 1801 3958 jndimtum.

373 4001 502 4064 vooata
524 3984 640 4064 luerit
669 4013 738 4092 per
762 3984 884 4064 dictos
907 3983 1104 4067 auditores
1131 3983 1369 4092 inlaqueata
1396 3983 1585 4090 predicta,
1612 4011 1681 4088 per
1698 3977 1804 4088 judi·

372 4115 475 4196 maun
490 4116 612 4204 omia,
636 4115 735 4194 dieta
752 4117 926 4223 iaqueata
939 4114 1014 4195 luit
1032 4114 1201 4196 totaliter
1215 4113 1398 4206 anullare,
1413 4132 1452 4194 et
1467 4114 1565 4198 diota
1582 4113 1667 4194 Ado
1677 4112 1804 4217 requi·

372 4264 433 4325 rat
449 4247 555 4356 quod
572 4247 749 4335 soluerit,
771 4265 811 4324 et
824 4247 976 4355 justicia
995 4247 1070 4326 silvi
1089 4245 1167 4326 liet.

428 4379 529 4456 lovis
552 4393 640 4485 post
657 4377 1019 4458 Sanctam-Luciam.

354 4509 358 4514 ’
429 4507 613 4590 Gorintus
631 4509 845 4616 reportavit.

429 4775 521 4852 XXI.
552 4775 652 4853 Cum
671 4803 692 4850 a
711 4773 878 4881 quodam
899 4771 1070 4881 judicato
1094 4799 1164 4878 per
1178 4770 1414 4878 preposimm
1437 4767 1688 4851 Parisiensem
1705 4767 1801 4848 laeto

371 4931 442 5014 pro
469 4903 637 4985 Garnoto
661 4907 710 4984 de
735 4905 940 5015 lugduno,
966 4905 1043 4982 cive
1067 4904 1285 4991 Parisiensi,
1313 4919 1442 4996 eontra
1463 4901 1686 4985 Nicholaum
1710 4903 1801 4978 Les·

371 5035 531 5126 charior,
546 5037 840 5144 carpentarium,
859 5062 976 5141 super
995 5063 1145 5116 summa
1164 5033 1413 5116 annonarum
1430 5051 1470 5114 et
1489 5033 1734 5142 quadraginta
1753 5030 1797 5106 li-
