4450 6209
519 746 592 821 340
1102 747 1192 820 LES
1219 745 1358 819 OLIM.

293 911 424 965 Partim
435 906 480 969 tv,
516 888 689 981 reclusis,
711 888 840 996 plures
859 885 1074 965 consimiles
1089 904 1127 963 et
1144 886 1306 994 majores
1320 886 1499 977 insultus,
1521 902 1681 991 quatuor
1696 883 1753 961 vel
1771 886 1936 994 quinque

353 1002 416 1045 1³08.

518 1020 693 1098 noctibus
712 1017 974 1125 sequentibus,
996 1015 1167 1094 lecerunt
1182 1044 1224 1093 ac
1239 1015 1356 1093 eciam
1377 1014 1603 1104 intulerunt,
1626 1015 1762 1091 dictam
1779 1015 1935 1093 domum

516 1178 762 1231 communem
780 1176 866 1225 cum
888 1146 1000 1224 armis
1017 1145 1164 1225 sortiter
1180 1145 1390 1225 invadendo
1406 1176 1447 1224 ac
1463 1149 1580 1223 eciam
1596 1144 1783 1223 hostiliter
1800 1176 1934 1256 expug-

516 1283 659 1373 nand03
673 1281 765 1388 quin
777 1280 894 1357 immo
909 1278 1017 1356 dictis
1027 1278 1251 1357 officialibus
1262 1278 1543 1367 communibus,
1557 1278 1596 1353 in
1608 1276 1707 1355 dicta
1717 1278 1833 1355 domo
1842 1306 1935 1356 com-

515 1414 621 1491 muni
648 1414 701 1488 sic
721 1410 969 1488 existentibus
989 1426 1026 1488 et
1048 1408 1220 1501 reclusis,
1249 1408 1384 1486 neceb
1405 1438 1447 1485 ea
1472 1425 1577 1485 metu
1596 1408 1727 1485 mortis
1749 1408 1933 1485 dictorum

514 1543 777 1621 invadencium
789 1542 888 1619 exire
903 1540 1149 1631 audentibus;
1165 1540 1305 1646 etquis
1320 1539 1359 1617 in
1375 1540 1473 1618 diota
1487 1538 1574 1617 villa
1588 1538 1783 1647 Marologii
1796 1568 1872 1619 non
1885 1541 1935 1616 in·

512 1674 713 1753 veniebant
724 1673 790 1780 qui
808 1672 979 1749 victualia
994 1672 1155 1760 eisdem,
1172 1672 1289 1747 eciam
1304 1669 1428 1748 oblata
1441 1671 1616 1779 pecunia,
1633 1671 1796 1747 vendere
1807 1670 1931 1762 vellet,

513 1808 649 1895 immo,
669 1833 756 1881 cum
774 1832 843 1910 per
857 1803 1017 1881 nuncios
1030 1804 1219 1881 dictorum
1235 1800 1452 1879 officialium
1468 1801 1746 1890 communium,
1765 1802 1932 1880 homines

513 1936 612 2013 dicte
627 1936 733 2023 ville,
749 1936 815 2042 qui
831 1936 961 2014 vinum
977 1933 1099 2012 etalio
1115 1932 1285 2011 victualia
1300 1932 1453 2040 publice
1469 1933 1627 2011 vendero
1643 1949 1734 2010 sunt
1747 1935 1929 2026 consueti,

512 2095 626 2173 super
644 2068 717 2143 hoc
736 2066 1031 2173 requirerentur,
1050 2064 1263 2142 asserebant
1284 2079 1322 2141 et
1340 2038 1516 2141 dicebant
1533 2062 1637 2170 quod
1652 2063 1794 2140 eisdem
1811 2064 1931 2171 aliqua

512 2197 674 2275 vendere
696 2225 774 2274 non
794 2197 995 2285 auderent,
1015 2212 1170 2303 propter
1189 2193 1511 2302 prohibicionem,
1530 2222 1643 2301 super
1660 2196 1751 2285 boc,
1771 2223 1841 2301 per
1860 2196 1931 2274 dio·

510 2345 595 2405 tum
613 2328 1005 2436 Campum-Longum
1027 2344 1065 2403 et
1083 2354 1173 2403 suos
1194 2326 1396 2404 servientes
1417 2325 1471 2403 eis
1491 2324 1644 2415 factam
1667 2353 1736 2403 nos
1754 2354 1857 2420 vero,
1878 2342 1932 2405 tot

510 2476 549 2536 et
560 2476 661 2537 tanta
675 2458 849 2537 nolentes
866 2458 1095 2563 pertransire
1116 2456 1318 2564 impunita,
1340 2485 1455 2562 super
1472 2456 1663 2562 premissis
1679 2458 1931 2535 mandavimus

509 2590 704 2669 veritatem
726 2589 868 2697 inquiri
897 2606 935 2667 et
957 2588 1067 2666 nobis
1094 2616 1164 2666 scu
1191 2588 1293 2665 curie
1313 2605 1438 2667 nostre
1460 2586 1590 2666 referri
1610 2619 1619 2663 ε
1639 2588 1726 2667 Vise
1745 2590 1861 2697 igitur
1879 2590 1931 2665 in-

509 2738 642 2828 questa
660 2751 775 2828 super
794 2720 986 2826 premissis
1001 2718 1049 2796 de
1068 2719 1247 2796 mandato
1268 2736 1395 2797 nostro
1410 2718 1525 2808 lacta,
1543 2736 1581 2797 et
1592 2718 1730 2797 auditis
1745 2719 1931 2798 defensio·

509 2851 622 2928 nibus
640 2850 829 2929 dictorum
848 2850 1129 2940 invadencium,
1151 2851 1241 2956 quia
1260 2867 1454 2956 repertum
1474 2868 1531 2928 est
1553 2850 1783 2928 sufficienter
1800 2853 1931 2958 proba-

509 2997 592 3058 tum
602 2980 704 3087 ipsos
715 2998 754 3058 et
765 3009 897 3059 eorum
909 2980 1122 3087 quemlibet
1133 3010 1247 3087 super
1258 2982 1573 3087 premissisfuisse
1586 3000 1624 3060 et
1637 3012 1716 3061 esse
1730 2983 1930 3090 culpabiles

510 3128 548 3187 et
562 3113 769 3201 convictos,
788 3112 1056 3220 perjudicium
1072 3113 1176 3190 curie
1193 3130 1336 3203 nostre,
1356 3114 1424 3221 ipsi
1443 3130 1627 3191 eteorum
1644 3114 1808 3220 quilibet
1823 3115 1930 3192 nobis

509 3258 548 3318 et
566 3241 667 3320 dicto
688 3244 864 3350 episcopo
883 3244 1199 3351 proporcionibus
1219 3244 1417 3351 equalibus
1435 3246 1699 3353 condempnati
1717 3246 1873 3323 luerunt
1884 3247 1929 3323 ad

509 3374 709 3450 emendam
722 3373 763 3450 in
778 3374 938 3451 modum
953 3393 991 3453 et
1005 3374 1168 3453 formam
1183 3375 1248 3483 qui
1264 3375 1452 3481 sequitur:
1472 3377 1598 3453 Primo
1615 3376 1737 3454 dictus
1751 3376 1930 3484 Campus-

507 3506 659 3615 Longus
680 3506 845 3614 privatur
864 3525 1047 3613 perpetuo
1076 3506 1123 3583 ab
1150 3506 1254 3584 omni
1275 3506 1399 3583 officio
1420 3506 1573 3614 publico
1600 3494 1755 3585 obtento
1777 3526 1815 3584 et
1834 3508 1929 3585 obti-

507 3637 635 3714 nendo
654 3637 696 3713 in
716 3665 832 3745 regno
851 3655 998 3729 nostro,
1021 3638 1137 3714 eciam
1159 3636 1230 3714 sub
1250 3666 1509 3745 quocumque,
1537 3655 1575 3715 et
1596 3668 1683 3716 cum
1701 3639 1774 3716 hoc
1793 3639 1832 3715 in
1852 3668 1927 3715 car-

507 3795 590 3843 cere
614 3796 683 3873 per
708 3767 909 3858 dimidium
937 3796 1081 3844 annum
1106 3768 1352 3860 detinebitur,
1377 3786 1414 3847 et
1434 3771 1474 3845 in
1502 3771 1657 3877 pecunia
1681 3770 1801 3847 solvet
1824 3770 1926 3847 mille

508 3895 621 3973 libras
632 3899 894 3987 Turoneuses3
906 3916 1069 4004 quatuor
1084 3900 1166 4007 ejus
1181 3901 1397 3991 servientes,
1411 3901 1476 4008 qui
1492 3932 1579 3978 cum
1596 3929 1641 3979 eo
1657 3901 1924 3990 interfuerunt,

507 4026 682 4105 videlicet
699 4028 937 4118 Plomionus,
958 4032 1129 4121 Terreta,
1151 4033 1362 4138 Tasquetus
1386 4048 1423 4109 e't
1443 4032 1633 4111 Laluerias
1651 4050 1833 4141 perpetuo
1853 4033 1926 4139 pri-

505 4158 577 4236 vati
598 4178 685 4236 sunt
707 4161 811 4237 omui
836 4162 1008 4253 servicio,
1032 4178 1175 4240 etcum
1196 4164 1269 4239 hoc
1290 4166 1524 4242 tenebuntur
1541 4194 1608 4271 per
1626 4194 1767 4242 annum
1789 4166 1827 4242 in
1851 4193 1927 4241 car-

505 4317 609 4381 cere;
632 4291 808 4397 magister
823 4292 1014 4369 lohannes
1034 4294 1081 4370 de
1102 4295 1229 4402 Sagio,
1244 4294 1363 4401 judex
1378 4296 1589 4375 ordinarius
1604 4296 1702 4373 dicte
1718 4296 1823 4386 ville,
1840 4296 1925 4402 quia
1944 4357 1947 4365 .

505 4420 603 4500 male
624 4440 662 4500 ct
681 4424 914 4531 negligenter
929 4454 968 4503 se
989 4425 1125 4503 habuit
1138 4427 1233 4503 cirea
1250 4427 1492 4531 punicionem
1506 4429 1827 4506 etcorrectionem
1841 4456 1924 4533 pre·

505 4554 704 4631 missorum
726 4556 773 4633 ab
792 4556 916 4635 officio
937 4588 1006 4636 suo
1026 4559 1191 4663 privatus
1212 4577 1286 4646 est;
1312 4558 1515 4637 Durandus
1531 4560 1577 4637 de
1590 4560 1723 4654 Villas,
1742 4561 1926 4638 Arnaldus

504 4683 630 4774 Costa,
650 4685 880 4765 Guillelmus
899 4690 934 4765 lc
951 4690 1119 4778 Fornier,
1141 4689 1310 4767 Robinus
1331 4690 1515 4780 Minaudi‚
1537 4693 1667 4770 Petrus
1687 4692 1795 4781 Gras,
1818 4691 1924 4769 moli-

504 4814 649 4901 nerius‚
667 4818 840 4895 Mothous
853 4819 1034 4907 Brissola‚
1048 4820 1239 4897 lohannes
1253 4821 1371 4911 Dido,
1389 4822 1620 4902 Guillelmus
1634 4824 1808 4931 Congdc,
1822 4825 1924 4899 Jaco-

501 4944 575 5021 bus
593 4945 780 5041 Durandi,
800 4949 1014 5028 Sabatarius
1030 4952 1171 5040 Sartor,
1193 4953 1252 5031 isti
1273 4953 1404 5030 decem
1421 4956 1460 5030 in
1476 4982 1621 5033 carcere
1637 4984 1705 5062 per
1722 4955 1921 5031 dimidium

503 5104 643 5153 aunum
664 5081 894 5185 completum
914 5082 1206 5174 detinebuntur;
1232 5086 1362 5162 Petrus
1383 5085 1582 5195 hymenei,
1605 5087 1794 5165 lohannes
1814 5084 1921 5166 Chal·
