4450 6209
526 710 601 788 tot
1106 715 1197 792 Ltts
1231 713 1370 790 OLlM.

299 867 485 936 ratramni,
525 856 698 936 cionibus
721 861 833 963 partis
854 861 1068 966 utriusque,
1092 856 1216 935 dictus
1235 853 1479 964 Reginaldus,
1505 881 1573 961 per
1596 882 1709 931 suum
1723 856 1939 965 judicatum,

360 963 423 1006 Μ’
523 989 783 1092 pronunciavit
811 989 947 1066 dictam
973 991 1216 1067 Perrouetam
1243 1015 1321 1065 non
1350 986 1527 1094 probasse
1552 985 1783 1065 sufficienter
1808 1018 1848 1066 se
1870 1019 1941 1069 esse

525 1118 725 1212 heredem,
748 1149 791 1197 ex
817 1137 1039 1198 testamento
1059 1120 1158 1198 dicte
1185 1118 1367 1207 Antonia,
1392 1117 1607 1224 dictamque
1631 1117 1797 1224 litteram
1824 1139 1939 1198 contra

523 1251 713 1356 predictos
723 1249 972 1330 Guillelmum
987 1267 1021 1328 et
1033 1252 1276 1328 Petronetam
1287 1247 1501 1327 execucioni
1514 1248 1686 1325 mandari
1698 1276 1778 1326 uon
1795 1250 1937 1344 debere,

524 1381 846 1490 adjudicacionem
867 1399 905 1458 et
929 1382 1158 1458 taraciouem
1186 1407 1433 1486 expensarum
1453 1405 1570 1484 penes
1599 1406 1639 1455 se
1663 1381 1900 1470 reservando;
1922 1413 1940 1458 a

522 1539 599 1618 quo
612 1512 800 1620 judicato,
817 1528 998 1619 tanquam
1018 1511 1109 1589 salso
1129 1528 1168 1589 et
1186 1538 1315 1617 pravo,
1338 1525 1504 1616 exparte
1528 1507 1627 1586 dicte
1651 1511 1872 1600 Perronete,
1897 1515 1938 1590 ad

521 1641 700 1719 ballivum
730 1643 1063 1735 Matisconensem,
1097 1642 1218 1719 extitit
1240 1640 1491 1747 appellatum
1517 1639 1742 1746 quiquidem
1770 1639 1936 1734 ballivus,

522 1775 672 1880 cognito
691 1775 739 1853 de
757 1775 924 1882 predicta
939 1774 1203 1881 appellacionis
1219 1801 1337 1864 causa,
1353 1773 1612 1878 pronunciavit
1626 1773 1772 1851 dictum
1785 1775 1940 1880 Reginal·

523 1906 616 1982 dum
636 1905 851 2014 Viguerosi,
874 1905 1000 2012 quoad
1022 1903 1131 1982 illum
1152 1903 1353 1981 articulum
1373 1904 1511 2010 inquo
1531 1904 1796 2009 pronunciavit
1813 1903 1936 1982 dictam

521 2036 762 2114 Perronetam
786 2065 860 2113 non
879 2064 958 2113 esse
980 2035 1178 2123 heredem,
1196 2062 1239 2112 ex
1259 2049 1484 2112 testamento
1504 2033 1603 2110 dicte
1628 2035 1837 2125 Anthonie,
1853 2033 1937 2111 male

521 2167 807 2272 pronunciasse,
830 2184 868 2243 et
887 2166 1025 2243 dictam
1043 2166 1285 2242 Perronetaru
1305 2165 1403 2242 bene
1424 2164 1641 2270 appellasse.
1664 2167 1761 2244 ltem
1780 2193 1937 2272 pronun-

484 2309 486 2314 '
522 2297 629 2375 ciavit
643 2297 768 2403 ipsum
789 2296 1039 2402 Reginaldum
1059 2295 1158 2373 bene
1172 2311 1210 2372 et
1224 2295 1327 2402 juste
1346 2294 1612 2400 pronunciasse
1625 2295 1665 2371 in
1680 2324 1727 2373 eo
1743 2295 1851 2403 quod
1868 2297 1937 2402 ipse

515 2429 697 2538 judicavit
712 2428 850 2505 dictant
868 2428 1031 2504 litteram
1047 2455 1125 2504 non
1141 2455 1238 2515 esse,
1261 2443 1391 2502 contra
1404 2425 1526 2504 dictos
1543 2425 1795 2505 Guillelmum
1809 2442 1848 2504 et
1860 2427 1937 2502 Per-

519 2576 702 2648 ronetam,
718 2558 968 2636 mandandam
982 2557 1211 2647 execucioni,
1226 2574 1275 2649 et,
1294 2574 1479 2664 quantum
1494 2555 1542 2633 ad
1557 2557 1640 2647 boc,
1658 2558 1802 2635 dictam
1815 2559 1937 2635 Perro·

520 2708 657 2780 netam,
675 2690 772 2768 male
788 2690 1003 2797 appellasse,
1021 2690 1248 2768 sentenciam
1262 2689 1351 2765 dicti
1368 2687 1581 2796 Reginaldi,
1597 2705 1784 2795 quamum
1800 2689 1849 2766 ad
1859 2689 1934 2774 boc,

520 2820 795 2909 confirmando,
811 2819 1042 2897 taracionem
1062 2848 1307 2926 expensarum
1321 2847 1438 2925 penes
1452 2847 1492 2895 se
1504 2821 1747 2910 reservando;
1761 2848 1781 2895 a
1797 2819 1936 2926 quoju-

520 2950 643 3027 dicato
660 2951 749 3028 dicti
768 2951 908 3040 ballivi,
931 2951 969 3026 in
988 2967 1171 3057 quantum
1191 2969 1319 3028 contra
1340 2979 1380 3028 se
1398 2947 1576 3042 faciebat,
1591 2966 1769 3056 tanquam
1793 2947 1884 3028 falso
1903 2966 1935 3025 et

520 3110 648 3189 pravo,
678 3081 814 3159 iterum
836 3081 934 3158 diota
954 3082 1155 3158 Perconeta
1174 3083 1222 3157 ad
1246 3099 1410 3158 nostram
1431 3080 1572 3158 curiam
1598 3081 1825 3188 appellavit:
1850 3081 1935 3159 Visis

519 3212 634 3322 igitur
651 3213 886 3320 processibus
900 3212 1078 3318 predictis
1098 3231 1137 3290 et
1152 3213 1352 3320 diligenter
1366 3211 1595 3302 examinatis,
1616 3241 1685 3319 per
1698 3212 1804 3289 curie
1818 3228 1934 3289 nostre

513 3343 720 3450 judicium,
738 3344 881 3422 dictum
901 3341 972 3420 fuit
986 3343 1199 3450 predictum
1218 3343 1397 3422 ballivum
1413 3343 1729 3421 Matisconensem
1744 3341 1844 3420 bene
1856 3371 1933 3447 pro

518 3475 729 3564 nunciasse,
751 3493 789 3553 et
804 3475 940 3552 dictam
958 3475 1201 3553 Perronetam
1222 3474 1321 3550 male
1341 3473 1558 3580 appellasse,
1580 3490 1619 3551 et
1633 3474 1740 3582 quod
1754 3477 1933 3554 sentencia

519 3605 607 3683 dicti
628 3605 754 3684 ballivi
770 3606 1011 3684 mandabitur
1026 3607 1262 3694 execucioni,
1280 3621 1319 3682 et
1330 3606 1404 3683 hoc
1418 3606 1647 3685 emendabit.

574 3736 748 3812 Mercurii
768 3754 853 3843 post
868 3739 1048 3814 Sanctum
1064 3736 1288 3844 Georgium,
1308 3764 1408 3813 anno
1426 3737 1689 3816 trecentesimo
1703 3736 1913 3816 undecimo.

573 3865 678 3942 Creci
700 3867 910 3971 reportavit.

571 4131 645 4206 LX.
677 4129 759 4206 Lite
782 4146 882 4207 mota
908 4157 1031 4207 coram
1057 4133 1249 4238 preposito
1269 4133 1467 4211 Parisiensi
1492 4135 1532 4211 in
1558 4135 1721 4241 quadam
1740 4163 1847 4212 causa
1873 4162 1930 4239 ap-

513 4261 747 4365 pellacionis,
763 4261 810 4339 ad
829 4289 915 4338 eum
932 4263 1168 4368 interposite,
1187 4295 1208 4340 a
1226 4264 1384 4342 seculari
1405 4265 1507 4342 curia
1521 4265 1665 4345 abbatis
1682 4283 1721 4343 et
1734 4282 1928 4342 conventus

513 4392 822 4500 Sancti-Maglorii
838 4393 1072 4485 Parisiensis,
1091 4395 1190 4471 inter
1205 4397 1392 4472 Tbomam
1409 4396 1609 4505 Anglicum
1626 4397 1663 4474 le
1675 4396 1862 4476 Cuisinier
1873 4423 1928 4500 ap

511 4523 733 4628 pallantem,
748 4553 791 4601 ex
802 4541 906 4631 parte
919 4553 1009 4616 una,
1027 4542 1065 4601 et
1076 4543 1357 4632 procuratorem
1370 4526 1514 4606 abbatis
1526 4546 1565 4606 et
1575 4545 1783 4607 conventus
1792 4553 1929 4604 monas·

510 4655 593 4729 terii
604 4653 761 4760 predicti
777 4671 814 4731 et
826 4655 1044 4763 magistrum
1057 4654 1274 4734 Albericum
1288 4657 1337 4735 de
1347 4657 1504 4737 Verbria
1514 4659 1735 4767 appellatos,
1749 4657 1923 4746 exaltem,

510 4811 623 4886 super
637 4813 681 4861 eo
696 4785 800 4890 quod
820 4787 942 4864 dictus
957 4788 1125 4864 Thomas
1140 4786 1292 4893 petebat
1307 4788 1554 4879 sentenciam,
1571 4818 1640 4896 per
1654 4789 1796 4866 curiam
1813 4788 1924 4865 dicto

507 4942 593 4990 rum
614 4914 876 5020 religiosorum
892 4917 1005 4995 latam
1025 4935 1153 4996 contra
1168 4919 1310 5024 ipsum,
1333 4917 1533 5009 infirmari,
1554 4936 1798 5024 procuratore
1815 4917 1924 4995 dioto·

507 5073 592 5122 rum
605 5043 866 5153 religiosorum
882 5064 919 5124 et
935 5047 1035 5126 dicto
1048 5049 1226 5156 magistro
1240 5049 1416 5128 Alberico
1427 5051 1466 5127 in
1478 5050 1707 5128 contrarium
1721 5073 1923 5159 proponen-
