4450 6209
782 678 1053 825 snounrss
1077 698 1144 773 ss
1171 698 1375 773 rnocns.
1716 704 1790 779 sss
1832 680 1833 683 ‘

425 838 627 918 Dominicis
647 866 721 946 que
740 856 912 920 mutetur
926 870 936 917 r
948 839 1080 919 ludier
1095 865 1170 918 me.

421 969 599 1049 borellus
615 969 831 1077 reportavit.

420 1233 531 1309 LXX.
563 1230 704 1309 Bellivo
724 1232 1007 1323 Mutiaeonensi,
1027 1258 1130 1326 curm,
1150 1233 1200 1311 ed
1222 1235 1439 1313 instanciam
1461 1235 1588 1315 dilecti
1607 1255 1646 1315 et
1665 1238 1792 1317 fidelis

365 1363 484 1441 nostri
500 1362 666 1469 episcopi
681 1362 886 1451 Eduensis,
903 1364 1204 1443 mandaverimus
1218 1366 1356 1472 inquiri
1371 1385 1499 1446 utrum
1514 1368 1707 1475 expediret
1724 1399 1791 1447 no-

365 1493 479 1571 biset
496 1492 615 1598 patrie
635 1494 741 1599 quod
755 1493 843 1573 villa
861 1494 910 1572 de
926 1495 1141 1587 Montelou‚
1163 1504 1249 1575 c'um
1275 1497 1353 1574 suis
1367 1498 1609 1603 pertinenciis
1628 1518 1667 1578 et
1685 1501 1791 1579 habi-

364 1623 568 1711 tatoribus,
584 1650 663 1730 que
677 1625 857 1703 hactenus
867 1625 1062 1703 consuevit
1076 1653 1158 1704 esse
1174 1627 1221 1705 de
1237 1645 1400 1724 ressone
1415 1625 1670 1721 Keroli-Loci‚
1693 1650 1791 1710 esset

367 1755 416 1833 de
434 1771 600 1835 ressorto
618 1754 833 1833 castellsuie
848 1756 1226 1864 Sancti-Jsmprlphi,
1242 1774 1280 1851 et
1298 1776 1427 1837 utrum
1448 1760 1522 1839 hoc
1539 1761 1618 1839 sine
1638 1759 1792 1841 ulterius

363 1885 576 1994 prejudicio
596 1886 680 1965 lieri
695 1903 838 1993 posset,
856 1903 897 1965 et
907 1912 995 1977 nos,
1011 1887 1087 1965 visa
1104 1889 1278 1994 inquests
1293 1914 1408 1995 super
1421 1892 1495 1969 hoc
1510 1891 1622 1980 bete,
1639 1920 1791 1969 conces·
1822 1924 1825 1932 ’

363 2016 527 2095 serimus
538 2014 587 2093 de
598 2012 720 2125 'grecia
731 2015 883 2124 speciali
895 2018 1002 2125 quod
1013 2019 1112 2097 dieta
1123 2008 1207 2095 iillr
1221 2019 1269 2097 de
1284 2008 1496 2111 Mortuos,
1510 2022 1740 2127 pertineneie
1752 2042 1790 2101 et

364 2146 596 2225 habitatores
605 2148 777 2255 ejusdem
793 2146 899 2238 ville,
913 2147 988 2226 sint
1003 2149 1051 2227 de
1065 2165 1228 2227 ressorto
1244 2148 1590 2261 Sancti-lengulphi
1605 2153 1788 2259 quamdiu

363 2296 490 2355 nosue
504 2277 690 2384 placuerit
700 2279 901 2370 voluntati,
919 2280 1144 2374 mandemus
1154 2278 1261 2359 vobis
1275 2281 1453 2387 quatinus
1468 2283 1635 2387 predicte
1647 2282 1789 2363 faenus

364 2406 554 2487 observari
573 2408 735 2488 firmiter
745 2425 794 2487 -et
810 2409 951 2499 teneri,
973 2408 1095 2489 donec
1113 2436 1229 2517 super
1247 2410 1321 2488 hoc
1342 2408 1446 2489 eliud
1465 2438 1486 2489 r
1505 2412 1615 2489 nobis
1635 2438 1788 2517 recepe-

363 2537 447 2616 ritis
465 2538 505 2615 in
523 2539 719 2618 mendatis.

420 2668 492 2747 Die
512 2686 612 2749 sexte
631 2668 780 2777 Aprilis.

420 2932 546 3011 LXXL
576 2930 675 3010 Cum
696 2922 777 3011 orte
801 2950 900 3011 esset
921 2933 1109 3014 discordie
1130 2933 1229 3010 inter
1249 2932 1466 3039 episcopum
1484 2931 1786 3021 Noviomensem,

364 3088 410 3139 ex
422 3079 529 3169 perte
543 3091 636 3157 une,
653 3079 693 3141 et
703 3063 933 3156 Iohannem,
954 3061 1199 3141 camdenum
1214 3062 1373 3171 Nigelle,
1392 3060 1570 3153 militem,
1594 3090 1639 3139 ex
1656 3062 1786 3151 altera,

363 3221 479 3298 snper
501 3222 549 3295 ep
567 3193 674 3301 quod
699 3194 823 3271 dietus
841 3193 1065 3273 castellanus
1083 3193 1237 3300 petebat
1255 3194 1360 3300 quod
1380 3192 1492 3298 prisie
1520 3195 1569 3271 de
1597 3192 1789 3301 quadrigis

365 3340 403 3403 et
413 3323 524 3407 bonis
535 3326 630 3419 suis,
643 3354 712 3433 per
722 3323 867 3403 dictum
879 3326 1097 3431 episcopum
1109 3350 1176 3402 sen
1189 3340 1416 3432 gentessues
1428 3323 1577 3413 lacteis
1589 3324 1790 3401 villed‘En

365 3455 470 3547 chin,
485 3457 637 3535 racione
656 3456 817 3567 calceye,
838 3453 1029 3533 nubendo
1044 3470 1085 3532 et
1099 3452 1344 3561 impediendo
1364 3454 1412 3530 de
1431 3438 1529 3531 noro
1551 3454 1695 3532 dictum
1714 3480 1791 3531 ces·

363 3583 563 3675 telloneus,
591 3604 636 3664 ut
659 3584 827 3676 dicebat,
854 3586 894 3663 in
917 3612 984 3677 sus
1008 3584 1143 3663 saisina
1170 3583 1288 3662 libere
1312 3584 1531 3661 oenseundi
1553 3610 1623 3691 per
1645 3584 1788 3661 dictum

364 3713 516 3808 locum,
534 3714 607 3794 sibi
630 3716 753 3822 quitto
773 3733 813 3793 et
826 3715 947 3795 libere
959 3714 1224 3809 redderentur,
1248 3712 1425 3821 gentibus
1443 3711 1535 3791 dicti
1553 3714 1719 3819 episcopi
1734 3712 1792 3789 di-

364 3844 537 3935 centibus
550 3846 590 3927 in
603 3847 833 3923 conusrium
854 3846 998 3923 dictum
1017 3845 1235 3952 episcopum
1252 3860 1290 3921 et
1303 3843 1589 3951 predecessores
1605 3864 1694 3921 suos
1711 3868 1790 3921 esse

364 3974 533 4053 etfuisse
544 3977 695 4054 inbono
713 3977 863 4063 saisina,
878 3992 1198 4083 atentotempore
1211 3976 1259 4053 de
1273 4000 1350 4082 quo
1364 3975 1547 4053 memorie
1561 4002 1641 4051 non
1652 3974 1788 4063 existit,

365 4104 556 4212 cupiendi,
576 4107 724 4185 levandi
745 4125 783 4185 et
800 4105 1007 4214 reeipiendi
1034 4107 1173 4184 dictem
1201 4104 1387 4215 celceyem
1411 4104 1459 4183 ab
1483 4103 1663 4183 omnibus
1687 4121 1790 4179 tren·

365 4236 564 4316 serentibus
587 4266 656 4345 per
682 4238 828 4317 dictum
851 4238 997 4325 locum,
1022 4254 1103 4314 tem
1127 4235 1318 4313 nobilibus
1340 4260 1455 4343 quem
1480 4232 1731 4335 innobilibus,
1752 4252 1791 4311 et

365 4367 484 4445 eriam
499 4396 566 4450 eos
576 4370 802 4462 arrestrndi
816 4385 855 4446 et
870 4366 1121 4474 compellendi
1133 4365 1296 4445 rebelles
1308 4366 1479 4445 nolentes
1491 4364 1635 4443 solvere
1652 4363 1790 4439 dictem

366 4495 566 4607 csleeyenr:
587 4501 674 4580 Vise
692 4502 882 4607 inquom,
903 4524 1016 4605 super
1035 4499 1109 4577 boc
1129 4499 1177 4577 de
1197 4498 1375 4577 mandato
1394 4512 1524 4580 nostro
1543 4493 1654 4582 facts,
1677 4508 1716 4569 et
1735 4492 1792 4569 di-

337 4606 527 4739 ligenter
545 4631 768 4724 examinate,
789 4631 879 4739 quie
903 4630 1099 4708 inventum
1124 4644 1181 4707 est
1207 4627 1350 4706 dictum
1376 4622 1620 4707 cestellmum
1645 4650 1724 4701 esse
1751 4623 1790 4699 in

364 4757 468 4837 bons
480 4762 615 4841 saisina
628 4763 849 4843 morundi
861 4761 981 4841 libere
995 4756 1195 4869 quadriges
1209 4784 1295 4838 sues
1308 4784 1395 4836 cum
1412 4756 1524 4835 bonis
1538 4754 1618 4834 suis
1629 4782 1699 4861 per
1712 4752 1791 4831 dic»

365 4906 454 4968 tum
466 4890 595 4971 locum
611 4894 753 5003 ubsque
767 4893 963 4973 solucione
973 4891 1139 5000 celceye,
1155 4916 1224 4998 per
1237 4888 1342 4967 curie
1353 4902 1483 4967 nostre
1490 4886 1698 5001 judicium,
1714 4885 1792 4962 dic-

365 5037 450 5099 tum
469 5021 544 5101 luit
555 5025 767 5132 predictum
785 5023 1027 5107 castellanum
1047 5020 1188 5101 debere
1204 5046 1400 5101 remanere
1416 5018 1455 5096 in
1473 5044 1540 5099 sue
1556 5016 1693 5094 ssis'nre
1712 5042 1792 5120 pre

1612 5184 1662 5247 [ιι.

1697 922 1700 929 .
1830 876 1959 933 Pinum
1972 876 2015 943 lv,

1891 968 1954 1015 1³⁰8.
