4450 6209
522 736 594 811 rm
662 702 668 717 '
1098 736 1190 809 trs
1220 734 1362 809 omn.

292 891 422 943 omnm
435 886 478 951 1v,
514 880 735 986 justiciandi
755 896 790 958 et
809 878 1008 959 exercendi
1025 877 1287 957 omnimodam
1302 876 1415 957 ellam
1426 877 1618 985 justiniam
1631 879 1672 960 in
1685 880 1770 960 ville
1785 882 1833 961 de
1849 886 1947 965 Man·

353 980 415 1023 Μ
521 1030 693 1120 gecourt,
718 1012 757 1089 in
779 1010 969 1108 territorio
984 1011 1093 1089 ,dicte
1108 1009 1285 1118 ¹uilleffet
1307 1009 1346 1089 in
1371 1010 1604 1116 appendiciis
1629 1011 1818 1119 ejusdem,
1845 1016 1946 1096 disto

523 1144 643 1221 milite
664 1145 705 1224 in
722 1143 950 1221 contrarium
961 1149 1154 1221 asserente
1175 1142 1352 1221 saisinam
1371 1141 1559 1228 dioteelte
1571 1142 1723 1250 justicie
1741 1146 1789 1223 ed
1808 1174 1848 1225 se
1862 1174 1946 1254 per·

521 1276 659 1365 tinere,
686 1292 725 1352 et
741 1302 856 1381 super
880 1274 957 1351 hoe
978 1274 1100 1352 (lictus
1124 1273 1300 1363 ballivus,
1323 1272 1372 1350 de
1396 1300 1583 1356 consensu
1601 1276 1786 1382 parcium,
1807 1278 1945 1385 inquiri

520 1408 670 1485 lecisset
685 1408 898 1497 veritatem:
920 1406 1096 1513 inquesta
1109 1404 1224 1514 igitur
1240 1433 1355 1511 stipor
1369 1404 1460 1495 hoe,
1480 1404 1648 1510 partibus
1662 1409 1817 1497 vocetis,
1836 1409 1943 1501 facta,

520 1554 574 1627 et,
595 1539 642 1615 de
652 1538 830 1617 mandato
846 1554 995 1626 nostro,
1010 1538 1058 1643 nd
1073 1536 1215 1615 ruriam
1226 1552 1394 1615 nostram
1404 1554 1641 1643 asporntaee
1654 1538 1857 1646 diligenter
1870 1541 1945 1619 ins-

520 1687 644 1775 pecte,
656 1652 729 1776 ,per
745 1671 850 1747 curie
869 1686 995 1748 nostre
1010 1668 1198 1777 judicium
1220 1668 1365 1778 dictem
1385 1667 1648 1749 fuit-saisinam
1665 1670 1763 1753 dicte
1780 1671 1857 1749 alte
1865 1673 1945 1781 jus·

519 1801 606 1879 tieie
625 1802 673 1878 ed
691 1829 763 1880 nos
779 1819 816 1879 et
829 1830 908 1879 non
921 1802 978 1878 ad.
991 1800 1136 1877 dictum
1156 1798 1318 1880 militem
1337 1800 1544 1905 pertinere,
1565 1830 1607 1887 ee
1623 1802 1734 1882 nebis
1751 1830 1944 1883 remanere

522 1932 679 2027 debere,
699 1933 797 2011 selva
817 1962 936 2040 super.
947 1934 1026 2011 hoe
1043 1934 1144 2011 dicto
1159 1931 1277 2010 militi
1297 1933 1497 2039 questione
1515 1935 1765 2040 proprietatis.

575 2066 675 2143 lovis
694 2064 873 2173 predicta.

577 2198 628 2275 M.
645 2198 689 2273 H.
713 2197 760 2295 de
781 2185 1051 2275 Smcthnulo
1071 2197 1285 2302 reportavit.

558 2449 685 2537 XXX.
717 2462 813 2544 Cum
833 2460 971 2539 ballivo
997 2488 1119 2568 nuper
1139 2460 1456 2550 viromandensi-,z
1470 2460 1546 2538 sub·
1563 2478 1666 2541 certa
1689 2461 1828 2553 forma,
1853 2466 1944 2542 faeta

520 2591 651 2670 fuisset
670 2620 738 2698 per
762 2590 905 2669 litteras
931 2609 1076 2702 nostres
1096 2591 1315 2670 ¹commissio
1337 2620 1456 2697 snper.
1473 2591 1671 2703 debetokin
1695 2595 1799 2677 ouria
1819 2613 1944 2676 nostra

520 2725 711 2828 pendente
725 2724 823 2801 inter
836 2724 1039 2830 majorem,
1052 2724 1200 2830 juratos
1212 2741 1250 2802 et
1262 2724 1519 2801 communiam
1531 2724 1619 2803 ville
1633 2727 1682 2805 de
1695 2725 1886 2817 Condeto,
1901 2756 1943 2805 ex

520 2871 624 2959 parte
645 2882 736 2942 une,
760 2870 799 2931 et
817 2854 1067 2932 nondominos
1081 2854 1168 2933 ville
1189 2855 1237 2934 de
1253 2855 1352 2946 Seri,
1368 2884 1411 2932 ex
1425 2855 1557 2945 altera,
1579 2858 1845 2963 super-:saisina
1862 2886 1944 2963 pas·

518 2984 656 3090 turegii
677 2984 870 3093 enjusdam
891 2986 1055 3079 marisci,
1074 3003 1110 3063 et
1124 2986 1358 3093 quibusdam
1378 2987 1462 3063 eliis
1480 2988 1825 3069 articulisindieta
1840 3016 1943 3067 eom-

468 3140 473 3151 ·
520 3113 698 3191 missione
721 3116 925 3205 contentis,
945 3116 1118 3215 tandem,
1141 3118 1314 3224 inqueste
1338 3146 1454 3224 super
1472 3118 1546 3196 hoc
1563 3117 1660 3197 heta
1677 3119 1785 3228 ettad
1804 3120 1943 3197 curiam

518 3262 684 3323 nostram
693 3246 765 3353 pro
773 3246 981 3356 judicando
988 3266 1190 3356 reportate,
1203 3248 1392 3326 dietomm
1401 3249 1566 3357 majoris,
1573 3251 1787 3358 juratorum
1800 3266 1839 3328 et
1851 3278 1944 3328 eom

518 3378 648 3457 munio
663 3396 884 3485 procurator
892 3381 1078 3459 instanter
1088 3381 1203 3488 peciit
1217 3382 1353 3458 dietam
1370 3381 1584 3488 inquestem
1593 3380 1713 3459 rideri
1726 3399 1765 3459 et
1769 3380 1940 3489 judicari,

518 3508 727 3590 Guillelmo
746 3512 793 3589 de
810 3512 951 3605 Cruce,
969 3512 1126 3591 domino
1144 3542 1217 3620 pro
1235 3531 1356 3620 parte,
1378 3530 1422 3589 ut
1442 3513 1590 3600 dicitur,
1605 3512 1704 3595 dicte
1722 3512 1826 3605 ville,
1845 3541 1884 3591 se
1904 3514 1942 3589 in

519 3641 739 3748 hujusmodi
767 3660 980 3750 opponente
999 3661 1049 3719 ‘et'
1070 3643 1198 3748 plures
1223 3643 1391 3722 defectus
1414 3661 1543 3721 contre
1569 3644 1707 3727 dinam
1733 3646 1941 3751 inquestem

517 3788 772 3878 proponente,
792 3774 1006 3882 etlmaxime
1022 3772 1112 3879 qnia
1132 3773 1254 3851 dictus
1267 3775 1444 3864 ballivus,
1460 3774 1521 3853 eui
1534 3803 1649 3882 snper
1662 3776 1736 3853 hoo
1750 3775 1845 3854 lacta
1863 3775 1943 3853 lne-

518 3920 574 3978 rat
593 3902 825 3990 commissio,
843 3903 1001 3981 eandem
1022 3930 1100 3981 non
1117 3903 1272 3994 fecerat,
1287 3906 1611 3984 sedoommisemt
1623 3906 1698 3986 alio
1711 3905 1936 3995 laciendum,

519 4032 639 4138 quod,
660 4032 870 4111 secundnm
885 4032 1333 4115 lormameommissionis
1345 4063 1460 4144 super
1475 4038 1548 4115 hoc
1563 4037 1635 4115 sibi
1649 4036 1761 4126 lacto,
1779 4066 1857 4115 non
1876 4064 1940 4143 po

517 4163 591 4241 tuit
606 4161 742 4253 secere,
761 4163 984 4257 indicebat,
1007 4166 1147 4273 quibus
1164 4167 1318 4257 auditis,
1337 4168 1505 4275 precepit
1524 4169 1632 4247 curin⁴
1646 4167 1752 4276 quod
1771 4166 1869 4246 dicte
1885 4170 1941 4245 in-

518 4311 649 4400 questa
664 4293 864 4389 videretur,
889 4296 938 4374 ad
957 4298 1156 4376 sciendum
1170 4328 1239 4406 per
1258 4328 1340 4377 eam
1362 4327 1476 4406 super
1496 4299 1607 4377 dictis
1626 4298 1836 4378 defectibus
1854 4328 1938 4406 pro-

516 4422 649 4530 positis
668 4424 858 4504 veritatem
873 4459 881 4503 ε
895 4428 982 4507 Visa
1001 4429 1117 4536 igitur
1130 4429 1227 4508 dieta
1247 4432 1421 4538 inquestn
1435 4430 1484 4508 ed
1495 4428 1857 4541 linempredicgum,
1874 4456 1939 4535 per

516 4554 618 4631 curie'
631 4572 764 4657 postne
783 4556 982 4665 judicium
997 4560 1141 4637 dictum
1165 4558 1238 4637 fnit
1259 4559 1365 4667 quod
1385 4559 1483 4636 dicte
1502 4559 1691 4667 inquestn,
1708 4576 1862 4667 propter
1877 4557 1939 4635 de-

515 4683 641 4763 lectus·
655 4686 694 4767 in
716 4715 758 4765 ea
777 4706 966 4796 repertos,
988 4688 1190 4782 reficietur,
1207 4690 1330 4771 etliet
1348 4692 1482 4773 iterato
1500 4719 1614 4796 snper
1633 4690 1705 4769 hoc
1724 4689 1938 4769 commissio

514 4818 725 4894 secundum
746 4820 912 4924 priorem
932 4838 1119 4899 tenorem.

527 5005 530 5013 J
572 4947 672 5025 loris
691 4950 869 5055 predicta.
935 4956 938 4961 ’

569 5078 790 5187 Pasquerins
809 5082 1022 5197 reportavit.
