4450 6209
505 722 578 799 302
1090 718 1181 791 LES
1207 718 1347 791 OLIM.

277 879 406 931 rarum
419 876 462 939 tv,
503 863 708 972 quemdum
727 861 975 967 iiucranrper
988 881 1104 967 quum
1119 858 1393 939 mundabimur
1411 860 1484 937 hoc
1502 859 1604 946 fieri,
1617 859 1689 937 nisi
1705 876 1804 937 emet
1817 860 1920 940 aliud

336 968 400 1011 Μ’
503 993 728 1074 racionnhiie
741 993 846 1099 qnod
860 991 1045 1080 obstaret,
1062 1006 1194 1096 petens
1204 990 1268 1098 jue
1287 990 1360 1067 sibi
1375 988 1458 1067 fieri
1473 990 1512 1067 in
1530 990 1737 1095 procusum
1754 989 1824 1097 qui
1838 993 1918 1097 qui-

465 1152 470 1158 ·
503 1127 591 1204 dem
610 1123 905 1212 commissarius,
921 1146 991 1227 pro
1005 1147 1053 1198 eo
1070 1121 1176 1227 quod
1190 1120 1262 1199 sibi
1277 1120 1471 1199 oonsmbct
1483 1120 1588 1228 quod
1602 1122 1641 1199 in
1659 1120 1850 1225 premissis
1865 1122 1918 1199 in-

499 1270 710 1333 tervenerit
727 1277 920 1329 armorum
939 1248 1085 1327 delacio
1102 1266 1142 1327 et
1160 1250 1260 1357 pacis
1278 1249 1424 1339 fmctio,
1441 1250 1701 1357 pronunciarit
1714 1250 1858 1327 curiam
1872 1252 1917 1329 de

500 1386 610 1465 dictis
628 1381 850 1463 horninibus
872 1382 978 1459 dicto
996 1381 1154 1459 domino
1175 1380 1380 1487 Mircpiecis
1399 1408 1576 1459 noneste
1595 1380 1860 1459 remittendum
1879 1382 1915 1457 in

497 1517 569 1593 hoc
589 1541 695 1605 caru,
715 1540 736 1591 a
755 1512 1164 1620 quopronunciecione
1184 1529 1411 1618 procurator!
1425 1510 1521 1590 dioti-
1535 1510 1680 1590 domiui
1699 1512 1748 1589 ud
1766 1539 1837 1589 noe
1854 1540 1917 1619 cp
2081 1584 2084 1587 .

495 1644 774 1752 pellavitzVisie
785 1643 901 1749 igitur
909 1642 1145 1748 processibus
1155 1640 1364 1731 antedictis,
1376 1668 1446 1747 per
1458 1641 1561 1719 curie
1576 1658 1703 1719 nostre
1711 1641 1914 1748 judicium,

455 1876 461 1885 ι
497 1768 641 1857 dictum
664 1774 737 1851 fnit
753 1772 966 1880 predictum
992 1771 1293 1851 commissarium
1315 1772 1415 1851 bene
1433 1771 1698 1879 pronunciasse
1718 1788 1758 1848 et
1774 1771 1915 1849 dictum

498 1921 780 2011 procuratorem
800 1902 900 1979 male
918 1900 1146 2009 appellasse,
1168 1920 1206 1979 et
1225 1902 1498 2009 cruimeuper
1518 1902 1592 1981 hiis
1610 1900 1852 1979 nondobere
1871 1901 1915 1977 cd

499 2036 698 2114 dominum
718 2034 931 2142 predictum
949 2032 1109 2122 remitti,
1133 2050 1171 2110 et
1189 2034 1293 2139 quod
1312 2033 1435 2111 dictu
1452 2050 1675 2141 procumor
1695 2033 1767 2111 hoc
1790 2060 1915 2109 emen-

498 2166 616 2244 dabit.

552 2296 856 2401 Dominicapoet
874 2294 1100 2374 Cathedrem
1121 2295 1236 2371 suncti
1257 2294 1368 2372 Petri.
1529 2388 1534 2397 1

550 2429 659 2507 Creci
678 2429 891 2535 reportavit.
943 2457 946 2468 ·

551 2690 675 2769 XLIV.
706 2690 805 2767 Cum
829 2689 875 2765 lie
892 2705 996 2765 mou
1016 2686 1149 2763 suimet
1170 2688 1210 2763 in
1235 2714 1345 2765 cauce
1364 2684 1560 2794 cujusdem
1574 2702 1768 2763 :retractus
1790 2714 1912 2771 mmm

494 2822 687 2926 preposito
703 2818 805 2895 furni
821 2818 985 2924 episcopi
999 2815 1217 2895 Parisiensis
1232 2817 1330 2893 inter
1346 2818 1560 2924 megistum
1575 2816 1821 2907 Richardum,
1838 2817 1912 2894 dic-

494 2967 577 3026 tum
597 2947 770 3055 Lciguel,
793 2946 947 3024 nomine
966 2946 1109 3023 tutorio'
1129 2974 1198 3024 scu
1223 2948 1409 3025 curatorio
1432 2948 1642 3027 liberorum
1664 2947 1832 3027 defuncti
1850 2949 1911 3025 Jo-

494 3077 630 3156 hannis
644 3075 821 3163 Roussel,
839 3091 967 3151 contra
981 3074 1196 3153 Rolandum
1209 3076 1368 3181 Pougeri
1386 3093 1423 3152 et
1438 3077 1519 3183 ejus
1539 3105 1711 3167 uxorem,
1728 3078 1859 3155 libello
1873 3078 1910 3153 in

493 3208 574 3313 ipsa
588 3232 698 3284 causa
712 3204 816 3293 dnto,
829 3222 868 3283 et
880 3203 942 3280 dio
955 3204 1137 3310 assignate
1152 3205 1200 3282 ed
1216 3206 1456 3310 probandum
1467 3208 1638 3285 secundo
1653 3206 1744 3283 hinc
1753 3205 1907 3293 etinde,

495 3336 595 3413 dicto
619 3334 795 3412 retractui
813 3358 859 3415 'te
884 3335 1103 3441 opposuerit
1123 3334 1313 3411 ,lohannes
1339 3334 1387 3411 de
1408 3336 1519 3413 Burro
1534 3352 1577 3414 et
1596 3338 1677 3444 ejus
1695 3362 1801 3427 umor,
1819 3352 1912 3413 tcm-

492 3494 605 3572 quam
625 3466 887 3572 proximiores,
904 3480 949 3541 ut
967 3464 1159 3555 dicebant,
1181 3464 1459 3571 propterquod
1478 3465 1599 3543 dicum
1618 3458 1827 3572 processus,
1847 3494 1912 3570 per

492 3596 636 3674 dictum
654 3615 865 3674 curatorem
887 3596 1079 3700 inceptus,
1103 3594 1177 3671 fuit
1199 3596 1344 3701 positus
1363 3595 1402 3671 in
1421 3624 1619 3702 suspenso,
1640 3594 1910 3702 protestecione

490 3725 583 3801 facta
603 3722 804 3803 abeodem
825 3751 903 3830 quo
928 3750 1038 3829 supra
1057 3724 1228 3813 nomine,
1249 3725 1372 3831 quod,
1394 3726 1678 3833 §.contingeret
1699 3724 1820 3803 dictos
1844 3753 1911 3829 op·

491 3871 676 3958 ponentes
694 3854 945 3931 subcumbere
962 3852 1023 3929 vel
1042 3880 1190 3931 comem
1212 3853 1330 3960 ipsum
1345 3854 1552 3943 dimittere,
1572 3856 1676 3961 qnod
1695 3882 1909 3961 procesmm

491 4000 700 4060 resumeret
710 3982 959 4073 antedictum,
969 3984 1144 4076 tandem,
1159 3982 1268 4062 dictis
1280 3984 1450 4061 Johanne
1464 3985 1514 4061 de
1524 3986 1687 4062 Barraet
1701 3985 1783 4092 ejus
1795 4012 1909 4061 uxore

490 4139 639 4191 causam
653 4113 719 4221 huj
725 4113 873 4190 asmodi
887 4112 1050 4189 omnino
1059 4114 1357 4203 dimittentibus,
1373 4116 1494 4193 dictus
1510 4132 1659 4193 curator
1673 4142 1797 4193 coram
1808 4113 1909 4191 dieto
1934 4156 1936 4159 ·

488 4243 680 4351 preposito
695 4244 920 4350 comparuit,
937 4261 1068 4349 petens
1086 4259 1125 4322 et
1141 4238 1377 4353 supplicius,
1385 4246 1542 4323 nomine
1557 4273 1634 4352 quo
1648 4272 1777 4350 cupra,
1792 4273 1832 4321 ee
1847 4244 1910 4321 nd·

488 4376 588 4452 mitti
600 4376 650 4452 ad
662 4371 971 4483 prosequendum
984 4402 1200 4480 processum
1211 4377 1290 4483 jam
1306 4376 1505 4482 supenhoc
1517 4376 1737 4453 inchoatum
1752 4374 1798 4453 nh
1814 4374 1906 4481 ipno,

441 4606 445 4611 λ
487 4504 527 4580 in
543 4532 589 4582 eo
605 4521 703 4582 stetu
718 4505 758 4581 in
773 4532 850 4611 quo
866 4521 1128 4611 eruttcmporc
1142 4506 1395 4611 opposicionie
1410 4507 1615 4614 conjugum
1630 4506 1906 4613 predictormm

489 4633 597 4711 dictis
608 4635 778 4712 Rolando
789 4649 828 4711 et
838 4635 920 4741 ejus
930 4662 1047 4711 uxore
1059 4635 1288 4713 contrarium
1298 4635 1616 4742 proponentibue3
1634 4636 1789 4713 denium
1803 4634 1910 4711 nudi*

486 4763 536 4837 tie
554 4763 642 4839 hinc
667 4781 706 4841 et
727 4766 817 4840 inde
840 4765 1058 4870 propositis,
1085 4783 1123 4842 et
1142 4761 1240 4843 dicta
1261 4792 1368 4843 ceute
1387 4792 1510 4844 corum
1535 4762 1907 4843 bellivoParisienrir

489 4891 654 4998 episcopi
670 4890 861 4983 devoluta,
878 4894 959 5000 ipse
973 4891 1151 4983 ballivus,
1167 4896 1347 5001 inquirito
1360 4896 1410 4973 de
1426 4895 1632 5001 premissis,
1648 4894 1908 4999 pronunciavit

488 5021 592 5127 quod
609 5021 707 5098 dicte
722 5038 847 5129 partes
861 5022 1111 5129 procederent
1127 5025 1166 5101 in
1180 5050 1288 5104 causa
1302 5042 1484 5105 retractus
1496 5025 1679 5133 predicte,
1694 5026 1734 5103 in
1749 5052 1795 5103 eo
1808 5038 1904 5102 sum
