<?xml version="1.0" encoding="UTF-8"?>
<!DOCTYPE html PUBLIC "-//W3C//DTD XHTML 1.0 Transitional//EN"
    "http://www.w3.org/TR/xhtml1/DTD/xhtml1-transitional.dtd">
<html xmlns="http://www.w3.org/1999/xhtml" xml:lang="en" lang="en">
 <head>
  <title>
</title>
<meta http-equiv="Content-Type" content="text/html;charset=utf-8" />
  <meta name='ocr-system' content='tesseract 3.04.00' />
  <meta name='ocr-capabilities' content='ocr_page ocr_carea ocr_par ocr_line ocrx_word'/>
</head>
<body>
  <div class='ocr_page' id='page_1' title='image "./lesolimouregist00parigoog_0474.png"; bbox 0 0 4450 6209; ppageno 0'>
   <div class='ocr_carea' id='block_1_1' title="bbox 589 698 1763 819">
    <p class='ocr_par' dir='ltr' id='par_1_1' title="bbox 589 698 1763 819">
     <span class='ocr_line' id='line_1_1' title="bbox 589 698 1763 819; baseline 0.003 -26"><span class='ocrx_word' id='word_1_1' title='bbox 589 808 597 819; x_wconf 50' lang='grc'>,</span> <span class='ocrx_word' id='word_1_2' title='bbox 692 702 710 723; x_wconf 81' lang='grc'><strong>”</strong></span> <span class='ocrx_word' id='word_1_3' title='bbox 751 698 1346 807; x_wconf 74' lang='lat' dir='ltr'>nnoutrssnrrrrocr&#39;rs.</span> <span class='ocrx_word' id='word_1_4' title='bbox 1525 705 1527 708; x_wconf 81' lang='grc'><strong>’</strong></span> <span class='ocrx_word' id='word_1_5' title='bbox 1689 721 1763 797; x_wconf 82' lang='lat' dir='ltr'>srs</span> 
     </span>
    </p>
   </div>
   <div class='ocr_carea' id='block_1_2' title="bbox 331 860 1987 2027">
    <p class='ocr_par' dir='ltr' id='par_1_2' title="bbox 333 860 1987 1239">
     <span class='ocr_line' id='line_1_2' title="bbox 337 860 1987 974; baseline -0.002 -34"><span class='ocrx_word' id='word_1_6' title='bbox 337 891 416 940; x_wconf 89' lang='lat' dir='ltr'>rem</span> <span class='ocrx_word' id='word_1_7' title='bbox 443 878 481 939; x_wconf 90' lang='lat' dir='ltr'>et</span> <span class='ocrx_word' id='word_1_8' title='bbox 497 861 677 946; x_wconf 71' lang='lat' dir='ltr'>,scabinos</span> <span class='ocrx_word' id='word_1_9' title='bbox 701 861 920 968; x_wconf 90' lang='lat' dir='ltr'>hujusmodi</span> <span class='ocrx_word' id='word_1_10' title='bbox 941 877 1106 967; x_wconf 82' lang='lat' dir='ltr'>ceperat,</span> <span class='ocrx_word' id='word_1_11' title='bbox 1130 878 1168 938; x_wconf 88' lang='lat' dir='ltr'>et</span> <span class='ocrx_word' id='word_1_12' title='bbox 1188 878 1314 968; x_wconf 84' lang='lat' dir='ltr'>captos</span> <span class='ocrx_word' id='word_1_13' title='bbox 1333 861 1374 936; x_wconf 91' lang='lat' dir='ltr'>in</span> <span class='ocrx_word' id='word_1_14' title='bbox 1394 888 1461 937; x_wconf 92' lang='lat' dir='ltr'>sua</span> <span class='ocrx_word' id='word_1_15' title='bbox 1478 860 1644 966; x_wconf 84' lang='lat' dir='ltr'>prisione</span> <span class='ocrx_word' id='word_1_16' title='bbox 1669 864 1765 974; x_wconf 81' lang='lat' dir='ltr'>deti·</span> <span class='ocrx_word' id='word_1_17' title='bbox 1802 874 1987 937; x_wconf 72' lang='lat' dir='ltr'>Parrrmrv,</span> 
     </span>
     <span class='ocr_line' id='line_1_3' title="bbox 335 968 1926 1101; baseline 0.001 -30"><span class='ocrx_word' id='word_1_18' title='bbox 335 993 465 1086; x_wconf 89' lang='lat' dir='ltr'>nebat,</span> <span class='ocrx_word' id='word_1_19' title='bbox 488 1011 526 1070; x_wconf 91' lang='lat' dir='ltr'>ct</span> <span class='ocrx_word' id='word_1_20' title='bbox 549 993 656 1101; x_wconf 91' lang='lat' dir='ltr'>quod</span> <span class='ocrx_word' id='word_1_21' title='bbox 677 993 765 1071; x_wconf 91' lang='lat' dir='ltr'>dicti</span> <span class='ocrx_word' id='word_1_22' title='bbox 786 992 906 1100; x_wconf 89' lang='lat' dir='ltr'>major</span> <span class='ocrx_word' id='word_1_23' title='bbox 925 1010 965 1069; x_wconf 89' lang='lat' dir='ltr'>et</span> <span class='ocrx_word' id='word_1_24' title='bbox 984 992 1140 1085; x_wconf 85' lang='lat' dir='ltr'>scabini,</span> <span class='ocrx_word' id='word_1_25' title='bbox 1161 1010 1335 1100; x_wconf 84' lang='lat' dir='ltr'>pretextu</span> <span class='ocrx_word' id='word_1_26' title='bbox 1354 992 1453 1069; x_wconf 89' lang='lat' dir='ltr'>dicte</span> <span class='ocrx_word' id='word_1_27' title='bbox 1477 993 1760 1101; x_wconf 87' lang='lat' dir='ltr'>appellacionis,</span> <span class='ocrx_word' id='word_1_28' title='bbox 1816 1010 1827 1035; x_wconf 85' lang='lat'><strong><em>‘</em></strong></span> <span class='ocrx_word' id='word_1_29' title='bbox 1863 968 1926 1009; x_wconf 76' lang='lat' dir='ltr'>isos.</span> 
     </span>
     <span class='ocr_line' id='line_1_4' title="bbox 333 1124 1764 1239; baseline 0.002 -37"><span class='ocrx_word' id='word_1_30' title='bbox 333 1153 403 1233; x_wconf 88' lang='lat' dir='ltr'>per</span> <span class='ocrx_word' id='word_1_31' title='bbox 420 1127 657 1232; x_wconf 74' lang='lat' dir='ltr'><strong>prepositum</strong></span> <span class='ocrx_word' id='word_1_32' title='bbox 678 1142 851 1204; x_wconf 88' lang='lat' dir='ltr'>nostrum</span> <span class='ocrx_word' id='word_1_33' title='bbox 875 1124 1205 1232; x_wconf 82' lang='lat' dir='ltr'>Sancti-Riquerii,</span> <span class='ocrx_word' id='word_1_34' title='bbox 1228 1154 1294 1203; x_wconf 91' lang='lat' dir='ltr'>sua</span> <span class='ocrx_word' id='word_1_35' title='bbox 1314 1153 1382 1202; x_wconf 85' lang='lat' dir='ltr'>seu</span> <span class='ocrx_word' id='word_1_36' title='bbox 1394 1124 1521 1239; x_wconf 73' lang='lat' dir='ltr'>ballivj</span> <span class='ocrx_word' id='word_1_37' title='bbox 1537 1129 1654 1204; x_wconf 77' lang='lat' dir='ltr'>nostri</span> <span class='ocrx_word' id='word_1_38' title='bbox 1676 1130 1764 1205; x_wconf 84' lang='lat' dir='ltr'>Am-</span> 
     </span>
    </p>

    <p class='ocr_par' dir='ltr' id='par_1_3' title="bbox 332 1256 1764 1365">
     <span class='ocr_line' id='line_1_5' title="bbox 332 1256 1764 1365; baseline 0 -30"><span class='ocrx_word' id='word_1_39' title='bbox 332 1257 524 1336; x_wconf 91' lang='lat' dir='ltr'>bianensis</span> <span class='ocrx_word' id='word_1_40' title='bbox 533 1258 771 1348; x_wconf 88' lang='lat' dir='ltr'>auctoritate,</span> <span class='ocrx_word' id='word_1_41' title='bbox 787 1256 826 1333; x_wconf 89' lang='lat' dir='ltr'>in</span> <span class='ocrx_word' id='word_1_42' title='bbox 840 1256 938 1334; x_wconf 84' lang='lat' dir='ltr'>facto</span> <span class='ocrx_word' id='word_1_43' title='bbox 949 1256 1169 1365; x_wconf 89' lang='lat' dir='ltr'>hujusmodi</span> <span class='ocrx_word' id='word_1_44' title='bbox 1186 1257 1450 1364; x_wconf 83' lang='lat' dir='ltr'>procedentes,</span> <span class='ocrx_word' id='word_1_45' title='bbox 1470 1279 1764 1364; x_wconf 78' lang='lat' dir='ltr'>procuraverunt</span> 
     </span>
    </p>

    <p class='ocr_par' dir='ltr' id='par_1_4' title="bbox 333 1388 1763 1497">
     <span class='ocr_line' id='line_1_6' title="bbox 333 1388 1763 1497; baseline 0.002 -32"><span class='ocrx_word' id='word_1_46' title='bbox 333 1417 373 1465; x_wconf 91' lang='lat' dir='ltr'>se</span> <span class='ocrx_word' id='word_1_47' title='bbox 394 1390 521 1467; x_wconf 90' lang='lat' dir='ltr'>adicti</span> <span class='ocrx_word' id='word_1_48' title='bbox 542 1388 736 1468; x_wconf 80' lang='lat' dir='ltr'>senescalli</span> <span class='ocrx_word' id='word_1_49' title='bbox 751 1389 917 1497; x_wconf 80' lang='lat' dir='ltr'>prisione</span> <span class='ocrx_word' id='word_1_50' title='bbox 935 1389 1089 1477; x_wconf 79' lang='lat' dir='ltr'>extrahi,</span> <span class='ocrx_word' id='word_1_51' title='bbox 1109 1390 1203 1466; x_wconf 90' lang='lat' dir='ltr'>etin</span> <span class='ocrx_word' id='word_1_52' title='bbox 1223 1390 1379 1497; x_wconf 83' lang='lat' dir='ltr'>majoris</span> <span class='ocrx_word' id='word_1_53' title='bbox 1395 1405 1433 1467; x_wconf 87' lang='lat' dir='ltr'>et</span> <span class='ocrx_word' id='word_1_54' title='bbox 1450 1391 1665 1468; x_wconf 77' lang='lat' dir='ltr'>scabinatus</span> <span class='ocrx_word' id='word_1_55' title='bbox 1677 1420 1763 1497; x_wconf 88' lang='lat' dir='ltr'>pre-</span> 
     </span>
    </p>

    <p class='ocr_par' dir='ltr' id='par_1_5' title="bbox 333 1520 1761 1631">
     <span class='ocr_line' id='line_1_7' title="bbox 333 1520 1761 1631; baseline 0.001 -33"><span class='ocrx_word' id='word_1_56' title='bbox 333 1548 514 1629; x_wconf 90' lang='lat' dir='ltr'>suspensa</span> <span class='ocrx_word' id='word_1_57' title='bbox 529 1523 599 1599; x_wconf 83' lang='lat' dir='ltr'>sibi</span> <span class='ocrx_word' id='word_1_58' title='bbox 615 1520 944 1601; x_wconf 86' lang='lat' dir='ltr'>administratione</span> <span class='ocrx_word' id='word_1_59' title='bbox 962 1522 1113 1627; x_wconf 88' lang='lat' dir='ltr'>reponi,</span> <span class='ocrx_word' id='word_1_60' title='bbox 1133 1541 1172 1599; x_wconf 90' lang='lat' dir='ltr'>et</span> <span class='ocrx_word' id='word_1_61' title='bbox 1185 1523 1291 1629; x_wconf 89' lang='lat' dir='ltr'>quod</span> <span class='ocrx_word' id='word_1_62' title='bbox 1309 1522 1431 1599; x_wconf 90' lang='lat' dir='ltr'>dictus</span> <span class='ocrx_word' id='word_1_63' title='bbox 1445 1523 1671 1631; x_wconf 90' lang='lat' dir='ltr'>prepositus,</span> <span class='ocrx_word' id='word_1_64' title='bbox 1690 1525 1761 1600; x_wconf 92' lang='lat' dir='ltr'>hiis</span> 
     </span>
    </p>

    <p class='ocr_par' dir='ltr' id='par_1_6' title="bbox 331 1652 1878 1762">
     <span class='ocr_line' id='line_1_8' title="bbox 331 1652 1878 1762; baseline 0.001 -33"><span class='ocrx_word' id='word_1_65' title='bbox 331 1680 410 1729; x_wconf 90' lang='lat' dir='ltr'>non</span> <span class='ocrx_word' id='word_1_66' title='bbox 426 1671 641 1744; x_wconf 89' lang='lat' dir='ltr'>contentus,</span> <span class='ocrx_word' id='word_1_67' title='bbox 659 1654 869 1733; x_wconf 84' lang='lat' dir='ltr'>nonnullos</span> <span class='ocrx_word' id='word_1_68' title='bbox 889 1653 1006 1761; x_wconf 90' lang='lat' dir='ltr'>ipsius</span> <span class='ocrx_word' id='word_1_69' title='bbox 1025 1655 1217 1731; x_wconf 85' lang='lat' dir='ltr'>senescalli</span> <span class='ocrx_word' id='word_1_70' title='bbox 1238 1654 1427 1743; x_wconf 90' lang='lat' dir='ltr'>subditos,</span> <span class='ocrx_word' id='word_1_71' title='bbox 1450 1684 1620 1732; x_wconf 85' lang='lat' dir='ltr'>asserens</span> <span class='ocrx_word' id='word_1_72' title='bbox 1640 1657 1760 1762; x_wconf 87' lang='lat' dir='ltr'>quod,</span> <span class='ocrx_word' id='word_1_73' title='bbox 1875 1652 1878 1656; x_wconf 64' lang='grc'>’</span> 
     </span>
    </p>

    <p class='ocr_par' dir='ltr' id='par_1_7' title="bbox 331 1782 1762 1895">
     <span class='ocr_line' id='line_1_9' title="bbox 331 1782 1762 1895; baseline 0.004 -36"><span class='ocrx_word' id='word_1_74' title='bbox 331 1782 372 1859; x_wconf 92' lang='lat' dir='ltr'>in</span> <span class='ocrx_word' id='word_1_75' title='bbox 384 1784 648 1891; x_wconf 86' lang='lat' dir='ltr'>appellationis</span> <span class='ocrx_word' id='word_1_76' title='bbox 659 1786 828 1891; x_wconf 86' lang='lat' dir='ltr'>predicte</span> <span class='ocrx_word' id='word_1_77' title='bbox 842 1784 1093 1894; x_wconf 86' lang='lat' dir='ltr'>prejudicium</span> <span class='ocrx_word' id='word_1_78' title='bbox 1111 1802 1149 1862; x_wconf 89' lang='lat' dir='ltr'>et</span> <span class='ocrx_word' id='word_1_79' title='bbox 1162 1804 1289 1863; x_wconf 85' lang='lat' dir='ltr'>nostre</span> <span class='ocrx_word' id='word_1_80' title='bbox 1300 1786 1556 1893; x_wconf 87' lang='lat' dir='ltr'>juridictionis</span> <span class='ocrx_word' id='word_1_81' title='bbox 1570 1805 1762 1895; x_wconf 88' lang='lat' dir='ltr'>contemp-</span> 
     </span>
    </p>

    <p class='ocr_par' dir='ltr' id='par_1_8' title="bbox 331 1917 1759 2027">
     <span class='ocr_line' id='line_1_10' title="bbox 331 1917 1759 2027; baseline 0.004 -36"><span class='ocrx_word' id='word_1_82' title='bbox 331 1933 430 2009; x_wconf 89' lang='lat' dir='ltr'>tum,</span> <span class='ocrx_word' id='word_1_83' title='bbox 449 1917 570 1994; x_wconf 89' lang='lat' dir='ltr'>multa</span> <span class='ocrx_word' id='word_1_84' title='bbox 592 1918 872 2008; x_wconf 87' lang='lat' dir='ltr'>commiserant,</span> <span class='ocrx_word' id='word_1_85' title='bbox 893 1935 1063 2024; x_wconf 84' lang='lat' dir='ltr'>ceperat,</span> <span class='ocrx_word' id='word_1_86' title='bbox 1075 1934 1116 1995; x_wconf 87' lang='lat' dir='ltr'>et</span> <span class='ocrx_word' id='word_1_87' title='bbox 1136 1936 1264 2024; x_wconf 90' lang='lat' dir='ltr'>captos</span> <span class='ocrx_word' id='word_1_88' title='bbox 1282 1918 1476 1996; x_wconf 88' lang='lat' dir='ltr'>detinebat</span> <span class='ocrx_word' id='word_1_89' title='bbox 1494 1921 1622 1997; x_wconf 87' lang='lat' dir='ltr'>minus</span> <span class='ocrx_word' id='word_1_90' title='bbox 1636 1922 1759 2027; x_wconf 82' lang='lat' dir='ltr'>juste;</span> 
     </span>
    </p>
   </div>
   <div class='ocr_carea' id='block_1_3' title="bbox 309 2048 1762 2159">
    <p class='ocr_par' dir='ltr' id='par_1_9' title="bbox 309 2048 1762 2159">
     <span class='ocr_line' id='line_1_11' title="bbox 309 2048 1762 2159; baseline 0.005 -36"><span class='ocrx_word' id='word_1_91' title='bbox 309 2090 310 2093; x_wconf 34' lang='lat'>¹</span> <span class='ocrx_word' id='word_1_92' title='bbox 330 2078 462 2125; x_wconf 87' lang='lat' dir='ltr'>verum</span> <span class='ocrx_word' id='word_1_93' title='bbox 480 2050 688 2159; x_wconf 83' lang='lat' dir='ltr'>burgenses</span> <span class='ocrx_word' id='word_1_94' title='bbox 705 2049 860 2157; x_wconf 86' lang='lat' dir='ltr'>quidam</span> <span class='ocrx_word' id='word_1_95' title='bbox 884 2050 982 2129; x_wconf 87' lang='lat' dir='ltr'>dicte</span> <span class='ocrx_word' id='word_1_96' title='bbox 1001 2048 1087 2127; x_wconf 86' lang='lat' dir='ltr'>ville</span> <span class='ocrx_word' id='word_1_97' title='bbox 1108 2050 1147 2125; x_wconf 88' lang='lat' dir='ltr'>in</span> <span class='ocrx_word' id='word_1_98' title='bbox 1167 2050 1399 2128; x_wconf 89' lang='lat' dir='ltr'>contrarium</span> <span class='ocrx_word' id='word_1_99' title='bbox 1419 2070 1660 2129; x_wconf 87' lang='lat' dir='ltr'>asseruerunt</span> <span class='ocrx_word' id='word_1_100' title='bbox 1673 2082 1762 2159; x_wconf 89' lang='lat' dir='ltr'>pro-</span> 
     </span>
    </p>
   </div>
   <div class='ocr_carea' id='block_1_4' title="bbox 321 2179 1794 5041">
    <p class='ocr_par' dir='ltr' id='par_1_10' title="bbox 321 2179 1794 5041">
     <span class='ocr_line' id='line_1_12' title="bbox 329 2179 1760 2291; baseline 0.003 -34"><span class='ocrx_word' id='word_1_101' title='bbox 329 2181 449 2285; x_wconf 88' lang='lat' dir='ltr'>posita</span> <span class='ocrx_word' id='word_1_102' title='bbox 469 2210 536 2287; x_wconf 88' lang='lat' dir='ltr'>per</span> <span class='ocrx_word' id='word_1_103' title='bbox 558 2179 701 2259; x_wconf 90' lang='lat' dir='ltr'>dictum</span> <span class='ocrx_word' id='word_1_104' title='bbox 727 2182 974 2260; x_wconf 87' lang='lat' dir='ltr'>senescallum</span> <span class='ocrx_word' id='word_1_105' title='bbox 996 2182 1151 2259; x_wconf 86' lang='lat' dir='ltr'>veritate</span> <span class='ocrx_word' id='word_1_106' title='bbox 1177 2210 1319 2270; x_wconf 88' lang='lat' dir='ltr'>carere,</span> <span class='ocrx_word' id='word_1_107' title='bbox 1343 2202 1381 2260; x_wconf 90' lang='lat' dir='ltr'>et</span> <span class='ocrx_word' id='word_1_108' title='bbox 1399 2185 1507 2289; x_wconf 90' lang='lat' dir='ltr'>plura</span> <span class='ocrx_word' id='word_1_109' title='bbox 1526 2214 1594 2291; x_wconf 90' lang='lat' dir='ltr'>per</span> <span class='ocrx_word' id='word_1_110' title='bbox 1614 2185 1760 2261; x_wconf 91' lang='lat' dir='ltr'>dictum</span> 
     </span>
     <span class='ocr_line' id='line_1_13' title="bbox 330 2312 1761 2422; baseline 0.003 -35"><span class='ocrx_word' id='word_1_111' title='bbox 330 2312 577 2390; x_wconf 86' lang='lat' dir='ltr'>senescallum</span> <span class='ocrx_word' id='word_1_112' title='bbox 599 2330 640 2390; x_wconf 72' lang='lat' dir='ltr'>&lt;et</span> <span class='ocrx_word' id='word_1_113' title='bbox 661 2330 790 2422; x_wconf 85' lang='lat' dir='ltr'>gentes</span> <span class='ocrx_word' id='word_1_114' title='bbox 811 2344 913 2402; x_wconf 92' lang='lat' dir='ltr'>suas,</span> <span class='ocrx_word' id='word_1_115' title='bbox 937 2314 975 2389; x_wconf 88' lang='lat' dir='ltr'>in</span> <span class='ocrx_word' id='word_1_116' title='bbox 998 2325 1257 2420; x_wconf 87' lang='lat' dir='ltr'>contemptum</span> <span class='ocrx_word' id='word_1_117' title='bbox 1273 2314 1698 2420; x_wconf 67' lang='lat' dir='ltr'>jurisdictionis&#39;nostre</span> <span class='ocrx_word' id='word_1_118' title='bbox 1723 2334 1761 2391; x_wconf 90' lang='lat' dir='ltr'>et</span> 
     </span>
     <span class='ocr_line' id='line_1_14' title="bbox 330 2444 1759 2553; baseline 0.004 -36"><span class='ocrx_word' id='word_1_119' title='bbox 330 2444 582 2550; x_wconf 89' lang='lat' dir='ltr'>prejudicium</span> <span class='ocrx_word' id='word_1_120' title='bbox 599 2445 697 2521; x_wconf 91' lang='lat' dir='ltr'>dicte</span> <span class='ocrx_word' id='word_1_121' title='bbox 713 2444 991 2552; x_wconf 91' lang='lat' dir='ltr'>appellacionis,</span> <span class='ocrx_word' id='word_1_122' title='bbox 1008 2462 1228 2552; x_wconf 86' lang='lat' dir='ltr'>attemptata</span> <span class='ocrx_word' id='word_1_123' title='bbox 1244 2464 1282 2523; x_wconf 90' lang='lat' dir='ltr'>et</span> <span class='ocrx_word' id='word_1_124' title='bbox 1296 2448 1505 2553; x_wconf 85' lang='lat' dir='ltr'>gravamina</span> <span class='ocrx_word' id='word_1_125' title='bbox 1518 2446 1619 2523; x_wconf 89' lang='lat' dir='ltr'>illata</span> <span class='ocrx_word' id='word_1_126' title='bbox 1632 2476 1759 2553; x_wconf 83' lang='lat' dir='ltr'>quam-</span> 
     </span>
     <span class='ocr_line' id='line_1_15' title="bbox 328 2572 1758 2684; baseline 0.003 -35"><span class='ocrx_word' id='word_1_127' title='bbox 328 2572 506 2678; x_wconf 92' lang='lat' dir='ltr'>plurima,</span> <span class='ocrx_word' id='word_1_128' title='bbox 529 2604 570 2651; x_wconf 90' lang='lat' dir='ltr'>ac</span> <span class='ocrx_word' id='word_1_129' title='bbox 589 2576 690 2681; x_wconf 91' lang='lat' dir='ltr'>ipsos</span> <span class='ocrx_word' id='word_1_130' title='bbox 712 2576 895 2683; x_wconf 91' lang='lat' dir='ltr'>majorem</span> <span class='ocrx_word' id='word_1_131' title='bbox 917 2594 954 2654; x_wconf 89' lang='lat' dir='ltr'>et</span> <span class='ocrx_word' id='word_1_132' title='bbox 973 2577 1144 2654; x_wconf 86' lang='lat' dir='ltr'>scabinos</span> <span class='ocrx_word' id='word_1_133' title='bbox 1170 2592 1299 2683; x_wconf 89' lang='lat' dir='ltr'>gentes</span> <span class='ocrx_word' id='word_1_134' title='bbox 1324 2595 1485 2666; x_wconf 90' lang='lat' dir='ltr'>nostras,</span> <span class='ocrx_word' id='word_1_135' title='bbox 1510 2594 1548 2655; x_wconf 89' lang='lat' dir='ltr'>ct</span> <span class='ocrx_word' id='word_1_136' title='bbox 1565 2578 1758 2684; x_wconf 89' lang='lat' dir='ltr'>potissime</span> 
     </span>
     <span class='ocr_line' id='line_1_16' title="bbox 328 2705 1759 2816; baseline 0.005 -36"><span class='ocrx_word' id='word_1_137' title='bbox 328 2705 478 2782; x_wconf 89' lang='lat' dir='ltr'>Petrum</span> <span class='ocrx_word' id='word_1_138' title='bbox 502 2706 549 2783; x_wconf 90' lang='lat' dir='ltr'>de</span> <span class='ocrx_word' id='word_1_139' title='bbox 566 2708 789 2814; x_wconf 88' lang='lat' dir='ltr'>Oysemont‚</span> <span class='ocrx_word' id='word_1_140' title='bbox 811 2737 931 2784; x_wconf 92' lang='lat' dir='ltr'>unum</span> <span class='ocrx_word' id='word_1_141' title='bbox 947 2708 994 2785; x_wconf 91' lang='lat' dir='ltr'>de</span> <span class='ocrx_word' id='word_1_142' title='bbox 1011 2708 1259 2786; x_wconf 88' lang='lat' dir='ltr'>servientibus</span> <span class='ocrx_word' id='word_1_143' title='bbox 1280 2711 1433 2799; x_wconf 86' lang='lat' dir='ltr'>nostris,</span> <span class='ocrx_word' id='word_1_144' title='bbox 1451 2711 1613 2816; x_wconf 88' lang='lat' dir='ltr'>turpiter</span> <span class='ocrx_word' id='word_1_145' title='bbox 1625 2728 1759 2787; x_wconf 88' lang='lat' dir='ltr'>tracta-</span> 
     </span>
     <span class='ocr_line' id='line_1_17' title="bbox 327 2837 1755 2944; baseline 0.004 -32"><span class='ocrx_word' id='word_1_146' title='bbox 327 2853 407 2912; x_wconf 90' lang='lat' dir='ltr'>tum</span> <span class='ocrx_word' id='word_1_147' title='bbox 426 2853 463 2912; x_wconf 94' lang='lat' dir='ltr'>et</span> <span class='ocrx_word' id='word_1_148' title='bbox 484 2837 613 2914; x_wconf 86' lang='lat' dir='ltr'>multis</span> <span class='ocrx_word' id='word_1_149' title='bbox 633 2838 781 2944; x_wconf 89' lang='lat' dir='ltr'>injuriis</span> <span class='ocrx_word' id='word_1_150' title='bbox 799 2838 975 2913; x_wconf 85' lang='lat' dir='ltr'>affectum</span> <span class='ocrx_word' id='word_1_151' title='bbox 992 2838 1130 2928; x_wconf 68' lang='lat' dir='ltr'>fuisse,</span> <span class='ocrx_word' id='word_1_152' title='bbox 1149 2867 1263 2943; x_wconf 89' lang='lat' dir='ltr'>super</span> <span class='ocrx_word' id='word_1_153' title='bbox 1281 2840 1459 2943; x_wconf 90' lang='lat' dir='ltr'>predictis</span> <span class='ocrx_word' id='word_1_154' title='bbox 1478 2841 1755 2929; x_wconf 88' lang='lat' dir='ltr'>mandavimus,</span> 
     </span>
     <span class='ocr_line' id='line_1_18' title="bbox 327 2967 1758 3075; baseline 0.003 -32"><span class='ocrx_word' id='word_1_155' title='bbox 327 2967 536 3043; x_wconf 89' lang='lat' dir='ltr'>secundum</span> <span class='ocrx_word' id='word_1_156' title='bbox 558 2967 772 3045; x_wconf 82' lang='lat' dir='ltr'>articulosa</span> <span class='ocrx_word' id='word_1_157' title='bbox 791 2968 960 3075; x_wconf 88' lang='lat' dir='ltr'>partibus</span> <span class='ocrx_word' id='word_1_158' title='bbox 981 2967 1182 3073; x_wconf 90' lang='lat' dir='ltr'>superbiis</span> <span class='ocrx_word' id='word_1_159' title='bbox 1199 2968 1421 3058; x_wconf 89' lang='lat' dir='ltr'>tradendos,</span> <span class='ocrx_word' id='word_1_160' title='bbox 1438 2988 1514 3046; x_wconf 88' lang='lat' dir='ltr'>tarn</span> <span class='ocrx_word' id='word_1_161' title='bbox 1543 2971 1591 3046; x_wconf 91' lang='lat' dir='ltr'>de</span> <span class='ocrx_word' id='word_1_162' title='bbox 1614 2974 1758 3049; x_wconf 90' lang='lat' dir='ltr'>meritis</span> 
     </span>
     <span class='ocr_line' id='line_1_19' title="bbox 328 3097 1756 3208; baseline 0.004 -35"><span class='ocrx_word' id='word_1_163' title='bbox 328 3097 722 3205; x_wconf 88' lang='lat' dir='ltr'>dicteappellacionis,</span> <span class='ocrx_word' id='word_1_164' title='bbox 736 3116 867 3174; x_wconf 88' lang='lat' dir='ltr'>utrum</span> <span class='ocrx_word' id='word_1_165' title='bbox 876 3127 945 3205; x_wconf 89' lang='lat' dir='ltr'>per</span> <span class='ocrx_word' id='word_1_166' title='bbox 956 3097 1098 3175; x_wconf 91' lang='lat' dir='ltr'>curiam</span> <span class='ocrx_word' id='word_1_167' title='bbox 1116 3116 1282 3178; x_wconf 86' lang='lat' dir='ltr'>nostram</span> <span class='ocrx_word' id='word_1_168' title='bbox 1300 3100 1449 3176; x_wconf 90' lang='lat' dir='ltr'>admitti</span> <span class='ocrx_word' id='word_1_169' title='bbox 1469 3100 1619 3189; x_wconf 91' lang='lat' dir='ltr'>debeat,</span> <span class='ocrx_word' id='word_1_170' title='bbox 1643 3132 1756 3208; x_wconf 92' lang='lat' dir='ltr'>quam</span> 
     </span>
     <span class='ocr_line' id='line_1_20' title="bbox 327 3227 1756 3337; baseline 0.003 -34"><span class='ocrx_word' id='word_1_171' title='bbox 327 3256 441 3334; x_wconf 88' lang='lat' dir='ltr'>super</span> <span class='ocrx_word' id='word_1_172' title='bbox 453 3228 617 3335; x_wconf 87' lang='lat' dir='ltr'>injuriis,</span> <span class='ocrx_word' id='word_1_173' title='bbox 627 3227 820 3305; x_wconf 82' lang='lat' dir='ltr'>violenciis</span> <span class='ocrx_word' id='word_1_174' title='bbox 836 3247 873 3305; x_wconf 89' lang='lat' dir='ltr'>et</span> <span class='ocrx_word' id='word_1_175' title='bbox 883 3229 1061 3307; x_wconf 87' lang='lat' dir='ltr'>rescussis</span> <span class='ocrx_word' id='word_1_176' title='bbox 1076 3228 1270 3335; x_wconf 85' lang='lat' dir='ltr'>predictis,</span> <span class='ocrx_word' id='word_1_177' title='bbox 1284 3230 1485 3337; x_wconf 82' lang='lat' dir='ltr'>diligenter</span> <span class='ocrx_word' id='word_1_178' title='bbox 1496 3230 1637 3336; x_wconf 88' lang='lat' dir='ltr'>inquiri</span> <span class='ocrx_word' id='word_1_179' title='bbox 1651 3234 1756 3309; x_wconf 89' lang='lat' dir='ltr'>:Visa</span> 
     </span>
     <span class='ocr_line' id='line_1_21' title="bbox 326 3358 1757 3468; baseline 0.003 -35"><span class='ocrx_word' id='word_1_180' title='bbox 326 3358 442 3465; x_wconf 86' lang='lat' dir='ltr'>igitur</span> <span class='ocrx_word' id='word_1_181' title='bbox 460 3360 632 3466; x_wconf 83' lang='lat' dir='ltr'>inquesta</span> <span class='ocrx_word' id='word_1_182' title='bbox 648 3382 763 3465; x_wconf 91' lang='lat' dir='ltr'>super</span> <span class='ocrx_word' id='word_1_183' title='bbox 782 3360 857 3437; x_wconf 91' lang='lat' dir='ltr'>hoc</span> <span class='ocrx_word' id='word_1_184' title='bbox 875 3358 922 3436; x_wconf 92' lang='lat' dir='ltr'>de</span> <span class='ocrx_word' id='word_1_185' title='bbox 941 3361 1119 3437; x_wconf 88' lang='lat' dir='ltr'>mandato</span> <span class='ocrx_word' id='word_1_186' title='bbox 1140 3377 1270 3438; x_wconf 88' lang='lat' dir='ltr'>nostro</span> <span class='ocrx_word' id='word_1_187' title='bbox 1289 3359 1383 3436; x_wconf 86' lang='lat' dir='ltr'>lacta</span> <span class='ocrx_word' id='word_1_188' title='bbox 1399 3378 1436 3437; x_wconf 92' lang='lat' dir='ltr'>et</span> <span class='ocrx_word' id='word_1_189' title='bbox 1453 3361 1653 3468; x_wconf 88' lang='lat' dir='ltr'>diligenter</span> <span class='ocrx_word' id='word_1_190' title='bbox 1673 3392 1757 3438; x_wconf 84' lang='lat' dir='ltr'>exa-</span> 
     </span>
     <span class='ocr_line' id='line_1_22' title="bbox 326 3489 1756 3598; baseline 0.003 -33"><span class='ocrx_word' id='word_1_191' title='bbox 326 3490 481 3581; x_wconf 81' lang='lat' dir='ltr'>minata,</span> <span class='ocrx_word' id='word_1_192' title='bbox 497 3520 565 3597; x_wconf 87' lang='lat' dir='ltr'>per</span> <span class='ocrx_word' id='word_1_193' title='bbox 581 3490 685 3568; x_wconf 87' lang='lat' dir='ltr'>curie</span> <span class='ocrx_word' id='word_1_194' title='bbox 698 3508 824 3568; x_wconf 86' lang='lat' dir='ltr'>nostre</span> <span class='ocrx_word' id='word_1_195' title='bbox 840 3489 1040 3598; x_wconf 87' lang='lat' dir='ltr'>judicium,</span> <span class='ocrx_word' id='word_1_196' title='bbox 1064 3489 1209 3569; x_wconf 88' lang='lat' dir='ltr'>dictum</span> <span class='ocrx_word' id='word_1_197' title='bbox 1227 3491 1299 3569; x_wconf 86' lang='lat' dir='ltr'>luit</span> <span class='ocrx_word' id='word_1_198' title='bbox 1314 3508 1353 3568; x_wconf 91' lang='lat' dir='ltr'>et</span> <span class='ocrx_word' id='word_1_199' title='bbox 1371 3492 1661 3597; x_wconf 89' lang='lat' dir='ltr'>pronunciatum</span> <span class='ocrx_word' id='word_1_200' title='bbox 1678 3492 1756 3569; x_wconf 93' lang='lat' dir='ltr'>dic-</span> 
     </span>
     <span class='ocr_line' id='line_1_23' title="bbox 324 3620 1757 3733; baseline 0.001 -34"><span class='ocrx_word' id='word_1_201' title='bbox 324 3639 402 3699; x_wconf 81' lang='lat' dir='ltr'>tam</span> <span class='ocrx_word' id='word_1_202' title='bbox 428 3624 724 3733; x_wconf 87' lang='lat' dir='ltr'>appellacioncm</span> <span class='ocrx_word' id='word_1_203' title='bbox 750 3650 827 3701; x_wconf 89' lang='lat' dir='ltr'>non</span> <span class='ocrx_word' id='word_1_204' title='bbox 854 3650 934 3700; x_wconf 89' lang='lat' dir='ltr'>esse</span> <span class='ocrx_word' id='word_1_205' title='bbox 959 3620 1252 3712; x_wconf 86' lang='lat' dir='ltr'>admittendam,</span> <span class='ocrx_word' id='word_1_206' title='bbox 1276 3640 1313 3699; x_wconf 89' lang='lat' dir='ltr'>et</span> <span class='ocrx_word' id='word_1_207' title='bbox 1337 3624 1441 3729; x_wconf 90' lang='lat' dir='ltr'>quod</span> <span class='ocrx_word' id='word_1_208' title='bbox 1469 3622 1559 3700; x_wconf 89' lang='lat' dir='ltr'>dicti</span> <span class='ocrx_word' id='word_1_209' title='bbox 1579 3625 1700 3730; x_wconf 81' lang='lat' dir='ltr'>major</span> <span class='ocrx_word' id='word_1_210' title='bbox 1720 3643 1757 3701; x_wconf 91' lang='lat' dir='ltr'>et</span> 
     </span>
     <span class='ocr_line' id='line_1_24' title="bbox 325 3754 1752 3863; baseline 0 -32"><span class='ocrx_word' id='word_1_211' title='bbox 325 3754 462 3831; x_wconf 87' lang='lat' dir='ltr'>scabini</span> <span class='ocrx_word' id='word_1_212' title='bbox 474 3755 523 3831; x_wconf 93' lang='lat' dir='ltr'>ad</span> <span class='ocrx_word' id='word_1_213' title='bbox 535 3756 662 3833; x_wconf 83' lang='lat' dir='ltr'>locum</span> <span class='ocrx_word' id='word_1_214' title='bbox 674 3755 887 3863; x_wconf 88' lang='lat' dir='ltr'>predictum</span> <span class='ocrx_word' id='word_1_215' title='bbox 900 3755 1142 3833; x_wconf 85' lang='lat' dir='ltr'>remittentur</span> <span class='ocrx_word' id='word_1_216' title='bbox 1156 3755 1196 3831; x_wconf 90' lang='lat' dir='ltr'>in</span> <span class='ocrx_word' id='word_1_217' title='bbox 1209 3754 1277 3833; x_wconf 91' lang='lat' dir='ltr'>illo</span> <span class='ocrx_word' id='word_1_218' title='bbox 1291 3772 1387 3832; x_wconf 87' lang='lat' dir='ltr'>statu</span> <span class='ocrx_word' id='word_1_219' title='bbox 1405 3756 1445 3831; x_wconf 92' lang='lat' dir='ltr'>in</span> <span class='ocrx_word' id='word_1_220' title='bbox 1458 3784 1535 3862; x_wconf 92' lang='lat' dir='ltr'>quo</span> <span class='ocrx_word' id='word_1_221' title='bbox 1546 3755 1617 3861; x_wconf 92' lang='lat' dir='ltr'>ipsi</span> <span class='ocrx_word' id='word_1_222' title='bbox 1632 3774 1752 3844; x_wconf 90' lang='lat' dir='ltr'>erant,</span> 
     </span>
     <span class='ocr_line' id='line_1_25' title="bbox 323 3888 1755 3996; baseline 0.003 -35"><span class='ocrx_word' id='word_1_223' title='bbox 323 3902 495 3993; x_wconf 89' lang='lat' dir='ltr'>tempore</span> <span class='ocrx_word' id='word_1_224' title='bbox 511 3888 609 3966; x_wconf 89' lang='lat' dir='ltr'>dicte</span> <span class='ocrx_word' id='word_1_225' title='bbox 630 3888 894 3996; x_wconf 89' lang='lat' dir='ltr'>appellacionis</span> <span class='ocrx_word' id='word_1_226' title='bbox 908 3889 1065 3979; x_wconf 75' lang='lat' dir='ltr'>emisse3</span> <span class='ocrx_word' id='word_1_227' title='bbox 1088 3906 1142 3979; x_wconf 89' lang='lat' dir='ltr'>et,</span> <span class='ocrx_word' id='word_1_228' title='bbox 1162 3890 1249 3996; x_wconf 90' lang='lat' dir='ltr'>quia</span> <span class='ocrx_word' id='word_1_229' title='bbox 1269 3907 1428 3979; x_wconf 87' lang='lat' dir='ltr'>constat,</span> <span class='ocrx_word' id='word_1_230' title='bbox 1449 3919 1519 3996; x_wconf 91' lang='lat' dir='ltr'>per</span> <span class='ocrx_word' id='word_1_231' title='bbox 1539 3890 1675 3967; x_wconf 88' lang='lat' dir='ltr'>dictam</span> <span class='ocrx_word' id='word_1_232' title='bbox 1698 3891 1755 3965; x_wconf 90' lang='lat' dir='ltr'>in-</span> 
     </span>
     <span class='ocr_line' id='line_1_26' title="bbox 324 4020 1754 4129; baseline 0.001 -34"><span class='ocrx_word' id='word_1_233' title='bbox 324 4036 505 4124; x_wconf 88' lang='lat' dir='ltr'>questam,</span> <span class='ocrx_word' id='word_1_234' title='bbox 527 4020 741 4127; x_wconf 89' lang='lat' dir='ltr'>predictum</span> <span class='ocrx_word' id='word_1_235' title='bbox 761 4020 1007 4099; x_wconf 86' lang='lat' dir='ltr'>senescallum</span> <span class='ocrx_word' id='word_1_236' title='bbox 1023 4037 1062 4097; x_wconf 88' lang='lat' dir='ltr'>et</span> <span class='ocrx_word' id='word_1_237' title='bbox 1080 4038 1210 4127; x_wconf 89' lang='lat' dir='ltr'>gentes</span> <span class='ocrx_word' id='word_1_238' title='bbox 1226 4050 1311 4129; x_wconf 86' lang='lat' dir='ltr'>suas</span> <span class='ocrx_word' id='word_1_239' title='bbox 1326 4021 1454 4128; x_wconf 83' lang='lat' dir='ltr'>plures</span> <span class='ocrx_word' id='word_1_240' title='bbox 1473 4020 1754 4098; x_wconf 88' lang='lat' dir='ltr'>inobediencias</span> 
     </span>
     <span class='ocr_line' id='line_1_27' title="bbox 324 4151 1752 4259; baseline 0.002 -33"><span class='ocrx_word' id='word_1_241' title='bbox 324 4151 555 4229; x_wconf 82' lang='lat' dir='ltr'>comarisisse</span> <span class='ocrx_word' id='word_1_242' title='bbox 571 4168 699 4229; x_wconf 86' lang='lat' dir='ltr'>contra</span> <span class='ocrx_word' id='word_1_243' title='bbox 712 4168 843 4259; x_wconf 90' lang='lat' dir='ltr'>gentes</span> <span class='ocrx_word' id='word_1_244' title='bbox 863 4169 1025 4244; x_wconf 84' lang='lat' dir='ltr'>nostras,</span> <span class='ocrx_word' id='word_1_245' title='bbox 1039 4153 1410 4259; x_wconf 86' lang='lat' dir='ltr'>etspecialiterdicto</span> <span class='ocrx_word' id='word_1_246' title='bbox 1429 4152 1604 4229; x_wconf 85' lang='lat' dir='ltr'>servienti</span> <span class='ocrx_word' id='word_1_247' title='bbox 1623 4170 1752 4229; x_wconf 83' lang='lat' dir='ltr'>nostro</span> 
     </span>
     <span class='ocr_line' id='line_1_28' title="bbox 321 4276 1794 4389; baseline 0 -30"><span class='ocrx_word' id='word_1_248' title='bbox 321 4307 390 4386; x_wconf 80' lang='lat' dir='ltr'>per</span> <span class='ocrx_word' id='word_1_249' title='bbox 415 4282 557 4362; x_wconf 86' lang='lat' dir='ltr'>litteras</span> <span class='ocrx_word' id='word_1_250' title='bbox 577 4282 703 4361; x_wconf 87' lang='lat' dir='ltr'>ballivi</span> <span class='ocrx_word' id='word_1_251' title='bbox 724 4285 844 4362; x_wconf 83' lang='lat' dir='ltr'>nostri</span> <span class='ocrx_word' id='word_1_252' title='bbox 864 4281 1126 4361; x_wconf 85' lang='lat' dir='ltr'>Ambianeusis</span> <span class='ocrx_word' id='word_1_253' title='bbox 1145 4282 1287 4360; x_wconf 89' lang='lat' dir='ltr'>ibidem</span> <span class='ocrx_word' id='word_1_254' title='bbox 1308 4284 1480 4360; x_wconf 83' lang='lat' dir='ltr'>instituto</span> <span class='ocrx_word' id='word_1_255' title='bbox 1499 4284 1630 4389; x_wconf 90' lang='lat' dir='ltr'>plures</span> <span class='ocrx_word' id='word_1_256' title='bbox 1654 4284 1750 4387; x_wconf 90' lang='lat' dir='ltr'>inju-</span> <span class='ocrx_word' id='word_1_257' title='bbox 1788 4276 1794 4284; x_wconf 58' lang='grc'>’</span> 
     </span>
     <span class='ocr_line' id='line_1_29' title="bbox 322 4410 1752 4523; baseline -0.001 -34"><span class='ocrx_word' id='word_1_258' title='bbox 322 4413 394 4490; x_wconf 91' lang='lat' dir='ltr'>rias</span> <span class='ocrx_word' id='word_1_259' title='bbox 407 4413 594 4504; x_wconf 85' lang='lat' dir='ltr'>intulisse,</span> <span class='ocrx_word' id='word_1_260' title='bbox 608 4441 678 4522; x_wconf 91' lang='lat' dir='ltr'>per</span> <span class='ocrx_word' id='word_1_261' title='bbox 688 4414 791 4492; x_wconf 85' lang='lat' dir='ltr'>idem</span> <span class='ocrx_word' id='word_1_262' title='bbox 800 4414 991 4523; x_wconf 91' lang='lat' dir='ltr'>judicium</span> <span class='ocrx_word' id='word_1_263' title='bbox 1008 4413 1130 4491; x_wconf 90' lang='lat' dir='ltr'>dictus</span> <span class='ocrx_word' id='word_1_264' title='bbox 1142 4412 1369 4489; x_wconf 89' lang='lat' dir='ltr'>senescallus</span> <span class='ocrx_word' id='word_1_265' title='bbox 1382 4410 1453 4490; x_wconf 84' lang='lat' dir='ltr'>fuit</span> <span class='ocrx_word' id='word_1_266' title='bbox 1468 4413 1579 4493; x_wconf 91' lang='lat' dir='ltr'>nobis</span> <span class='ocrx_word' id='word_1_267' title='bbox 1591 4414 1630 4487; x_wconf 90' lang='lat' dir='ltr'>in</span> <span class='ocrx_word' id='word_1_268' title='bbox 1644 4411 1752 4489; x_wconf 88' lang='lat' dir='ltr'>mille</span> 
     </span>
     <span class='ocr_line' id='line_1_30' title="bbox 321 4533 1750 4651; baseline 0.002 -34"><span class='ocrx_word' id='word_1_269' title='bbox 321 4541 428 4620; x_wconf 89' lang='lat' dir='ltr'>libris</span> <span class='ocrx_word' id='word_1_270' title='bbox 446 4571 647 4650; x_wconf 78' lang='lat' dir='ltr'>parvorum</span> <span class='ocrx_word' id='word_1_271' title='bbox 667 4545 950 4624; x_wconf 86' lang='lat' dir='ltr'>Turonensium</span> <span class='ocrx_word' id='word_1_272' title='bbox 965 4543 1280 4651; x_wconf 89' lang='lat' dir='ltr'>condempnatus,</span> <span class='ocrx_word' id='word_1_273' title='bbox 1301 4572 1371 4649; x_wconf 91' lang='lat' dir='ltr'>pro</span> <span class='ocrx_word' id='word_1_274' title='bbox 1391 4543 1568 4630; x_wconf 89' lang='lat' dir='ltr'>emenda,</span> <span class='ocrx_word' id='word_1_275' title='bbox 1591 4560 1630 4619; x_wconf 89' lang='lat' dir='ltr'>et</span> <span class='ocrx_word' id='word_1_276' title='bbox 1650 4533 1750 4620; x_wconf 90' lang='lat' dir='ltr'>dicto</span> 
     </span>
     <span class='ocr_line' id='line_1_31' title="bbox 321 4670 1749 4784; baseline 0.002 -36"><span class='ocrx_word' id='word_1_277' title='bbox 321 4672 513 4763; x_wconf 64' lang='lat' dir='ltr'>servienti,</span> <span class='ocrx_word' id='word_1_278' title='bbox 535 4675 574 4752; x_wconf 89' lang='lat' dir='ltr'>iu</span> <span class='ocrx_word' id='word_1_279' title='bbox 598 4674 727 4784; x_wconf 86' lang='lat' dir='ltr'>viginti</span> <span class='ocrx_word' id='word_1_280' title='bbox 753 4674 861 4755; x_wconf 89' lang='lat' dir='ltr'>libris</span> <span class='ocrx_word' id='word_1_281' title='bbox 889 4670 1058 4784; x_wconf 88' lang='lat' dir='ltr'>ejusdem</span> <span class='ocrx_word' id='word_1_282' title='bbox 1080 4690 1250 4765; x_wconf 88' lang='lat' dir='ltr'>monete,</span> <span class='ocrx_word' id='word_1_283' title='bbox 1271 4700 1341 4781; x_wconf 90' lang='lat' dir='ltr'>pro</span> <span class='ocrx_word' id='word_1_284' title='bbox 1362 4673 1512 4781; x_wconf 89' lang='lat' dir='ltr'>injuriis</span> <span class='ocrx_word' id='word_1_285' title='bbox 1530 4674 1600 4750; x_wconf 89' lang='lat' dir='ltr'>sibi</span> <span class='ocrx_word' id='word_1_286' title='bbox 1625 4672 1749 4751; x_wconf 90' lang='lat' dir='ltr'>illatis.</span> 
     </span>
     <span class='ocr_line' id='line_1_32' title="bbox 377 4802 725 4911; baseline 0.006 -31"><span class='ocrx_word' id='word_1_287' title='bbox 377 4802 530 4881; x_wconf 83' lang='lat' dir='ltr'>Sabbsti</span> <span class='ocrx_word' id='word_1_288' title='bbox 547 4806 725 4911; x_wconf 86' lang='lat' dir='ltr'>predicta.</span> 
     </span>
     <span class='ocr_line' id='line_1_33' title="bbox 376 4934 708 5041; baseline 0.006 -31"><span class='ocrx_word' id='word_1_289' title='bbox 376 4934 480 5041; x_wconf 82' lang='lat' dir='ltr'>Reya</span> <span class='ocrx_word' id='word_1_290' title='bbox 496 4936 708 5041; x_wconf 73' lang='lat' dir='ltr'>reportavit.</span> 
     </span>
    </p>
   </div>
   <div class='ocr_carea' id='block_1_5' title="bbox 0 0 2230 6209">
    <p class='ocr_par' dir='ltr' id='par_1_11' title="bbox 0 0 2230 6209">
     <span class='ocr_line' id='line_1_34' title="bbox 0 0 2230 6209; baseline 0 8"><span class='ocrx_word' id='word_1_291' title='bbox 0 0 2230 6209; x_wconf 95' lang='lat' dir='ltr'> </span> 
     </span>
    </p>
   </div>
  </div>
 </body>
</html>
