4450 6209
514 721 588 793 202
1093 715 1186 790 Les
1215 713 1357 791 otttt.

288 872 477 937 mamete.
514 889 564 938 ne
590 885 677 938 cum
697 858 881 948 lieberto,
904 857 1062 936 domino
1081 857 1133 935 de
1154 856 1383 966 Cretequss¹
1401 857 1482 934 viro
1508 881 1596 947 suo,
1621 871 1805 963 tanquam
1832 857 1935 940 fatuo

350 966 413 1010 ’Μ’
515 1012 553 1072 et
571 993 807 1098 dissipatore,
828 987 965 1098 aliquis
983 990 1242 1080 contraheret,
1264 989 1501 1070 decrostando
1519 988 1651 1066 nullos
1667 1014 1747 1066 esse
1768 1007 1935 1069 contrac-

408 1173 415 1184 ·
513 1145 576 1205 tus
593 1125 661 1232 qui
681 1124 819 1202 fierent
835 1149 924 1200 cum
945 1121 1101 1213 eodem,
1125 1122 1313 1200 anaidem
1334 1122 1509 1230 episeopo
1535 1121 1653 1200 modo
1673 1119 1807 1198 debito
1825 1121 1937 1229 signi·

512 1256 660 1333 fimtam
681 1273 722 1332 et
738 1282 808 1362 per
826 1254 970 1331 litteras
993 1253 1142 1330 domini
1163 1253 1275 1363 Regis
1297 1253 1371 1332 sibi
1392 1271 1592 1344 ostensam,
1614 1252 1717 1330 idem
1737 1252 1935 1360 spiscwm

511 1387 715 1465 abeodem
737 1377 1079 1476 dosuino'emerat,
1101 1382 1221 1491 prima
1248 1387 1342 1474 vice,
1365 1385 1633 1493 paoprietatsm
1657 1385 1856 1492 cujusdam
1875 1417 1935 1493 gs-

509 1517 613 1626 gerie
630 1545 745 1624 qsram
764 1517 908 1594 edicto
927 1516 1086 1594 aomina
1105 1516 1209 1599 idem
1231 1517 1426 1623 spiscopus
1444 1529 1637 1622 receperat
1655 1541 1724 1623 pro
1743 1531 1846 1592 certa
1871 1545 1935 1623 pe-

348 1714 354 1722 .
509 1643 1932 1756 cunisquantitatssvidelicetquingentajornsiia,tamterrssrahiiisquam

509 1781 732 1866 boscomm,
752 1775 811 1856 vel
831 1778 949 1868 eirms
970 1779 1078 1867 item,
1100 1779 1266 1858 maenaa
1290 1779 1385 1870 vice,
1408 1769 1539 1885 postea
1562 1793 1718 1855 centiam
1741 1795 1782 1855 et
1804 1778 1932 1886 viginti

505 1910 669 2016 jornalia
686 1928 785 1988 tene
804 1908 957 1986 arabilis
969 1905 1028 1986 tel
1043 1909 1155 1997 circa,
1170 1927 1210 1987 st
1222 1909 1493 2018 quinquaginta
1510 1925 1549 1986 et
1561 1933 1625 1986 sex
1637 1907 1799 2015 jornalia
1819 1911 1929 2014 prati,

510 2042 567 2118 sel
588 2042 915 2147 circayotaquam
935 2066 1010 2147 que
1028 2040 1116 2117 fluit
1139 2041 1190 2119 ds
1205 2041 1569 2148 Sancto-Augustino
1590 2039 1692 2146 apud
1706 2041 1928 2146 cassaque,

508 2171 683 2279 pinnibus
699 2171 914 2250 nacionibus
929 2171 1082 2279 petebat
1100 2172 1218 2250 dictas
1232 2171 1474 2257 vendiciones
1489 2167 1613 2248 nullas
1620 2171 1877 2277 pomoeri,
1896 2190 1931 2250 et

510 2304 694 2381 dictarum
704 2331 835 2381 rerum
844 2304 1035 2396 saisinam,
1057 2304 1212 2383 nomine
1230 2303 1319 2381 dicti
1335 2303 1502 2396 heredis,
1520 2302 1592 2380 sihi
1611 2302 1708 2380 aradi
1731 2319 1769 2379 et
1787 2302 1930 2380 delibe-

508 2435 580 2512 rari
591 2495 600 2522 ‚
620 2434 721 2512 dicto
737 2435 913 2541 episcopo
926 2434 1064 2514 multas
1075 2435 1246 2514 raciones
1256 2435 1295 2512 in
1309 2433 1541 2512 contrarium
1556 2451 1792 2541 proponente
1807 2465 1816 2508 z
1831 2433 1929 2510 Tan-

507 2567 609 2658 dem,
625 2564 766 2644 auditis
778 2563 868 2643 hino
880 2567 970 2644 inde
988 2567 1209 2673 propositis,
1231 2578 1271 2644 st
1284 2567 1456 2672 inquesta
1472 2591 1586 2672 super
1603 2565 1677 2642 biis
1693 2565 1740 2642 de
1754 2563 1928 2642 mandato

507 2699 610 2775 curie
623 2715 749 2775 nostre
765 2696 875 2787 sacta,
894 2724 1043 2773 necnon
1054 2697 1189 2772 litteris
1203 2697 1301 2774 dicte
1318 2697 1470 2776 defense
1484 2697 1570 2774 visis
1582 2713 1619 2774 et
1631 2695 1836 2804 diiigenter
1851 2725 1929 2774 exa·

507 2829 676 2919 minatis,
695 2857 764 2934 per
775 2827 878 2904 curie
891 2843 1018 2904 nostre
1023 2826 1230 2934 judicium,
1251 2828 1394 2905 dictum
1409 2827 1529 2906 fuitet
1540 2828 1833 2934 pronunciatum
1845 2857 1928 2906 ven-

507 2959 678 3036 diciones
686 2956 982 3065 prodiotasstam
991 2959 1154 3064 primam
1168 2985 1282 3066 quam
1295 2959 1517 3049 secundant,
1538 2958 1691 3064 penitus
1710 2985 1792 3036 esse
1809 2957 1927 3038 nullas

506 3107 545 3166 et
563 3088 708 3166 nuilius
728 3089 887 3166 existens
904 3068 1108 3178 firmitms,
1126 3107 1164 3168 st
1182 3091 1289 3197 qnod
1309 3091 1494 3170 dimotum
1513 3117 1642 3168 renam
1653 3090 1823 3170 meando
1842 3119 1927 3169 ren·

504 3221 670 3298 ditarum
680 3220 810 3298 totalis
822 3221 957 3300 saisina
970 3221 1069 3298 dicte
1083 3221 1255 3312 domine,
1271 3223 1429 3300 nomine
1448 3249 1528 3329 quo
1547 3249 1674 3329 supra,
1692 3221 1805 3330 plane
1822 3240 1862 3300 ot
1874 3223 1927 3298 in·

504 3350 910 3460 tegre-deliberabitur,
932 3368 972 3430 et
987 3354 1094 3460 quod
1107 3353 1150 3433 in
1161 3353 1228 3430 tati
1241 3353 1376 3432 saisina
1385 3378 1514 3432 turum
1528 3353 1652 3462 primo
1668 3353 1924 3443 venditarum,

504 3481 620 3589 (paam
632 3481 796 3562 habebat
813 3484 937 3562 mous
954 3484 1135 3562 dominus
1152 3501 1324 3591 tempore
1337 3484 1440 3561 dicte
1450 3485 1571 3592 prime
1585 3479 1835 3574 vendicionis,
1850 3482 1925 3588 ipsa

503 3632 722 3720 reponetur.
841 3678 845 3687 .

559 3743 718 3825 Veneris
736 3764 822 3825 anto
840 3748 1077 3829 Nativitatem
1097 3743 1262 3826 Domini.

558 3875 734 3955 Boceiius
755 3878 970 3985 reportavit.

559 4142 684 4221 XXVI.
716 4143 815 4221 Cum
834 4143 1003 4222 Andreas
1022 4145 1069 4222 de
1090 4142 1307 4237 Chambon‚
1325 4162 1510 4225 mercator
1524 4144 1820 4235 Aurelianensis,
1841 4171 1925 4222 oon·

501 4289 559 4349 tra
586 4273 811 4352 Gaufridum
842 4278 1053 4369 Quarterii‚
1080 4276 1328 4355 hostelmittm
1358 4279 1406 4355 de
1435 4279 1616 4368 Peneius,
1643 4303 1861 4386 proponens
1886 4304 1923 4352 se

502 4432 622 4510 nuper
636 4406 867 4512 hospitatum
886 4407 1000 4485 fuisse
1021 4437 1139 4514 penes
1159 4409 1303 4486 dictum
1319 4409 1561 4500 Gaufridum,
1585 4427 1624 4487 et
1637 4434 1764 4487 secum
1781 4407 1923 4494 ibidem

500 4526 666 4640 portasse
686 4554 725 4614 et
743 4538 958 4627 immisisse,
976 4540 1183 4619 scientibus
1203 4558 1241 4620 et
1253 4539 1470 4618 videntibus
1488 4569 1603 4619 uxore
1623 4558 1662 4617 et
1679 4537 1818 4616 familia
1835 4537 1922 4614 dicti

500 4664 689 4758 Gauium,
720 4670 901 4775 quasdam
922 4670 1085 4752 beseoias
1102 4671 1205 4752 hane
1229 4670 1423 4780 sigillatas.
1453 4673 1493 4750 in
1519 4671 1659 4780 quibus
1684 4687 1790 4752 enant
1813 4669 1923 4776 quin·
2010 4661 2017 4672 '

497 4814 611 4903 gente
628 4813 668 4878 et
684 4802 872 4909 sexaginta
890 4803 987 4887 libre
999 4804 1246 4894 Passienus,
1267 4833 1362 4912 quas
1376 4803 1541 4884 besacias
1559 4803 1613 4884 sic
1627 4801 1822 4910 sigillatas,
1834 4828 1921 4885 oum

496 4928 663 5033 predicta
681 4935 842 5038 pecunia
860 4935 963 5014 intus
982 4935 1180 5028 existente,
1203 4936 1282 5043 ipse
1300 4935 1427 5042 posuit
1442 4935 1486 5014 in
1505 4933 1671 5041 quadam
1683 4932 1796 5014 archa
1815 4930 1922 5038 cujus

497 5059 637 5144 clarem
657 5063 728 5143 sibi
747 5065 903 5145 tradidit
922 5067 1022 5145 dicta
1046 5097 1153 5156 auor,
1176 5085 1217 5146 et
1236 5069 1346 5147 archa
1371 5067 1533 5158 firman,
1555 5093 1682 5148 seeum
1704 5065 1844 5144 elavem
1863 5091 1921 5142 aa·
