4450 6209
755 719 1026 827 nuouttus
1052 734 1119 810 nr
1143 722 1350 815 suocss.
1692 749 1764 820 207

341 875 486 952 lanceas
511 875 785 981 frangentibus,
813 879 969 986 quidam
997 879 1123 958 dictas
1145 880 1171 964 ii
1196 883 1399 990 Borgnss
1387 913 1426 960 m
1451 886 1509 962 via
1534 886 1686 993 publicu
1705 916 1766 965 ca·
1805 900 1901 954 rums
1879 903 1990 1037 ἐμίν

339 1003 506 1097 satalites,
527 1021 573 1082 nt
589 1006 740 1098 dicitnr,
761 1010 809 1086 ab
824 1037 924 1116 equo
943 1008 1035 1087 dieti
1048 1012 1232 1090 iohannis
1250 1013 1437 1119 impulsus
1456 1015 1603 1106 fuisset,
1619 1019 1765 1098 etiaim

338 1165 477 1244 psncos
499 1137 583 1213 dies
599 1157 730 1245 postea
754 1139 1092 1234 devenissemus
1119 1171 1233 1251 super
1255 1145 1353 1222 facto
1381 1147 1598 1254 hujusmodi
1624 1166 1661 1226 et
1684 1152 1765 1258 ejus

338 1269 651 1361 circumeundis,
673 1287 711 1346 et
729 1271 889 1348 maxirne
908 1299 939 1348 ss
928 1271 1084 1350 dictus
1102 1275 1295 1358 lohannes
1310 1293 1390 1353 crat
1406 1277 1523 1357 homo
1543 1281 1646 1358 hone
1665 1279 1763 1358 fame

338 1400 425 1477 etsi
446 1399 590 1480 dictum
610 1401 647 1479 ie
659 1402 808 1512 Borgne
826 1404 920 1480 odio
937 1403 1116 1495 habebat,
1138 1406 1278 1512 inquiri
1298 1407 1459 1486 fecimus
1474 1411 1669 1490 veritatem
1683 1443 1693 1487 ε
1706 1415 1765 1489 ln·

338 1547 469 1637 questa
488 1531 604 1637 igitur
621 1561 736 1639 snper
748 1534 822 1612 hoc
839 1533 951 1624 facta,
967 1535 1044 1613 visa
1064 1552 1104 1614 et
1118 1535 1321 1645 diligenter
1333 1539 1555 1632 examinata,
1577 1569 1646 1650 per
1659 1545 1763 1620 curie

336 1679 462 1743 nostre
478 1662 681 1771 judicium,
702 1665 825 1743 dictus
839 1667 1029 1748 Johannes
1043 1695 1158 1774 super
1173 1667 1269 1747 sacto
1289 1669 1507 1778 hujusmodi
1527 1671 1600 1750 fuit
1617 1691 1763 1754 senten-

337 1794 480 1871 cialiter
498 1793 704 1873 absolutus.
731 1825 739 1840 ’

390 1926 547 2004 Veneris
566 1943 652 2006 ante
671 1928 903 2007 Nativitatem
923 1931 1092 2009 Domini.

389 2191 548 2267 xxxm.
576 2191 751 2297 inquestc
777 2190 872 2268 sacta
891 2219 962 2298 pro
985 2191 1193 2276 Bertrsndo
1218 2193 1266 2272 ds
1288 2195 1535 2284 Petra-Furti,
1555 2199 1758 2305 armigero,

333 2349 447 2427 super
463 2339 628 2399 mercato
649 2339 687 2398 et
705 2321 887 2400 nundinis
904 2321 993 2400 viiie
1017 2321 1066 2400 de
1087 2323 1278 2418 Sirmenc,
1299 2324 1463 2404 snadlata
1482 2343 1556 2416 cst,
1577 2328 1666 2435 quia
1691 2330 1760 2407 do·-

333 2453 426 2529 mini
445 2452 619 2530 villarum
637 2453 863 2543 vicinarum,
885 2481 1050 2561 quonam
1075 2453 1289 2534 interesset
1314 2456 1491 2534 interesse
1512 2473 1654 2562 potest,
1684 2487 1759 2537 non

331 2581 486 2662 fuerunt
506 2584 636 2661 vocati.

387 2715 552 2793 Sabbato
572 2733 659 2822 post
678 2715 940 2822 Epiphaniam.

387 2847 438 2924 Μ.
459 2848 583 2925 Droco
603 2847 817 2953 reportavit.

384 3111 541 3191 XXXIV.
573 3110 675 3188 Cum
703 3127 784 3188 orta
812 3109 998 3188 discordia
1027 3109 1127 3189 inter
1152 3111 1329 3190 Huonem
1358 3109 1407 3189 de
1430 3110 1695 3193 Calvo-Monte
1721 3133 1758 3194 et

328 3242 538 3324 iohannem
557 3241 719 3349 Chaym‚
742 3242 920 3318 custodes
938 3241 1191 3318 mandinarum
1212 3242 1418 3349 Campanis
1438 3243 1636 3350 deputatos
1656 3273 1677 3322 a
1696 3275 1759 3324 no·

328 3375 405 3465 bis,
429 3391 468 3451 et
483 3389 649 3481 utroque
668 3389 825 3481 propter
843 3375 916 3452 hoc
934 3372 983 3449 ab
1002 3372 1128 3452 officio
1148 3373 1319 3479 predicto
1333 3402 1531 3480 suspenso,
1555 3373 1677 3452 dictus
1695 3377 1758 3454 Jo-

328 3505 472 3584 hannes
490 3521 621 3586 contro
637 3505 852 3612 predictum
869 3490 1047 3585 Huonsrn
1067 3505 1208 3582 multos
1232 3531 1405 3586 excessus
1426 3505 1696 3611 proposuimet,
1720 3526 1757 3583 et

328 3637 426 3714 inter
443 3637 515 3717 alia
534 3635 639 3744 (prod
657 3637 761 3714 idem
780 3639 883 3725 Huo,
905 3637 1006 3714 dicte
1026 3637 1283 3742 suspensionis
1300 3653 1492 3743 temporo,
1508 3635 1615 3715 mdia
1630 3654 1756 3714 nostra

327 3797 369 3845 ac
385 3769 417 3846 si
437 3767 581 3852 dictum
598 3767 766 3848 officium
785 3785 933 3845 teneret
951 3785 1161 3876 receperam
1185 3770 1293 3862 item,
1314 3768 1420 3876 quod
1438 3769 1519 3875 ipse
1540 3769 1588 3845 dc
1607 3768 1755 3844 emolu-

327 3917 457 3982 mento
478 3899 591 4007 sigilii
614 3899 797 3976 dictarum
823 3897 1081 3981 nundinarum
1101 3899 1224 3977 multo
1245 3902 1431 3986 minorem
1458 3927 1572 4006 quam
1591 3901 1754 4005 recepis-

326 4047 382 4108 set
403 4029 622 4108 reddiderat
638 4031 1035 4137 quantitatem-item,
1057 4031 1164 4139 qrsod
1185 4031 1280 4137 ipse,
1303 4050 1433 4108 contra
1449 4029 1621 4119 debitum
1641 4027 1752 4107 officii

326 4163 406 4253 sui,
427 4162 558 4242 illicite
584 4177 798 4268 receperat,
826 4162 867 4238 in
893 4162 1074 4268 pecnnia,
1099 4163 1288 4272 jocalibus
1315 4178 1352 4238 et
1378 4161 1492 4238 rcbtss
1514 4161 1616 4250 aliis,
1644 4159 1754 4266 plura

325 4321 484 4371 munera
498 4309 538 4370 et
554 4291 735 4381 smaltis,
753 4321 838 4381 nos,
861 4319 975 4398 super
990 4293 1203 4374 excessibus
1223 4289 1444 4399 hujusmodi
1467 4309 1506 4368 et
1524 4288 1754 4368 defensioni·

324 4425 395 4502 bus
415 4425 534 4531 ipsius
553 4425 714 4513 Bitonis,
735 4423 874 4501 vocatis
889 4423 1074 4529 partibus,
1093 4419 1232 4529 inquiri
1252 4422 1411 4508 fecimus
1425 4421 1618 4516 veritatem
1637 4451 1645 4496 :
1667 4422 1753 4500 Visa

324 4557 439 4665 igitur
457 4573 496 4633 et
517 4554 720 4662 diiigenter
738 4555 945 4639 oraminum
964 4555 1138 4661 inquesta
1156 4552 1343 4660 predicta,
1371 4553 1498 4630 dictus
1514 4552 1602 4628 Huo
1620 4551 1751 4628 inven-

322 4706 386 4765 tus
398 4687 472 4766 fnit
490 4687 689 4795 culpabilis
708 4686 749 4766 in
761 4685 885 4770 trihus
899 4686 1070 4766 articulis
1087 4685 1328 4793 supradictis,
1347 4681 1550 4771 etidcirco,
1567 4684 1750 4790 peremit

194 4871 200 4880 ·
323 4819 451 4897 nostre
464 4820 670 4928 judicium,
686 4818 988 4926 condempnatus
1001 4817 1075 4897 fuit
1087 4819 1137 4897 ad
1151 4815 1389 4895 reddendum
1405 4815 1532 4905 nobis,
1549 4841 1619 4921 pro
1634 4815 1752 4892 vadiis

324 4950 463 5029 nostris
484 4978 559 5058 que
579 4948 677 5027 male
699 4951 841 5057 recepit
861 4951 910 5029 de
931 4981 1028 5030 anno
1046 4951 1196 5058 integro
1217 4975 1295 5057 quo
1316 4974 1517 5057 susspensus
1536 4945 1608 5025 init
1628 4945 1675 5024 ab
1697 4945 1752 5024 of-

324 5079 410 5158 ficio
428 5080 613 5188 predicto,
632 5081 811 5159 ducentas
829 5082 946 5160 libras
957 5084 1199 5160 Tnmnsnsss
1215 5078 1352 5160 debilis
1367 5095 1534 5170 monete3
1552 5079 1662 5165 hcm,
1679 5079 1762 5180 pro'
