4450 6209
687 763 692 770 ·
723 719 989 831 snoutrns
1014 741 1078 814 nr
1103 725 1308 817 Procas.
1679 751 1726 822 or

301 876 437 960 ricensi
458 878 558 957 inter
570 899 854 986 procuratorem
883 897 1071 971 nostrum,
1094 912 1138 960 ex
1163 912 1239 962 una
1269 899 1390 991 parte,
1414 900 1451 960 et
1475 883 1726 966 Guillelmum
1766 895 1896 952 aarum
1909 899 1953 964 Ν.

302 1028 343 1089 et
360 1009 596 1090 bernardum
617 1009 665 1090 de
684 1013 858 1104 Bureria,
880 1012 1028 1105 fratres,
1058 1041 1102 1092 ex
1126 1013 1257 1104 altera,
1279 1043 1393 1121 super
1411 1015 1485 1092 hoc
1501 1017 1604 1122 quod
1624 1017 1727 1094 idem
1828 989 1891 1032 Μ’

303 1159 526 1250 procurator
546 1159 675 1220 noster
702 1144 890 1222 asserebat
918 1143 1024 1252 quod
1053 1144 1143 1224 dicti
1172 1145 1323 1234 fratres,
1352 1145 1392 1222 in
1421 1146 1588 1252 quodam
1616 1147 1728 1226 furno

303 1290 450 1365 nostro,
471 1273 544 1352 sito
573 1272 671 1352 infra
699 1303 829 1354 muros
858 1275 906 1353 de
933 1278 1126 1369 lauserta,
1154 1303 1271 1383 prope
1295 1275 1453 1354 domum
1473 1275 1628 1355 Amaldi
1649 1279 1733 1358 Lal-

302 1404 446 1483 beruco
477 1420 516 1482 et
542 1433 661 1511 prope
697 1405 855 1484 domum
889 1434 964 1512 que
991 1406 1064 1484 fuit
1091 1408 1286 1514 quondam
1316 1406 1512 1487 Guillelmi
1541 1410 1728 1502 Bertonis,

302 1536 508 1614 utebantur
526 1535 694 1614 lurneria
718 1537 999 1645 dequoquendo
1021 1567 1159 1644 panem
1183 1556 1222 1618 et
1240 1539 1426 1645 portando
1448 1556 1485 1616 et
1504 1542 1732 1648 reportando

302 1667 343 1742 in
364 1666 466 1744 dicto
484 1666 596 1744 lurno
610 1695 748 1772 panem
766 1669 1068 1779 quoquentibus,
1085 1698 1126 1746 ac
1140 1669 1386 1775 percipiendo
1406 1670 1504 1748 duos
1518 1669 1692 1750 tortellos
1712 1701 1732 1748 a

301 1796 477 1902 quolibet
499 1797 552 1874 ibi
576 1827 712 1906 panem
740 1799 1023 1907 dequoquente,
1045 1829 1133 1878 cum
1147 1800 1212 1906 jus
1231 1801 1304 1878 hoc
1322 1799 1483 1879 faciendi
1510 1829 1588 1878 non
1616 1801 1733 1879 babe-

301 1945 403 2017 rent,
435 1945 480 2005 ut
505 1927 610 2005 idem
639 1948 859 2036 procurator
889 1930 1052 2021 dicebat,
1080 1948 1214 2038 petens
1244 1958 1308 2010 eos
1334 1931 1530 2037 prohiberi
1557 1959 1605 2008 ne
1632 1933 1731 2010 dicta

301 2055 467 2135 firmeria
488 2059 534 2135 de
554 2075 680 2138 cetero
700 2078 909 2154 uterentur,
936 2078 975 2140 et
994 2061 1066 2139 lata
1087 2059 1219 2140 luisset
1238 2062 1428 2146 sentencia
1448 2060 1644 2138 diffinitiva
1663 2091 1732 2169 per

301 2188 447 2267 dictum
463 2191 727 2282 sebescallum,
741 2219 811 2300 pro
827 2192 954 2282 nobis,
969 2212 1008 2271 et
1020 2212 1148 2272 contra
1165 2193 1283 2272 dictos
1296 2221 1398 2282 reos,
1414 2193 1503 2271 dicti
1518 2194 1574 2272 rei
1592 2223 1612 2270 a
1631 2194 1731 2274 dicta

301 2320 510 2411 sentencia,
532 2339 712 2430 tanquam
728 2324 775 2402 ab
788 2325 936 2432 iniqua,
954 2324 1003 2401 ad
1018 2353 1089 2404 nos
1104 2324 1352 2431 appellantes,
1364 2323 1535 2431 judicem
1555 2324 1626 2402 sibi
1648 2325 1728 2402 dari

300 2450 342 2527 in
357 2480 467 2530 causa
480 2454 745 2561 appellacionis
759 2455 979 2565 hujusmodi
990 2455 1255 2564 impetrarunt;
1270 2455 1336 2563 qui
1345 2455 1480 2562 judex,
1495 2451 1633 2533 vocatis
1644 2485 1730 2563 par·

300 2581 418 2676 tibus,
444 2612 558 2692 super
580 2615 711 2664 earum
733 2586 898 2664 articulis
921 2615 990 2693 per
1014 2604 1181 2664 nostram
1207 2588 1350 2664 curiam
1373 2585 1444 2663 sibi
1467 2585 1591 2664 missis
1615 2603 1729 2666 testes

300 2713 502 2819 recipiens,
522 2714 715 2823 inquisivit
733 2745 847 2825 super
860 2718 934 2796 hoc
947 2716 1220 2810 veritatem-ct
1238 2717 1438 2827 negocium
1454 2714 1662 2824 perfectum
1680 2719 1728 2796 ad

301 2843 443 2922 curiam
460 2862 625 2924 nostram
642 2849 787 2926 remisit
803 2848 925 2929 :Visis
942 2848 1068 2956 igitur,
1085 2875 1154 2955 per
1171 2848 1312 2926 curiam
1332 2865 1513 2938 nostram,
1530 2865 1607 2924 tam
1625 2849 1730 2954 prin·

299 2974 429 3080 cipalis
449 3005 559 3054 cause
576 3008 691 3084 quam
711 2979 977 3087 appellacionis
996 2978 1192 3086 utriusque
1212 2979 1327 3086 partis
1345 2977 1597 3085 processibus,
1618 2995 1656 3056 et
1671 2980 1729 3056 di·

299 3104 462 3214 ligenter
479 3109 714 3197 examinatis,
737 3110 1027 3217 pronunciatum
1046 3110 1137 3202 fuit,
1164 3139 1232 3216 per
1254 3111 1356 3187 curie
1377 3128 1504 3188 nostre
1519 3109 1726 3216 judicium,

298 3237 398 3314 male
424 3241 716 3347 pronunciatum
741 3270 810 3349 per
838 3242 983 3320 dictum
1014 3242 1278 3333 senescallum,
1307 3260 1344 3321 ct
1369 3243 1466 3320 bene
1497 3241 1727 3349 appellatum

299 3395 369 3474 per
387 3368 508 3450 dictos
530 3398 617 3450 reos
632 3372 764 3463 luisse,
788 3390 826 3450 et
844 3373 1001 3452 luerunt
1020 3373 1111 3450 dicti
1130 3374 1185 3450 rei
1206 3373 1251 3452 ab
1270 3373 1510 3480 impeticione
1532 3373 1621 3450 dicti
1641 3403 1729 3480 pro·

299 3500 482 3578 curatoris
504 3503 622 3579 nostri
644 3531 758 3609 super
777 3505 850 3582 hoc
869 3503 1045 3583 absoluti.

355 3630 454 3709 Jovis
471 3650 558 3738 post
574 3633 921 3714 Annunciacionem
939 3634 1106 3716 Domini.

356 3763 584 3844 Rosselletus
597 3768 808 3874 reportavit.

355 4026 478 4108 XLVI.
510 4029 608 4109 Cum
628 4033 769 4140 Symon
792 4032 917 4125 dictus
933 4033 1067 4140 Piquet
1086 4049 1212 4140 ageret
1230 4050 1359 4110 contra
1379 4030 1560 4110 Jacobum
1581 4030 1725 4108 dictum

298 4155 336 4234 le
353 4158 536 4252 Feutrier,
555 4178 594 4238 et
612 4163 817 4269 quamdam
836 4163 994 4241 domurn
1013 4163 1122 4240 sitam
1141 4161 1304 4242 Parisius
1318 4190 1409 4270 que,
1426 4189 1473 4270 ¹err
1494 4159 1726 4239 forisfactura

297 4288 481 4370 Bernardi
498 4291 588 4370 dicti
603 4293 639 4372 le
659 4293 857 4383 Chaucier,
876 4294 922 4371 ad
938 4323 1009 4372 nos
1023 4294 1239 4382 devenerat,
1255 4323 1331 4401 que
1347 4321 1416 4401 per
1434 4309 1564 4401 gentes
1579 4307 1725 4370 nostras

299 4418 492 4502 Castelleti
521 4425 738 4505 Parisiensis
767 4425 930 4531 exposita
955 4424 1094 4504 venalis
1125 4423 1264 4516 suerat,
1286 4442 1324 4503 et
1353 4453 1422 4530 pro
1451 4452 1525 4529 qua
1552 4421 1724 4502 habenda

298 4550 423 4631 dictus
457 4555 599 4663 Symon
629 4557 777 4635 dicebat
800 4583 855 4647 se,
886 4554 981 4632 infra
1011 4554 1183 4633 debitum
1208 4572 1376 4661 tempus,
1404 4553 1492 4660 plus
1521 4552 1722 4648 obtulisse,

299 4711 414 4792 quam
428 4683 587 4764 domum
601 4688 704 4766 idem
717 4687 877 4766 lacobus
895 4685 1126 4794 possidebat,
1142 4702 1289 4794 peteret
1301 4683 1372 4762 sibi
1387 4683 1593 4791 adjudicari
1610 4701 1648 4762 et
1663 4684 1723 4762 de-

297 4813 468 4909 liberari,
486 4818 546 4896 vel
565 4818 696 4898 saltent
706 4849 710 4854 ·
712 4819 776 4926 jus
795 4847 908 4896 sunm
931 4818 972 4895 in
991 4818 1125 4896 eadem
1148 4817 1219 4896 sibi
1242 4816 1389 4909 salvari,
1412 4833 1451 4894 et
1467 4814 1723 4894 emolumenta

298 4974 367 5054 per
397 4948 540 5027 dictum
567 4952 749 5030 lacobum
774 4981 819 5029 ex
844 4950 941 5029 dicta
966 4950 1082 5028 domo
1113 4965 1288 5058 percepta
1310 4948 1382 5027 sibi
1409 4947 1540 5038 reddi,
1571 4977 1721 5028 necnon

299 5076 464 5155 litteram
493 5079 619 5158 eidem
648 5080 788 5160 Jacobo
813 5107 1025 5160 concessam
1051 5109 1165 5188 super
1192 5079 1412 5160 vendicione
1440 5077 1538 5156 dicte
1564 5077 1718 5168 domus,

386 5254 437 5298 aas
457 5254 539 5298 narrt.
563 5258 608 5299 ru.
1155 5261 1158 5266 ·
1557 5233 1592 5293 ¹3
