4450 6209
500 715 574 787 aso
1080 714 1170 812 nus
1201 710 1342 785 otiu.

271 861 457 925 aarumlv,
555 856 647 933 XXI.
680 856 797 942 Cum,
825 853 973 930 racione
996 851 1122 931 debati
1147 833 1310 932 incuria
1337 869 1465 931 nostra
1487 855 1691 933 Biterrensi
1711 858 1805 935 moti
1828 860 1923 937 inter

333 953 396 999 lm
498 990 732 1096 prepositum
747 987 1051 1094 Magalonensem
1071 1001 1108 1061 et
1123 984 1298 1063 consules
1312 984 1363 1064 de
1382 983 1570 1075 Givriaco,
1590 1015 1635 1064 ex
1653 1016 1729 1065 una
1745 1008 1867 1097 parte,
1888 1009 1924 1068 et

500 1120 674 1227 syndicus
695 1117 912 1197 monasterii
929 1116 1090 1209 Aniene,
1113 1146 1158 1193 ex
1177 1114 1308 1207 altera,
1326 1146 1440 1224 super
1453 1118 1683 1225 quibusdam
1699 1119 1923 1198 molendinis

500 1253 579 1330 sitis
599 1254 638 1329 in
661 1252 819 1329 llumine
834 1250 982 1337 Erauri,
1004 1249 1043 1325 in
1060 1248 1145 1325 loco
1161 1265 1291 1327 vocato
1308 1249 1355 1326 dc
1371 1250 1501 1339 Lecta,
1519 1249 1616 1327 dicta
1630 1251 1850 1329 molendina
1861 1282 1924 1359 per

500 1401 631 1491 gentes
651 1401 794 1461 nostras
815 1380 971 1461 luissent
990 1380 1037 1457 ad
1059 1408 1215 1457 manum
1235 1397 1400 1459 nostram
1421 1381 1558 1487 posita,
1582 1382 1850 1491 pendenteque
1873 1384 1925 1462 di-

500 1514 643 1595 lacione
665 1517 868 1603 intereos,
892 1514 1049 1621 quidam
1070 1511 1344 1603 malefactores,
1372 1512 1420 1589 de
1445 1514 1623 1591 mandato
1647 1514 1785 1619 prioris
1811 1516 1925 1594 c'laus-

501 1647 604 1727 tralis
623 1647 821 1726 Guillelmi
836 1646 883 1723 de
897 1644 1309 1752 Duabus-Virginibus,
1327 1644 1518 1722 Remundi
1532 1643 1579 1721 de
1594 1645 1756 1734 Stenno,
1773 1645 1876 1725 Gozo
1891 1666 1925 1725 et

502 1777 615 1885 Gigo‚
638 1778 798 1857 Deodati
821 1778 868 1855 de
887 1775 1197 1883 Probenqueriis,
1219 1775 1367 1854 Assaliti
1381 1775 1505 1853 Pacavi
1528 1793 1565 1853 et
1581 1775 1844 1855 Elemosinarii
1860 1780 1925 1856 Be-

504 1908 681 2018 rengarii,
695 1908 847 1989 Moresii
858 1924 896 1985 et
906 1905 1103 1986 Guillelmi
1114 1906 1231 1995 Petri,
1245 1908 1519 1985 monachorum
1530 1905 1691 1998 Aniene,
1706 1926 1744 1986 et
1753 1908 1844 2013 ipsis
1851 1938 1926 2016 pre

506 2040 691 2131 sentibus,
705 2068 816 2147 opem
827 2058 865 2118 et
876 2038 1075 2119 consilium
1089 2038 1361 2144 prestantibus,
1378 2068 1465 2117 cum
1479 2038 1634 2130 lanceis,
1646 2037 1807 2129 balistis,
1819 2044 1925 2148 spatis

507 2190 545 2249 et
555 2171 639 2249 aliis
650 2172 803 2251 diversis
815 2194 1006 2249 armorum
1022 2170 1238 2278 generibus,
1254 2169 1301 2248 de
1314 2188 1425 2249 nocte
1440 2170 1680 2248 clamandus«
1695 2169 1775 2248 Ala
1789 2182 1926 2260 mort,t

508 2306 542 2383 la
553 2310 669 2384 mort!
687 2306 755 2382 »ad
772 2305 869 2383 dicta
882 2304 1171 2393 molendina,ex
1187 2321 1289 2383 certo
1302 2308 1507 2411 proposito,
1516 2322 1813 2397 accesserunt,et
1827 2325 1929 2384 cato

506 2438 632 2517 taliter
644 2440 910 2517 destruxerunt
922 2465 999 2514 una
1013 2467 1100 2517 cum
1113 2436 1260 2544 panaria
1278 2435 1367 2515 dicti
1383 2436 1609 2526 molendini,
1629 2437 1755 2544 ignem
1772 2438 1811 2515 in
1825 2439 1927 2515 dictis

506 2571 736 2651 molendinis
756 2570 1017 2659 immittendo,
1039 2598 1100 2648 res
1119 2587 1158 2646 et
1178 2570 1426 2648 instrumenta
1443 2569 1491 2647 ad
1511 2569 1591 2675 ipsa
1612 2568 1831 2647 molendina
1851 2599 1928 2677 per·

506 2706 671 2783 tinenoia
695 2734 824 2783 secum
846 2701 1069 2794 deserendo,
1092 2702 1287 2780 manerios
1310 2702 1486 2782 atrociter
1511 2700 1764 2795 verberando,
1787 2721 1840 2793 et,
1863 2705 1946 2780 nisi·

508 2835 741 2945 aufugissent
754 2864 822 2941 per
838 2863 973 2941 aquam
990 2831 1170 2923 natando,
1188 2862 1253 2911 eos
1268 2833 1554 2924 interfecissent,
1572 2852 1611 2911 et
1623 2833 1734 2940 plura
1743 2833 1814 2911 alia
1827 2864 1929 2913 enor-

511 2969 583 3044 mia
605 2997 646 3044 ac
665 2965 916 3044 intolerabilia
932 2965 1075 3043 ibidem
1092 2965 1384 3055 committendo,
1401 2965 1692 3073 propterquod,
1710 2996 1778 3074 per
1793 2970 1927 3044 curiam

510 3116 675 3177 nostram
696 3099 964 3186 Biterrensem,
982 3096 1160 3203 inquisita
1180 3097 1334 3175 veritate
1356 3096 1404 3174 de
1419 3098 1627 3204 premissis,
1644 3098 1761 3177 abbas
1774 3099 1926 3187 Aniene,

510 3232 556 3307 in.
570 3230 667 3327 dicta
690 3231 793 3308 curia
816 3256 1051 3335 comparens,
1074 3229 1246 3335 promisit
1264 3228 1468 3307 senescallo
1487 3229 1715 3309 Carcassone
1735 3230 1928 3309 emendare

510 3362 635 3451 nobis,
659 3381 696 3440 et
714 3362 913 3439 emendam
936 3358 1055 3437 lacere
1076 3362 1123 3439 de
1143 3360 1216 3437 biis
1235 3361 1274 3437 in
1293 3360 1433 3467 quibus
1453 3360 1713 3439 invenirentur
1731 3363 1929 3470 culpabiles

510 3496 684 3573 monachi
700 3494 757 3573 sui
774 3493 991 3570 monasterii
1015 3494 1062 3571 de
1082 3492 1293 3571 excessibus
1311 3493 1547 3599 supradictis.
1567 3495 1699 3571 Postea
1715 3523 1819 3587 vero,
1838 3496 1929 3573 dicta

511 3628 683 3734 inquesta
696 3643 890 3731 resumpta
902 3652 971 3730 per
983 3625 1216 3731 prepositum
1231 3642 1325 3703 tunc
1338 3624 1385 3701 de
1398 3624 1563 3703 Anuerso
1575 3642 1613 3702 et
1623 3644 1814 3705 cantorem
1826 3626 1930 3705 Aure·

512 3759 735 3847 lianensem,
751 3758 799 3835 ad
814 3773 938 3863 partes
955 3754 1035 3833 illas
1048 3785 1068 3832 a
1083 3756 1195 3834 nobis
1211 3756 1434 3845 destinatos,
1447 3757 1519 3862 ipsi
1534 3757 1805 3836 commiserunt
1816 3759 1930 3866 judici

511 3889 712 3967 Biterrensi
728 3891 825 3967 vices
839 3917 924 3966 suas
939 3889 979 3964 in
995 3888 1205 3995 premissis,
1224 3889 1289 3997 qui
1301 3890 1434 3997 judex,
1451 3889 1590 3970 auditis
1608 3891 1786 3969 omnibus
1804 3921 1878 3998 que
1892 3922 1931 3969 ex

513 4037 616 4126 parte
637 4019 725 4097 dicti
747 4019 891 4100 abbatis
906 4018 1060 4097 luerunt
1077 4019 1284 4126 proposita,
1308 4036 1346 4097 et
1366 4019 1440 4097 visa
1460 4020 1633 4128 inquesta
1646 4023 1830 4127 predicta,
1849 4052 1931 4101 con-

513 4153 730 4261 dempnavit
741 4152 884 4230 dictum
897 4151 1071 4229 abbatem
1085 4152 1132 4229 ad
1145 4149 1369 4229 solvendum
1382 4151 1493 4230 nobis
1504 4153 1703 4230 emendam
1717 4154 1931 4264 quingenta-

513 4314 597 4363 rum
619 4284 802 4361 librarum
818 4284 1098 4361 Turonensium
1114 4282 1183 4389 pio
1199 4282 1408 4389 premissis,
1427 4312 1448 4359 a
1464 4312 1538 4391 qua
1554 4285 1758 4374 sentencia,
1777 4303 1931 4393 exparte

514 4415 702 4495 dictorum
715 4415 994 4523 religiosorum,
1007 4414 1055 4491 ad
1067 4431 1232 4493 nostram
1246 4414 1389 4491 curiam
1402 4414 1524 4492 extitit
1535 4414 1784 4521 appellatum3
1799 4417 1932 4495 deinde

514 4547 552 4623 in
578 4576 686 4625 causa
711 4548 994 4655 appellacionis,
1021 4547 1189 4655 partibus
1215 4547 1262 4623 in
1278 4547 1510 4654 parlamento
1530 4564 1659 4625 nostro
1682 4549 1931 4653 presentibus,

515 4695 553 4755 et
571 4679 818 4785 pronunciata
839 4708 906 4786 per
923 4697 1107 4758 arrestum
1124 4680 1227 4756 curie
1242 4678 1348 4785 quod
1364 4678 1462 4756 dicta
1477 4679 1649 4786 inquesta
1665 4709 1752 4758 cum
1769 4681 1933 4787 predicto

514 4837 691 4914 processu
712 4811 905 4888 videretur
930 4829 969 4888 et
984 4811 1240 4919 judicaretur:
1268 4810 1457 4899 Tandem,
1485 4810 1560 4888 visa
1584 4810 1682 4888 dicta
1703 4812 1879 4919 inquesta
1901 4827 1935 4887 ct

516 4940 716 5048 diligenter
731 4944 951 5032 examinata,
969 4972 1036 5049 per
1052 4944 1154 5021 curie
1170 4962 1297 5021 nostre
1310 4942 1522 5051 judicium,
1539 4941 1684 5022 dictum
1701 4943 1774 5020 fuit
1793 4943 1934 5048 predic·

515 5089 595 5149 tum
607 5072 778 5180 judicem
793 5074 890 5150 bene
906 5076 1173 5181 pronunciasse
1187 5093 1225 5153 et
1236 5076 1355 5153 dictos
1369 5074 1599 5181 appellantes
1614 5072 1712 5151 male
1722 5073 1932 5182 appellasse.
