4450 6209
504 705 576 782 luo
1077 700 1169 779 LES
1209 700 1349 779 OLlM.

273 852 408 911 mum
417 852 463 921 W.
498 847 605 959 qnod
619 847 721 956 ipse,
734 844 783 924 ad
802 845 1140 924 denonciscionem
1157 841 1414 954 qrsorumdum
1432 839 1596 922 aliorum
1610 837 1837 950 judeorum,
1858 869 1926 949 pro

335 947 401 994 Μ
498 977 713 1088 suspicione
744 977 998 1085 quorumdam
1021 1003 1236 1085 prunorum
1260 973 1486 1066 iuratorum,
1517 972 1674 1052 eosdem
1699 971 1834 1052 trum
1854 991 1925 1053 tor

498 1109 639 1190 mentis
653 1124 915 1216 supposuerat,
932 1125 972 1186 et
983 1107 1105 1186 multa
1117 1107 1280 1214 dampna
1294 1105 1438 1184 eisdem
1453 1123 1492 1184 et
1505 1131 1647 1183 sorum·
1657 1103 1754 1210 patri
1772 1120 1928 1212 psopter

499 1241 574 1321 boc
591 1239 772 1319 intulerat
785 1239 941 1347 injuste,
956 1237 1125 1346 ideoque
1139 1253 1313 1346 peterent
1326 1235 1425 1314 dicta
1446 1235 1607 1343 dampna
1622 1263 1744 1342 usque
1759 1235 1809 1314 sd
1823 1265 1927 1314 sum·

498 1400 601 1450 mam
622 1371 787 1449 duorum
804 1369 970 1447 millium
984 1368 1168 1448 librarum
1184 1369 1467 1448 Turonensium
1483 1367 1555 1446 sibi
1574 1366 1704 1455 reddi,
1725 1384 1766 1446 et
1784 1365 1925 1446 diobrm

497 1501 680 1580 bellicum
701 1499 774 1579 sibi
797 1499 941 1578 adhoc
963 1499 1252 1608 condempnari,
1279 1515 1318 1578 et
1341 1527 1364 1576 e
1385 1514 1516 1577 contra
1540 1497 1663 1576 dictus
1684 1496 1860 1589 ballivus,
1881 1498 1927 1576 ud
2055 1523 2058 1528 ·

498 1633 559 1714 sui
573 1631 834 1712 defensionem
848 1660 1066 1739 proponens
1081 1631 1187 1739 quod
1206 1631 1287 1738 ipse
1304 1631 1405 1709 bene
1424 1645 1463 1708 et
1474 1629 1731 1738 justedsoerat
1745 1629 1925 1740 qmoqnid
2060 1728 2064 1737 Ι

499 1764 708 1873 peripsum
722 1763 865 1842 factum
878 1761 1001 1842 hamt
1016 1764 1056 1840 in
1069 1761 1266 1869 predictis,
1284 1761 1354 1840 adl
1369 1761 1613 1869 impetitione
1626 1761 1796 1870 predicta
1809 1761 1929 1840 dicto·

500 1925 588 1974 rum
600 1894 810 2003 judeorum
832 1911 980 2002 peteret
1001 1922 1045 1972 se
1066 1895 1223 1988 absolvi,
1245 1894 1443 2002 requirens
1464 1893 1570 2004 quod
1591 1911 1723 1973 contra
1742 1891 1930 2001 predictos

500 2023 639 2106 frames
660 2025 948 2133 procederetur,
968 2041 1150 2133 tunquam
1174 2042 1303 2104 contra
1326 2041 1518 2134 suspectos
1542 2025 1590 2103 de
1615 2025 1719 2104 furto
1740 2025 1927 2132 predicto,

501 2159 664 2237 maxime
689 2186 777 2236 curn
795 2157 893 2236 alter
910 2185 1045 2238 eorum
1063 2157 1258 2237 confessus
1277 2157 1411 2248 luerit,
1433 2175 1477 2236 ut
1497 2157 1660 2250 dicebat,
1678 2186 1718 2236 se
1737 2155 1929 2236 conscium

503 2289 594 2368 dicti
618 2288 734 2381 lurti;
759 2288 870 2367 dictis
891 2287 1072 2368 fratribus
1095 2317 1117 2366 e
1142 2305 1271 2366 contra
1294 2289 1594 2397 proponentibus
1618 2289 1757 2368 dictam
1785 2287 1930 2367 conses-

500 2420 650 2500 sionem
671 2447 741 2527 per
759 2419 983 2500 violenciam
1003 2435 1285 2498 tormentorum
1305 2419 1420 2499 luisse
1442 2436 1640 2510 extortam,
1658 2437 1697 2498 et
1711 2418 1931 2528 petentibus

502 2549 700 2631 seabsolvi
720 2581 742 2628 a
760 2550 858 2630 lacto
875 2552 1048 2659 predicto
1061 2583 1069 2629 :
1082 2552 1274 2644 Tandem,
1295 2552 1433 2632 auditis
1447 2552 1537 2630 bine
1551 2551 1641 2630 inde
1656 2552 1879 2660 propositis,
1895 2567 1932 2630 et

501 2685 589 2764 visis
606 2684 847 2792 processibus
866 2711 982 2791 super
999 2685 1076 2763 boc
1088 2683 1215 2773 lactis,
1231 2712 1302 2792 per
1318 2685 1423 2762 curie
1440 2702 1567 2762 nostre
1582 2685 1788 2793 judicium,
1810 2684 1931 2764 dictam

501 2816 664 2896 ballivus
688 2815 735 2892 cb
755 2816 999 2922 impeticione
1018 2814 1186 2924 predicta
1207 2813 1395 2894 dictorum
1409 2817 1633 2926 judeorum,
1660 2834 1699 2895 et
1718 2817 1808 2895 dicti
1824 2815 1929 2925 judei

504 2978 525 3026 n
544 2947 758 3054 suspicione
776 2947 936 3054 predicti
954 2946 1044 3030 furti
1057 2947 1339 3026 sentencialiter
1349 2949 1514 3028 absoluti
1528 2948 1693 3028 bierunt.

561 3079 737 3157 Mercurii
753 3096 840 3156 onte
859 3079 1040 3156 Sanctum
1052 3078 1275 3156 Barnabam.

559 3209 748 3290 Dominus
766 3209 812 3286 H.
834 3208 881 3287 de
902 3208 1240 3316 Cellareportavit.

559 3475 636 3553 Lll.
666 3475 763 3555 Cum
785 3476 929 3584 Symon
949 3490 988 3552 et
1002 3474 1194 3553 lebannes
1214 3474 1305 3554 dicti
1325 3475 1460 3567 Molet,
1478 3476 1626 3569 fratres,
1648 3505 1742 3556 uxor
1759 3477 1853 3556 dicti
1872 3479 1931 3555 Jo-

504 3606 656 3697 bannis,
671 3605 903 3685 Guillelmus
917 3605 954 3682 le
968 3608 1169 3698 Normant,
1185 3605 1318 3684 Petrus
1329 3607 1379 3685 de
1396 3609 1561 3716 Lannoy,
1578 3608 1750 3715 Philipps
1765 3606 1931 3689 devalli-

504 3737 594 3823 bus,
609 3736 762 3814 Alisona
780 3753 818 3813 et
834 3737 911 3813 due
931 3735 1011 3812 lilie
1030 3735 1131 3813 dicte
1149 3735 1379 3845 Philippeuc
1397 3741 1543 3818 lluetns
1557 3739 1681 3817 dictus
1699 3737 1928 3829 Marcheant,

477 3846 486 3861 ⁰
506 3867 609 3943 curie
624 3884 752 3943 nostre
773 3865 988 3944 denuncinti
1009 3865 1170 3944 luissent
1189 3868 1395 3976 culpabiles
1414 3870 1464 3947 de
1484 3887 1606 3953 morte
1625 3869 1841 3964 lebanneti,
1863 3866 1929 3946 filii

505 3995 685 4075 lobannis
705 3997 739 4074 la
760 3999 901 4086 Troes,
923 3997 972 4075 de
990 3997 1265 4093 Calvo-Monte,
1287 4001 1494 4108 superbiis
1516 4031 1561 4079 ex
1581 4001 1705 4080 officio
1725 4018 1854 4080 nostro
1877 4001 1931 4078 in·

506 4129 607 4237 quiri
622 4127 782 4206 lecimus
793 4129 1009 4206 veritatem:
1025 4131 1112 4209 Visa
1126 4131 1241 4240 igitur
1256 4133 1427 4240 inquesta
1443 4163 1559 4242 snper
1573 4135 1645 4212 boc
1659 4132 1769 4224 iacta,
1786 4134 1930 4240 predio·

506 4277 567 4338 tos
590 4259 853 4350 denunciatos,
877 4262 1068 4368 percurie
1093 4280 1222 4340 nostre
1236 4263 1440 4371 judicium,
1463 4266 1510 4344 ab
1533 4263 1754 4373 hujusmodi
1777 4263 1929 4342 homici-

509 4390 571 4469 dio
587 4391 763 4468 duximus
778 4391 930 4498 penitus
943 4392 1206 4483 absolvendos,
1227 4396 1396 4502 predicto
1407 4398 1531 4474 Hueto
1548 4398 1740 4473 dumtaxat
1759 4411 1926 4504 excepto,

508 4550 639 4628 quem,
658 4522 746 4598 licet
761 4521 885 4599 dictus
898 4523 1130 4601 lebannetus
1149 4554 1296 4602 causam
1310 4527 1443 4604 monis
1457 4527 1607 4634 proprie
1626 4527 1698 4604 sibi
1712 4526 1866 4606 dedisse
1877 4553 1929 4605 re·

508 4669 638 4756 pertus
666 4651 800 4741 suerit,
825 4653 1119 4746 nichilominus,
1142 4655 1192 4732 ob
1217 4657 1381 4764 aliquam
1407 4659 1505 4736 dicte
1530 4659 1663 4737 mortis
1687 4657 1861 4766 culpam,
1885 4657 1927 4734 dc

507 4809 625 4887 regno
647 4800 775 4860 nostro
797 4813 917 4891 usque
944 4786 991 4861 ad
1018 4786 1323 4893 quinquennium
1349 4791 1616 4868 tantummodo
1641 4789 1817 4868 duximus
1835 4789 1929 4867 rele·
2013 4766 2019 4776 .

507 4912 689 5019 gundum,
702 4913 772 4989 nisi
788 4914 953 5018 placeret
966 4915 1076 4994 uobis
1090 4917 1244 4996 forsitan
1259 4919 1383 5026 ipsum
1400 4921 1531 5012 cicius,
1548 4920 1595 4998 de
1606 4919 1778 5028 ampliori
1793 4919 1926 5027 guncia,

551 5085 560 5115 ¹
583 5085 663 5147 Liscz
677 5086 719 5147 ab.
