4450 6209
498 711 572 784 oso
1079 710 1170 784 uns
1200 709 1364 800 ortu„

276 860 459 918 11111111·
499 849 655 940 debere,
677 849 879 959 punicione
902 848 1044 928 fraudis
1068 868 1107 929 et
1131 850 1211 929 doli
1236 851 1276 928 iu
1299 849 1490 957 premissis
1513 878 1582 956 per
1600 851 1792 958 predictos
1813 853 1919 932 habi·

335 955 395 996 tttt.

497 1001 653 1073 tutores,
677 980 831 1060 arbitrio
850 997 998 1070 111111,
1018 999 1203 1089 quantum
1225 979 1272 1057 ad
1293 1009 1364 1057 nos
1381 980 1562 1087 pertinet,
1582 1000 1787 1074 reservata,
1808 1005 1919 1091 prout

497 1115 535 1191 in
561 1112 726 1218 registris
749 1127 876 1190 nostre
902 1111 1003 1190 curie
1027 1111 1178 1217 plenius
1198 1109 1428 1199 contineturs
1450 1111 1605 1189 demum
1634 1111 1738 1190 idem
1763 1116 1917 1194 lacobus

497 1245 681 1352 quosdam
697 1241 874 1320 articulos
889 1241 999 1320 nobis
1012 1241 1172 1330 obtulit,
1186 1257 1381 1350 tangentes
1392 1241 1608 1349 judicatum
1621 1242 1854 1350 predictum,
1869 1248 1916 1324 ad

496 1375 612 1454 finem
632 1373 729 1452 illud
750 1371 944 1454 anullandi
965 1389 1002 1451 et
1021 1374 1140 1452 eciam
1161 1373 1371 1480 inquestem
1388 1399 1457 1480 per
1480 1401 1594 1480 quam
1613 1372 1747 1452 datum
1764 1373 1836 1454 luit
1853 1378 1916 1483 ju·

495 1507 657 1586 dicatum
678 1505 908 1614 predictum,
930 1504 1142 1613 supplicans
1162 1503 1266 1610 quod
1286 1531 1400 1609 super
1418 1503 1474 1580 eis
1493 1503 1704 1582 faceremus
1723 1508 1914 1586 veritatem

495 1640 654 1748 inquiri,
666 1666 779 1745 super
789 1635 928 1746 quibus
937 1635 1149 1742 inquestam
1159 1633 1243 1712 fieri
1252 1635 1718 1742 commisimusAymerico
1727 1638 1775 1714 de
1783 1639 1911 1728 Croso,

494 1770 606 1849 ruiliti
638 1786 782 1874 nostro,
815 1784 854 1846 et
874 1766 994 1874 judici
1022 1766 1213 1844 ordinario
1241 1767 1480 1856 Carcassoue,
1511 1768 1650 1848 vocetis
1676 1789 1912 1874 procuratore

496 1919 624 1980 nostro
646 1917 690 1979 et
702 1899 784 1978 aliis
803 1897 1027 1976 evocandis:
1049 1898 1223 2004 lnquesta
1244 1897 1361 2005 igitur
1374 1925 1490 2002 super
1503 1897 1577 1976 hiis
1595 1913 1634 1976 et
1650 1925 1768 2007 super
1785 1901 1913 1978 delen-

494 2034 664 2113 sionibus
682 2029 934 2140 procuratoris
953 2030 1089 2117 nostri,
1108 2057 1180 2135 pro
1199 2028 1310 2108 nobis
1328 2030 1544 2136 propositis,
1566 2029 1677 2120 fucta,
1699 2033 1800 2108 etad
1814 2033 1914 2141 judi-

494 2163 654 2244 candum
670 2179 798 2242 nostre
811 2161 914 2241 curie
927 2177 1133 2267 reportata,
1146 2188 1252 2250 1111,
1265 2189 1334 2267 per
1348 2189 1432 2238 eam
1445 2161 1563 2240 nichil
1576 2162 1771 2242 inventum
1783 2163 1909 2252 luerit,

494 2296 542 2373 de
558 2293 737 2405 predictis
748 2291 915 2370 articulis
925 2320 992 2398 per
1005 2290 1341 2370 dictumlacobum
1354 2292 1576 2400 propositis,
1591 2293 1820 2372 sufficienter
1830 2322 1913 2400 pro-

494 2427 641 2516 batum,
663 2453 730 2533 per
750 2423 854 2531 quod
875 2421 1017 2502 dictum
1033 2422 1247 2530 judicatum
1266 2439 1306 2500 et
1323 2422 1496 2530 inqueste
1515 2423 1698 2530 predicta,
1718 2453 1787 2532 per
1802 2456 1911 2535 quam

492 2559 590 2638 illud
616 2559 755 2636 factum
783 2557 873 2645 fuit,
907 2555 948 2632 in
978 2553 1105 2662 aliquo
1135 2553 1299 2634 11111111
1326 2555 1532 2644 retractari,
1557 2583 1626 2662 per
1653 2557 1758 2634 curie
1788 2575 1911 2636 nostre

487 2691 694 2800 judicium,
714 2688 856 2767 dictum
881 2685 952 2764 luit
973 2687 1096 2794 quod,
1118 2714 1196 2764 non
1219 2686 1456 2766 obstantibus
1478 2686 1657 2795 predictis
1682 2717 1748 2794 per
1774 2687 1912 2767 dicmur

493 2821 673 2900 Iacobum
702 2819 919 2929 propositis,
946 2819 1120 2924 inquesta
1141 2817 1307 2924 predicta
1330 2817 1424 2896 olim
1448 2816 1555 2896 sacta.
1570 2834 1699 2896 contre
1724 2819 1849 2926 ipsum
1877 2840 1913 2898 11

492 2953 585 3030 alios
604 2952 643 3029 11
661 2979 705 3028 11
722 2965 932 3038 contentos,
951 2964 989 3026 et
1001 2947 1215 3056 judicatum
1229 2949 1445 3055 predictum
1458 2977 1503 3026 ex
1518 2977 1561 3028 es
1577 2967 1773 3057 sequtum,
1790 2951 1830 3028 in
1844 2981 1909 3030 suo

492 3084 627 3162 robore
647 3080 912 3168 remanebunt,
936 3096 974 3158 et
997 3079 1046 3158 ad
1069 3079 1316 3187 punicionem
1334 3079 1477 3158 fraudis
1498 3095 1538 3157 et
1555 3079 1635 3161 doli
1656 3080 1907 3189 predictorum

492 3215 530 3292 iu
553 3212 772 3321 hujusmodi
796 3211 1082 3290 commissorum
1103 3211 1206 3290 curia
1227 3228 1372 3304 nostra,
1392 3228 1507 3318 prout
1524 3211 1660 3292 viderit
1677 3211 1905 3303 laciendum,

490 3346 682 3453 procedet.

547 3476 647 3554 lovis
668 3491 754 3583 post
770 3474 949 3552 Sanctum
969 3473 1190 3552 Barnabaru.

545 3607 751 3688 Melleutus
767 3605 980 3713 reportavit.

544 3873 586 3947 L.
618 3872 738 3961 Cum,
769 3899 883 3976 super
909 3869 1203 3948 denunciacioue
1232 3869 1326 3950 lacta
1355 3885 1486 3950 contra
1518 3870 1768 3950 Guillelmum
1803 3872 1850 3949 de
1872 3871 1904 3948 la

488 3998 648 4089 Brizola,
677 3999 856 4088 militem,
882 4028 924 4076 ac
943 4001 1167 4106 Huguetam,
1192 4001 1274 4108 ejus
1294 4027 1466 4090 uxorem,
1489 4030 1602 4108 super
1626 4017 1772 4108 septem
1796 4001 1903 4109 peciis

489 4131 586 4219 auri,
620 4159 688 4237 per
715 4131 942 4238 Huguetam,
964 4129 1131 4207 relictam
1154 4132 1323 4239 Hugonis
1347 4129 1394 4209 de
1422 4133 1617 4224 Macerou,
1638 4148 1678 4210 et
1696 4131 1900 4226 Relictam,

489 4262 571 4369 ejus
589 4253 732 4350 lilium,
752 4278 795 4338 ut
814 4260 1019 4352 dicebatur,
1046 4263 1206 4369 repertis
1225 4279 1264 4340 et
1286 4263 1431 4342 edictis
1448 4264 1673 4374 conjugibus
1695 4263 1846 4357 habitis,
1869 4280 1903 4339 et

487 4421 661 4500 percos,
689 4410 732 4472 11
751 4391 956 4484 dicebatur,
985 4392 1171 4484 recolatis,
1198 4393 1339 4474 ballivo
1368 4411 1499 4474 nostro
1523 4395 1808 4488 Matisconensi,
1835 4422 1902 4472 una

488 4555 574 4604 cum
594 4524 772 4634 gurdiano
799 4523 1061 4634 Lugdunensi,
1089 4523 1161 4603 sibi
1184 4553 1253 4632 per
1275 4552 1344 4602 nos
1373 4553 1555 4606 excausa
1585 4523 1779 4633 adjuncto,
1807 4553 1902 4604 com·

488 4656 643 4733 missum
659 4654 791 4734 firisset
805 4655 962 4763 inquiri,
979 4673 1020 4733 11
1036 4655 1126 4762 quia
1143 4655 1303 4762 predicti
1314 4653 1443 4734 relicta
1454 4672 1494 4734 et
1508 4655 1682 4736 Heliotus
1697 4672 1737 4734 et
1753 4653 1902 4762 quidem

487 4785 549 4863 alii
565 4802 701 4877 testes,
722 4786 788 4893 qui
801 4814 870 4893 per
883 4787 983 4893 ipsos
1000 4785 1179 4866 ballivum
1200 4802 1238 4866 et
1254 4786 1477 4895 gordianum
1497 4813 1610 4894 super
1625 4784 1805 4894 predictis
1827 4813 1902 4862 exa·

487 4915 617 4995 minati
647 4915 814 5006 fueraut,
842 4945 967 4997 coram
998 4915 1174 5028 gentibus
1201 4917 1354 5007 nostris,
1380 4934 1524 5023 postea-
1538 4917 1686 4996 reducti
1715 4917 1756 4994 iu
1788 4915 1901 5024 vigilia

487 5049 624 5128 Pascbe
650 5047 787 5126 ultimo
807 5049 1000 5153 preterita,
1028 5077 1096 5155 per
1120 5050 1332 5155 juramenti
1355 5077 1422 5126 sua
1455 5064 1694 5128 asseruerunt
1711 5076 1772 5138 se,
1801 5063 1900 5124 metu
