4450 6209
519 707 591 783 tet
1097 703 1187 779 LES
1217 700 1355 777 OLIM.

290 862 421 921 emma
432 862 478 929 1v,
515 847 777 955 Hippi-Fonte,
791 872 1007 953 proponens
1021 843 1129 951 quod
1144 844 1236 923 dicti
1255 842 1539 923 archidiaconus
1561 860 1599 921 et
1612 841 1735 921 abbes-
1744 860 1783 921 et
1796 872 1947 923 consen·

352 957 417 1003 ¹³⁰⁹·
516 997 580 1057 tue
607 977 931 1061 sance-Bermioi
956 976 1130 1057 ieceruntv
1146 973 1228 1055 fieri
1256 974 1304 1053 de
1331 1001 1429 1055 noro
1453 972 1647 1083 quoddam
1676 974 1937 1053 molendinum

517 1110 617 1215 apud
628 1109 973 1198 Caumont,contra
983 1105 1258 1199 irenchesieset
1269 1104 1563 1185 consuetudines
1571 1102 1882 1185 molendinorum
1891 1105 1938 1183 de

516 1240 681 1333 Chauci,
698 1268 773 1347 que
790 1237 1010 1319 molendina
1020 1234 1454 1319 dictummoneeterium
1468 1234 1515 1315 de
1532 1234 1936 1343 &adiungit-Fonte,

515 1372 588 1452 sub
609 1398 737 1450 annuo
756 1398 891 1459 censu,
912 1386 1017 1447 tenet
1036 1368 1205 1457 anobis,
1227 1366 1381 1473 petebat
1398 1365 1502 1473 'quod
1515 1366 1660 1447 dictim
1674 1365 1937 1447 molendinum

514 1532 583 1607 per
601 1519 732 1608 gentes
752 1518 899 1580 nostras
919 1500 1147 1588 dirueretur,
1169 1526 1257 1575 cum
1274 1513 1379 1579 esset
1392 1514 1432 1577 et
1449 1497 1582 1577 sideest
1593 1495 1742 1577 dotum
1752 1514 1938 1577 mneste-

513 1633 615 1709 rium
635 1632 675 1707 in
691 1631 825 1710 saisina
839 1629 999 1709 faciendi
1020 1629 1121 1707 dirui
1142 1658 1210 1739 per
1228 1645 1360 1736 gentes
1379 1646 1529 1709 nostres
1543 1627 1766 1709 molendina
1781 1628 1874 1707 alias
1892 1628 1936 1705 de

515 1790 614 1839 novo
640 1760 751 1851 sacta,
775 1778 903 1839 contra
928 1760 1153 1839 franchesias
1178 1776 1215 1837 et
1238 1758 1532 1837 consuetudines
1558 1757 1868 1839 molendinorum
1893 1758 1937 1835 de

514 1892 663 1971 Chauni
690 1892 966 1999 predictorum,
992 1908 1097 1999 parte
1124 1891 1312 1969 dictorum
1337 1890 1589 1969 archidiaconi
1615 1908 1654 1981 et
1677 1889 1938 1997 religiosorum

515 2024 744 2104 contrarium
770 2040 978 2114 asserente,
1000 2022 1226 2129 dicenteque
1246 2022 1408 2129 sejuste
1431 2020 1561 2101 secisse
1574 2021 1938 2103 -dictummolendi-

515 2183 626 2245 uum,
649 2171 687 2233 et
700 2182 810 2261 poree
827 2154 958 2232 fecisse
980 2153 1026 2231 de
1046 2152 1324 2231 consuetudine
1343 2152 1479 2261 patrie,
1498 2170 1588 2232 cum
1607 2152 1648 2233 iu
1668 2151 1773 2231 dicta·
1786 2151 1937 2232 rilinde

515 2283 703 2364 Caumont
721 2283 807 2391 ipse,
820 2299 859 2361 et
878 2284 966 2361 dicti
986 2281 1101 2371 abbas
1121 2299 1160 2361 et
1178 2299 1384 2364 conventus
1402 2280 1694 2366 Beati-Berthini
1710 2283 1877 2363 bahem
1890 2284 1939 2365 at-

514 2430 590 2493 tam
606 2432 646 2493 et
662 2414 808 2495 bessam
822 2415 1031 2523 justiciam,
1049 2413 1354 2519 habitatoresque
1363 2412 1467 2492 dicte
1486 2412 1664 2495 viiiemon
1678 2414 1937 2494 sintbannerii

514 2544 673 2653 alicujus
689 2578 698 2623 ε
712 2545 812 2628 Visis
827 2546 943 2654 igitur
959 2545 1133 2651 inquesta
1146 2560 1186 2622 et
1200 2543 1532 2627 commissionibus
1545 2543 1653 2625 iactis
1664 2548 1938 2653 superpredio·

513 2677 578 2764 tis,
593 2704 663 2783 per
675 2678 780 2755 curie
803 2693 931 2758 nostre
943 2676 1151 2783 judicium,
1171 2674 1344 2781 inquesta
1361 2674 1529 2781 predicte
1546 2676 1785 2784 etquiequid
1794 2678 1936 2759 dotum

514 2808 636 2885 extitit
654 2809 694 2885 io
711 2833 771 2899 ea,
788 2826 943 2916 propter
962 2806 1091 2913 plures
1112 2804 1283 2886 defectus
1303 2823 1475 2912 repertos
1489 2806 1651 2899 ibidem,
1669 2807 1829 2891 sumunt
1845 2826 1939 2889 tota-

513 2938 600 3027 liter
621 2938 802 3028 anulleta,
821 2938 922 3017 selvo
935 2938 1022 3045 jure
1042 2937 1157 3045 partis
1176 2936 1381 3045 cujuslibet
1399 2937 1439 3016 in
1458 2937 1604 3047 agendo
1618 2956 1656 3019 et
1675 2938 1936 3034 defendendo,

512 3070 610 3146 sicut
629 3085 707 3146 erat
721 3086 892 3175 tempore
912 3085 1016 3149 mete
1036 3068 1113 3148 litis
1133 3062 1314 3176 predicte.

569 3200 670 3280 Jovis
687 3216 774 3307 post
789 3199 901 3279 Oculi
916 3200 1005 3277 mei.

568 3332 618 3409 M.
640 3332 680 3411 P.
703 3332 866 3440 Μαῦροι]
884 3333 1097 3437 reportavit.

566 3596 690 3676 LXIV.
721 3598 825 3675 Mota
843 3595 1042 3702 queeuonc
1063 3595 1163 3671 inter
1179 3593 1374 3675 Matheum.
1394 3594 1443 3677 de
1463 3595 1578 3701 Roye,
1596 3594 1778 3685 mutem,
1800 3625 1845 3677 ex
1862 3624 1935 3675 nne

508 3744 632 3833 parte,
651 3743 692 3803 et
704 3727 888 3833 majorem
904 3741 942 3804 et
952 3726 1099 3833 juratos
1113 3724 1213 3803 dicte
1229 3723 1332 3816 viiie,
1348 3723 1539 3813 eueltera,
1556 3754 1727 3833 supereo
1739 3728 1848 3834 quod
1860 3728 1935 3806 dic-

508 3874 574 3933 tus
588 3855 697 3936 miles
713 3854 864 3933 dicebat
876 3856 980 3961 quod
990 3912 1004 3944 ,
1016 3884 1102 3932 cum
1114 3854 1309 3935 iohannes
1318 3855 1483 3937 Romus
1498 3856 1853 3964 emissetqrmndam
1868 3856 1935 3937 do-

509 4015 617 4063 mum
634 3986 838 4065 aJohenne
858 3986 896 4064 le
910 3986 1061 4090 Cointe,
1073 3988 1244 4094 Margus,
1262 3986 1344 4095 ejus
1355 4015 1494 4081 ‘uxore
1509 3990 1687 4077 eruero,
1699 3989 1783 4097 ejus
1801 3988 1931 4079 fratre,

509 4148 621 4224 quam
635 4118 793 4197 domum
807 4117 1037 4203 Guillelmus
1048 4116 1084 4195 le
1099 4117 1252 4197 Coiutes
1267 4134 1306 4198 et
1315 4117 1511 4201 Florenoio
1521 4165 1534 4208 ς
1544 4118 1630 4227 ejus
1640 4148 1744 4210 uror,
1756 4120 1933 4227 petebant

507 4278 576 4356 per
594 4266 813 4340 retractum,
836 4250 991 4327 nomine
1010 4248 1258 4356 proximitatis
1278 4248 1377 4327 dicte
1397 4248 1610 4343 Florencie,
1631 4249 1758 4329 uxoris
1771 4251 1932 4357 predicti

506 4379 724 4471 Guilielmi,
748 4382 869 4489 major
892 4397 930 4457 et
948 4380 1064 4488 jurati
1084 4378 1245 4485 predicti
1261 4378 1526 4484 judicaverunt
1549 4380 1653 4465 dicto
1670 4380 1877 4463 Guillelno
1897 4400 1933 4460 et

472 4597 477 4611 ι
506 4514 535 4587 F
536 4512 758 4603 lorenciam,
773 4528 967 4618 tamquam
982 4509 1246 4619 proximiores,
1264 4509 1311 4586 ad
1329 4509 1474 4588 dictum
1491 4528 1693 4589 retractum
1714 4512 1854 4592 debere
1871 4514 1932 4591 ad·

507 4644 630 4736 mitti,
651 4642 822 4749 predicto
842 4642 962 4722 milite
992 4640 1140 4726 dicente
1161 4638 1420 4747 cognicionem
1440 4640 1662 4749 hujusmodi
1682 4670 1793 4723 cause
1812 4644 1859 4724 ad
1877 4644 1931 4750 ip

508 4804 608 4863 sum,
636 4804 714 4855 non
738 4776 787 4855 ad
812 4775 995 4883 majorem
1022 4791 1060 4853 et
1079 4774 1226 4882 juratos
1251 4772 1440 4881 predictos
1466 4776 1673 4881 pertinere,
1700 4806 1787 4855 cum
1811 4778 1931 4856 dictus

507 4906 680 4987 Matheus
696 4922 794 4987 esset
810 4909 850 4983 in
865 4906 1018 4995 saisina,
1037 4922 1080 4981 ut
1099 4904 1265 4994 dicebat,
1286 4906 1536 5013 cognoscendi
1552 4907 1601 4987 de
1614 4924 1779 4987 retractu
1796 4909 1930 4987 domus

505 5035 675 5142 predicte
700 5054 738 5115 et
759 5037 914 5120 aliarum
937 5066 1013 5143 que
1037 5035 1141 5142 apud
1160 5036 1303 5143 Royem
1321 5038 1369 5115 ad
1390 5065 1546 5119 censum
1566 5038 1613 5117 ab
1632 5039 1721 5146 ipso
1733 5056 1926 5128 tenentum
