<?xml version="1.0" encoding="UTF-8"?>
<!DOCTYPE html PUBLIC "-//W3C//DTD XHTML 1.0 Transitional//EN"
    "http://www.w3.org/TR/xhtml1/DTD/xhtml1-transitional.dtd">
<html xmlns="http://www.w3.org/1999/xhtml" xml:lang="en" lang="en">
 <head>
  <title>
</title>
<meta http-equiv="Content-Type" content="text/html;charset=utf-8" />
  <meta name='ocr-system' content='tesseract 3.04.00' />
  <meta name='ocr-capabilities' content='ocr_page ocr_carea ocr_par ocr_line ocrx_word'/>
</head>
<body>
  <div class='ocr_page' id='page_1' title='image "./lesolimouregist00parigoog_0269.png"; bbox 0 0 4450 6209; ppageno 0'>
   <div class='ocr_carea' id='block_1_1' title="bbox 424 725 1263 808">
    <p class='ocr_par' dir='ltr' id='par_1_1' title="bbox 424 725 1263 808">
     <span class='ocr_line' id='line_1_1' title="bbox 424 725 1263 808; baseline -0.007 0"><span class='ocrx_word' id='word_1_1' title='bbox 424 733 496 808; x_wconf 79' lang='lat'><strong>170</strong></span> <span class='ocrx_word' id='word_1_2' title='bbox 1003 725 1095 805; x_wconf 87' lang='lat' dir='ltr'><strong>LES</strong></span> <span class='ocrx_word' id='word_1_3' title='bbox 1125 727 1263 806; x_wconf 87' lang='lat' dir='ltr'><strong>OLIM.</strong></span> 
     </span>
    </p>
   </div>
   <div class='ocr_carea' id='block_1_2' title="bbox 192 869 1850 1509">
    <p class='ocr_par' dir='ltr' id='par_1_2' title="bbox 192 869 1850 1379">
     <span class='ocr_line' id='line_1_2' title="bbox 192 869 1847 982; baseline 0.001 -28"><span class='ocrx_word' id='word_1_4' title='bbox 192 885 325 945; x_wconf 70' lang='lat' dir='ltr'><strong>Portum</strong></span> <span class='ocrx_word' id='word_1_5' title='bbox 337 885 384 950; x_wconf 81' lang='lat' dir='ltr'><strong>tv,</strong></span> <span class='ocrx_word' id='word_1_6' title='bbox 421 895 575 954; x_wconf 90' lang='lat' dir='ltr'><strong>centum</strong></span> <span class='ocrx_word' id='word_1_7' title='bbox 592 874 722 965; x_wconf 90' lang='lat' dir='ltr'><strong>libras,</strong></span> <span class='ocrx_word' id='word_1_8' title='bbox 744 869 834 980; x_wconf 83' lang='lat' dir='ltr'><strong>quia</strong></span> <span class='ocrx_word' id='word_1_9' title='bbox 851 872 1058 978; x_wconf 83' lang='lat' dir='ltr'>quemdam</span> <span class='ocrx_word' id='word_1_10' title='bbox 1079 891 1295 980; x_wconf 89' lang='lat' dir='ltr'><strong>suspectum</strong></span> <span class='ocrx_word' id='word_1_11' title='bbox 1308 874 1357 955; x_wconf 82' lang='lat' dir='ltr'><strong>de</strong></span> <span class='ocrx_word' id='word_1_12' title='bbox 1377 873 1479 954; x_wconf 79' lang='lat' dir='ltr'><strong>furto</strong></span> <span class='ocrx_word' id='word_1_13' title='bbox 1494 873 1596 959; x_wconf 65' lang='lat' dir='ltr'><strong>abire</strong></span> <span class='ocrx_word' id='word_1_14' title='bbox 1611 878 1847 982; x_wconf 81' lang='lat' dir='ltr'><strong>permiserat,</strong></span> 
     </span>
     <span class='ocr_line' id='line_1_3' title="bbox 420 1002 1850 1110; baseline 0.003 -24"><span class='ocrx_word' id='word_1_15' title='bbox 420 1010 640 1086; x_wconf 89' lang='lat' dir='ltr'><strong>mandatum</strong></span> <span class='ocrx_word' id='word_1_16' title='bbox 661 1024 717 1085; x_wconf 85' lang='lat' dir='ltr'><strong>est</strong></span> <span class='ocrx_word' id='word_1_17' title='bbox 737 1004 876 1082; x_wconf 85' lang='lat' dir='ltr'><strong>ballivo</strong></span> <span class='ocrx_word' id='word_1_18' title='bbox 898 1002 1002 1110; x_wconf 90' lang='lat' dir='ltr'><strong>quod</strong></span> <span class='ocrx_word' id='word_1_19' title='bbox 1022 1005 1139 1083; x_wconf 85' lang='lat' dir='ltr'><strong>dictas</strong></span> <span class='ocrx_word' id='word_1_20' title='bbox 1161 1023 1312 1084; x_wconf 90' lang='lat' dir='ltr'><strong>centum</strong></span> <span class='ocrx_word' id='word_1_21' title='bbox 1332 1005 1446 1085; x_wconf 89' lang='lat' dir='ltr'><strong>libras</strong></span> <span class='ocrx_word' id='word_1_22' title='bbox 1467 1035 1545 1087; x_wconf 90' lang='lat' dir='ltr'><strong>nou</strong></span> <span class='ocrx_word' id='word_1_23' title='bbox 1565 1009 1677 1096; x_wconf 69' lang='lat' dir='ltr'><strong>bret,</strong></span> <span class='ocrx_word' id='word_1_24' title='bbox 1698 1011 1765 1089; x_wconf 86' lang='lat' dir='ltr'><strong>sed</strong></span> <span class='ocrx_word' id='word_1_25' title='bbox 1787 1039 1850 1090; x_wconf 90' lang='lat' dir='ltr'><strong>su-</strong></span> 
     </span>
     <span class='ocr_line' id='line_1_4' title="bbox 420 1135 1850 1248; baseline 0.002 -30"><span class='ocrx_word' id='word_1_26' title='bbox 420 1170 489 1248; x_wconf 91' lang='lat' dir='ltr'><strong>per</strong></span> <span class='ocrx_word' id='word_1_27' title='bbox 504 1137 723 1247; x_wconf 87' lang='lat' dir='ltr'><strong>hujusmodi</strong></span> <span class='ocrx_word' id='word_1_28' title='bbox 742 1135 838 1213; x_wconf 78' lang='lat' dir='ltr'><strong>sacto</strong></span> <span class='ocrx_word' id='word_1_29' title='bbox 857 1154 985 1212; x_wconf 87' lang='lat' dir='ltr'><strong>contra</strong></span> <span class='ocrx_word' id='word_1_30' title='bbox 1001 1137 1126 1242; x_wconf 87' lang='lat' dir='ltr'><strong>ipsum</strong></span> <span class='ocrx_word' id='word_1_31' title='bbox 1147 1137 1305 1215; x_wconf 92' lang='lat' dir='ltr'><strong>civiliter</strong></span> <span class='ocrx_word' id='word_1_32' title='bbox 1318 1140 1514 1244; x_wconf 90' lang='lat' dir='ltr'><strong>procedat,</strong></span> <span class='ocrx_word' id='word_1_33' title='bbox 1534 1157 1648 1246; x_wconf 85' lang='lat' dir='ltr'><strong>prout</strong></span> <span class='ocrx_word' id='word_1_34' title='bbox 1662 1141 1709 1217; x_wconf 88' lang='lat' dir='ltr'><strong>ad</strong></span> <span class='ocrx_word' id='word_1_35' title='bbox 1725 1143 1850 1248; x_wconf 89' lang='lat' dir='ltr'><strong>ipsum</strong></span> 
     </span>
     <span class='ocr_line' id='line_1_5' title="bbox 420 1271 782 1379; baseline 0.017 -27"><span class='ocrx_word' id='word_1_36' title='bbox 420 1271 596 1379; x_wconf 67' lang='lat' dir='ltr'><strong>peninar,</strong></span> <span class='ocrx_word' id='word_1_37' title='bbox 777 1350 782 1358; x_wconf 93' lang='lat'><em>.</em></span> 
     </span>
    </p>

    <p class='ocr_par' dir='ltr' id='par_1_3' title="bbox 472 1401 1464 1509">
     <span class='ocr_line' id='line_1_6' title="bbox 472 1401 1464 1509; baseline -0.003 -26"><span class='ocrx_word' id='word_1_38' title='bbox 472 1403 666 1492; x_wconf 76' lang='lat' dir='ltr'><strong>ln&#39;rotulo</strong></span> <span class='ocrx_word' id='word_1_39' title='bbox 691 1401 807 1509; x_wconf 85' lang='lat' dir='ltr'><strong>hujus</strong></span> <span class='ocrx_word' id='word_1_40' title='bbox 819 1401 1049 1509; x_wconf 78' lang='lat' dir='ltr'><strong>¹parlamenti</strong></span> <span class='ocrx_word' id='word_1_41' title='bbox 1069 1402 1219 1509; x_wconf 78' lang='lat' dir='ltr'>plenius</span> <span class='ocrx_word' id='word_1_42' title='bbox 1239 1403 1464 1482; x_wconf 84' lang='lat' dir='ltr'><strong>continetur.</strong></span> 
     </span>
    </p>
   </div>
   <div class='ocr_carea' id='block_1_3' title="bbox 254 979 319 1024">
    <p class='ocr_par' dir='ltr' id='par_1_4' title="bbox 254 979 319 1024">
     <span class='ocr_line' id='line_1_7' title="bbox 254 979 319 1024; baseline 0.062 -4"><span class='ocrx_word' id='word_1_43' title='bbox 254 979 319 1024; x_wconf 67' lang='lat'>1³00·</span> 
     </span>
    </p>
   </div>
   <div class='ocr_carea' id='block_1_4' title="bbox 421 1649 1987 4012">
    <p class='ocr_par' dir='ltr' id='par_1_5' title="bbox 421 1649 1987 3879">
     <span class='ocr_line' id='line_1_8' title="bbox 478 1649 1851 1775; baseline 0.001 -28"><span class='ocrx_word' id='word_1_44' title='bbox 478 1668 604 1751; x_wconf 83' lang='lat' dir='ltr'><strong>XXVI.</strong></span> <span class='ocrx_word' id='word_1_45' title='bbox 635 1670 677 1744; x_wconf 92' lang='lat' dir='ltr'><strong>In</strong></span> <span class='ocrx_word' id='word_1_46' title='bbox 711 1649 828 1755; x_wconf 80' lang='lat' dir='ltr'><strong>causa¹</strong></span> <span class='ocrx_word' id='word_1_47' title='bbox 847 1665 1114 1775; x_wconf 86' lang='lat' dir='ltr'><strong>appellacionis</strong></span> <span class='ocrx_word' id='word_1_48' title='bbox 1133 1696 1171 1746; x_wconf 80' lang='lat' dir='ltr'><strong>=a</strong></span> <span class='ocrx_word' id='word_1_49' title='bbox 1198 1667 1370 1774; x_wconf 88' lang='lat' dir='ltr'><strong>judicato</strong></span> <span class='ocrx_word' id='word_1_50' title='bbox 1403 1667 1583 1774; x_wconf 82' lang='lat' dir='ltr'>prepositi</span> <span class='ocrx_word' id='word_1_51' title='bbox 1618 1671 1851 1763; x_wconf 88' lang='lat' dir='ltr'><strong>Parisiensis,</strong></span> 
     </span>
     <span class='ocr_line' id='line_1_9' title="bbox 421 1798 1856 1908; baseline 0.001 -32"><span class='ocrx_word' id='word_1_52' title='bbox 421 1798 519 1890; x_wconf 80' lang='lat' dir='ltr'><strong>sacto</strong></span> <span class='ocrx_word' id='word_1_53' title='bbox 534 1817 666 1879; x_wconf 82' lang='lat' dir='ltr'><strong>centra</strong></span> <span class='ocrx_word' id='word_1_54' title='bbox 685 1799 889 1881; x_wconf 88' lang='lat' dir='ltr'><strong>Henricum</strong></span> <span class='ocrx_word' id='word_1_55' title='bbox 905 1800 954 1878; x_wconf 87' lang='lat' dir='ltr'><strong>de</strong></span> <span class='ocrx_word' id='word_1_56' title='bbox 970 1799 1152 1908; x_wconf 84' lang='lat' dir='ltr'><strong>Traynel,</strong></span> <span class='ocrx_word' id='word_1_57' title='bbox 1170 1800 1345 1891; x_wconf 86' lang='lat' dir='ltr'><strong>militem,</strong></span> <span class='ocrx_word' id='word_1_58' title='bbox 1368 1801 1414 1877; x_wconf 88' lang='lat' dir='ltr'><strong>ad</strong></span> <span class='ocrx_word' id='word_1_59' title='bbox 1435 1801 1579 1878; x_wconf 84' lang='lat' dir='ltr'><strong>curiam</strong></span> <span class='ocrx_word' id='word_1_60' title='bbox 1599 1814 1766 1878; x_wconf 87' lang='lat' dir='ltr'><strong>nostram</strong></span> <span class='ocrx_word' id='word_1_61' title='bbox 1788 1830 1856 1908; x_wconf 88' lang='lat' dir='ltr'><strong>por</strong></span> 
     </span>
     <span class='ocr_line' id='line_1_10' title="bbox 425 1907 1857 2040; baseline 0.003 -34"><span class='ocrx_word' id='word_1_62' title='bbox 425 1931 748 2013; x_wconf 81' lang='lat' dir='ltr'><strong>dictummib&#39;tem</strong></span> <span class='ocrx_word' id='word_1_63' title='bbox 762 1933 1002 2040; x_wconf 80' lang='lat' dir='ltr'>interposite,</span> <span class='ocrx_word' id='word_1_64' title='bbox 1018 1931 1059 2010; x_wconf 93' lang='lat' dir='ltr'><strong>in</strong></span> <span class='ocrx_word' id='word_1_65' title='bbox 1075 1961 1184 2015; x_wconf 85' lang='lat' dir='ltr'><strong>causa</strong></span> <span class='ocrx_word' id='word_1_66' title='bbox 1199 1961 1273 2040; x_wconf 91' lang='lat' dir='ltr'><strong>que</strong></span> <span class='ocrx_word' id='word_1_67' title='bbox 1288 1907 1503 2012; x_wconf 79' lang='lat' dir='ltr'><strong>vertebatui</strong></span> <span class='ocrx_word' id='word_1_68' title='bbox 1518 1959 1642 2012; x_wconf 89' lang='lat' dir='ltr'><strong>coram</strong></span> <span class='ocrx_word' id='word_1_69' title='bbox 1658 1932 1760 2010; x_wconf 90' lang='lat' dir='ltr'><strong>dicto</strong></span> <span class='ocrx_word' id='word_1_70' title='bbox 1774 1963 1857 2040; x_wconf 86' lang='lat' dir='ltr'><strong>pre·</strong></span> 
     </span>
     <span class='ocr_line' id='line_1_11' title="bbox 424 2060 1853 2172; baseline 0.001 -33"><span class='ocrx_word' id='word_1_71' title='bbox 424 2060 548 2167; x_wconf 86' lang='lat' dir='ltr'><strong>posito</strong></span> <span class='ocrx_word' id='word_1_72' title='bbox 570 2061 888 2155; x_wconf 67' lang='lat' dir='ltr'><strong>interdominam</strong></span> <span class='ocrx_word' id='word_1_73' title='bbox 907 2064 1126 2170; x_wconf 74' lang='lat' dir='ltr'><strong>dte-Langia,</strong></span> <span class='ocrx_word' id='word_1_74' title='bbox 1149 2093 1193 2142; x_wconf 82' lang='lat' dir='ltr'><strong>er</strong></span> <span class='ocrx_word' id='word_1_75' title='bbox 1210 2091 1286 2143; x_wconf 88' lang='lat' dir='ltr'><strong>una</strong></span> <span class='ocrx_word' id='word_1_76' title='bbox 1304 2081 1426 2170; x_wconf 85' lang='lat' dir='ltr'><strong>parte,</strong></span> <span class='ocrx_word' id='word_1_77' title='bbox 1450 2081 1487 2142; x_wconf 84' lang='lat' dir='ltr'><strong>et</strong></span> <span class='ocrx_word' id='word_1_78' title='bbox 1510 2063 1658 2172; x_wconf 85' lang='lat' dir='ltr'><strong>dictum</strong></span> <span class='ocrx_word' id='word_1_79' title='bbox 1679 2063 1853 2154; x_wconf 86' lang='lat' dir='ltr'><strong>militem,</strong></span> 
     </span>
     <span class='ocr_line' id='line_1_12' title="bbox 426 2185 1856 2302; baseline 0.001 -32"><span class='ocrx_word' id='word_1_80' title='bbox 426 2193 621 2283; x_wconf 74' lang='lat' dir='ltr'><strong>exaltem,</strong></span> <span class='ocrx_word' id='word_1_81' title='bbox 647 2223 718 2300; x_wconf 87' lang='lat' dir='ltr'><strong>per</strong></span> <span class='ocrx_word' id='word_1_82' title='bbox 745 2195 851 2300; x_wconf 90' lang='lat' dir='ltr'><strong>quod</strong></span> <span class='ocrx_word' id='word_1_83' title='bbox 871 2195 1086 2302; x_wconf 87' lang='lat' dir='ltr'><strong>judicatum</strong></span> <span class='ocrx_word' id='word_1_84' title='bbox 1116 2193 1417 2302; x_wconf 84' lang='lat' dir='ltr'><strong>condempnatus</strong></span> <span class='ocrx_word' id='word_1_85' title='bbox 1445 2193 1568 2272; x_wconf 86' lang='lat' dir='ltr'><strong>suerat</strong></span> <span class='ocrx_word' id='word_1_86' title='bbox 1594 2185 1718 2272; x_wconf 88' lang='lat' dir='ltr'><strong>dictus</strong></span> <span class='ocrx_word' id='word_1_87' title='bbox 1745 2194 1856 2272; x_wconf 86' lang='lat' dir='ltr'><strong>miles</strong></span> 
     </span>
     <span class='ocr_line' id='line_1_13' title="bbox 425 2323 1854 2432; baseline 0 -30"><span class='ocrx_word' id='word_1_88' title='bbox 425 2323 474 2402; x_wconf 82' lang='lat' dir='ltr'><strong>ad</strong></span> <span class='ocrx_word' id='word_1_89' title='bbox 488 2324 752 2430; x_wconf 87' lang='lat' dir='ltr'><strong>recipiendum</strong></span> <span class='ocrx_word' id='word_1_90' title='bbox 771 2327 818 2402; x_wconf 89' lang='lat' dir='ltr'><strong>ad</strong></span> <span class='ocrx_word' id='word_1_91' title='bbox 836 2326 1055 2432; x_wconf 85' lang='lat' dir='ltr'><strong>homagium</strong></span> <span class='ocrx_word' id='word_1_92' title='bbox 1072 2343 1111 2403; x_wconf 86' lang='lat' dir='ltr'><strong>et</strong></span> <span class='ocrx_word' id='word_1_93' title='bbox 1128 2325 1352 2404; x_wconf 85' lang='lat' dir='ltr'><strong>fidelitatem</strong></span> <span class='ocrx_word' id='word_1_94' title='bbox 1364 2354 1476 2403; x_wconf 86' lang='lat' dir='ltr'><strong>suam</strong></span> <span class='ocrx_word' id='word_1_95' title='bbox 1495 2323 1690 2432; x_wconf 88' lang='lat' dir='ltr'><strong>Egidium,</strong></span> <span class='ocrx_word' id='word_1_96' title='bbox 1709 2324 1854 2402; x_wconf 88' lang='lat' dir='ltr'><strong>dictum</strong></span> 
     </span>
     <span class='ocr_line' id='line_1_14' title="bbox 426 2454 1987 2566; baseline -0.001 -31"><span class='ocrx_word' id='word_1_97' title='bbox 426 2454 587 2564; x_wconf 75' lang='lat' dir='ltr'><strong>Grange,</strong></span> <span class='ocrx_word' id='word_1_98' title='bbox 613 2458 842 2566; x_wconf 77' lang='lat' dir='ltr'><strong>armigerum</strong></span> <span class='ocrx_word' id='word_1_99' title='bbox 863 2474 1052 2549; x_wconf 82' lang='lat' dir='ltr'><strong>nostrum,</strong></span> <span class='ocrx_word' id='word_1_100' title='bbox 1076 2458 1124 2536; x_wconf 91' lang='lat' dir='ltr'><strong>de</strong></span> <span class='ocrx_word' id='word_1_101' title='bbox 1145 2475 1244 2536; x_wconf 88' lang='lat' dir='ltr'><strong>terra</strong></span> <span class='ocrx_word' id='word_1_102' title='bbox 1266 2487 1382 2564; x_wconf 89' lang='lat' dir='ltr'><strong>quam</strong></span> <span class='ocrx_word' id='word_1_103' title='bbox 1404 2456 1558 2534; x_wconf 87' lang='lat' dir='ltr'><strong>tenebat</strong></span> <span class='ocrx_word' id='word_1_104' title='bbox 1583 2455 1682 2535; x_wconf 86' lang='lat' dir='ltr'><strong>dicta</strong></span> <span class='ocrx_word' id='word_1_105' title='bbox 1702 2456 1856 2536; x_wconf 84' lang='lat' dir='ltr'><strong>domina</strong></span> <span class='ocrx_word' id='word_1_106' title='bbox 1981 2555 1987 2566; x_wconf 24' lang='lat' dir='ltr'>x</span> 
     </span>
     <span class='ocr_line' id='line_1_15' title="bbox 425 2585 1854 2696; baseline 0.001 -33"><span class='ocrx_word' id='word_1_107' title='bbox 425 2588 575 2678; x_wconf 76' lang='lat' dir='ltr'><strong>edicto</strong></span> <span class='ocrx_word' id='word_1_108' title='bbox 599 2588 737 2680; x_wconf 81' lang='lat' dir='ltr'><strong>milite,</strong></span> <span class='ocrx_word' id='word_1_109' title='bbox 769 2606 807 2667; x_wconf 89' lang='lat' dir='ltr'><strong>et</strong></span> <span class='ocrx_word' id='word_1_110' title='bbox 830 2619 945 2696; x_wconf 81' lang='lat' dir='ltr'><strong>quarn</strong></span> <span class='ocrx_word' id='word_1_111' title='bbox 971 2605 1249 2696; x_wconf 76' lang='lat' dir='ltr'><strong>permutaverat</strong></span> <span class='ocrx_word' id='word_1_112' title='bbox 1277 2618 1364 2670; x_wconf 90' lang='lat' dir='ltr'><strong>cum</strong></span> <span class='ocrx_word' id='word_1_113' title='bbox 1393 2587 1493 2664; x_wconf 85' lang='lat' dir='ltr'><strong>dicto</strong></span> <span class='ocrx_word' id='word_1_114' title='bbox 1521 2585 1673 2693; x_wconf 82' lang='lat' dir='ltr'><strong>Egidio,</strong></span> <span class='ocrx_word' id='word_1_115' title='bbox 1705 2615 1854 2666; x_wconf 86' lang='lat' dir='ltr'><strong>necnon</strong></span> 
     </span>
     <span class='ocr_line' id='line_1_16' title="bbox 424 2718 1857 2827; baseline 0.001 -31"><span class='ocrx_word' id='word_1_116' title='bbox 424 2719 475 2806; x_wconf 75' lang='lat' dir='ltr'><strong>ad</strong></span> <span class='ocrx_word' id='word_1_117' title='bbox 498 2721 779 2812; x_wconf 75' lang='lat' dir='ltr'><strong>restituendum</strong></span> <span class='ocrx_word' id='word_1_118' title='bbox 806 2721 906 2798; x_wconf 89' lang='lat' dir='ltr'><strong>dicto</strong></span> <span class='ocrx_word' id='word_1_119' title='bbox 924 2720 1063 2827; x_wconf 76' lang='lat' dir='ltr'><strong>Egidio</strong></span> <span class='ocrx_word' id='word_1_120' title='bbox 1080 2719 1224 2801; x_wconf 78' lang='lat' dir='ltr'><strong>fructus</strong></span> <span class='ocrx_word' id='word_1_121' title='bbox 1249 2737 1287 2798; x_wconf 86' lang='lat' dir='ltr'><strong>ct</strong></span> <span class='ocrx_word' id='word_1_122' title='bbox 1308 2719 1428 2799; x_wconf 85' lang='lat' dir='ltr'><strong>exitus</strong></span> <span class='ocrx_word' id='word_1_123' title='bbox 1447 2747 1543 2824; x_wconf 89' lang='lat' dir='ltr'><strong>quos</strong></span> <span class='ocrx_word' id='word_1_124' title='bbox 1569 2718 1704 2798; x_wconf 86' lang='lat' dir='ltr'><strong>exinde</strong></span> <span class='ocrx_word' id='word_1_125' title='bbox 1727 2747 1857 2825; x_wconf 84' lang='lat' dir='ltr'><strong>perce·-</strong></span> 
     </span>
     <span class='ocr_line' id='line_1_17' title="bbox 425 2838 1859 2962; baseline -0.001 -33"><span class='ocrx_word' id='word_1_126' title='bbox 425 2867 533 2955; x_wconf 84' lang='lat' dir='ltr'><strong>perat</strong></span> <span class='ocrx_word' id='word_1_127' title='bbox 551 2838 675 2930; x_wconf 88' lang='lat' dir='ltr'><strong>dictus</strong></span> <span class='ocrx_word' id='word_1_128' title='bbox 685 2851 805 2938; x_wconf 51' lang='lat' dir='ltr'><strong>&#39;miles</strong></span> <span class='ocrx_word' id='word_1_129' title='bbox 822 2867 1032 2962; x_wconf 81' lang='lat' dir='ltr'><strong>atempore</strong></span> <span class='ocrx_word' id='word_1_130' title='bbox 1052 2880 1131 2956; x_wconf 88' lang='lat' dir='ltr'><strong>quo</strong></span> <span class='ocrx_word' id='word_1_131' title='bbox 1147 2851 1270 2938; x_wconf 82' lang='lat' dir='ltr'><strong>dictus</strong></span> <span class='ocrx_word' id='word_1_132' title='bbox 1284 2849 1441 2956; x_wconf 81' lang='lat' dir='ltr'><strong>Egidius</strong></span> <span class='ocrx_word' id='word_1_133' title='bbox 1462 2849 1608 2926; x_wconf 90' lang='lat' dir='ltr'><strong>dictum</strong></span> <span class='ocrx_word' id='word_1_134' title='bbox 1623 2848 1785 2927; x_wconf 85' lang='lat' dir='ltr'><strong>militem</strong></span> <span class='ocrx_word' id='word_1_135' title='bbox 1800 2877 1859 2928; x_wconf 86' lang='lat' dir='ltr'><strong>ro-</strong></span> 
     </span>
     <span class='ocr_line' id='line_1_18' title="bbox 426 2981 1857 3089; baseline 0.001 -31"><span class='ocrx_word' id='word_1_136' title='bbox 426 2981 580 3088; x_wconf 82' lang='lat' dir='ltr'><strong>quisivit</strong></span> <span class='ocrx_word' id='word_1_137' title='bbox 601 2999 646 3059; x_wconf 87' lang='lat' dir='ltr'><strong>ut</strong></span> <span class='ocrx_word' id='word_1_138' title='bbox 670 3009 760 3070; x_wconf 84' lang='lat' dir='ltr'><strong>euru</strong></span> <span class='ocrx_word' id='word_1_139' title='bbox 786 2982 834 3059; x_wconf 88' lang='lat' dir='ltr'><strong>ad</strong></span> <span class='ocrx_word' id='word_1_140' title='bbox 865 3010 977 3063; x_wconf 86' lang='lat' dir='ltr'><strong>suum</strong></span> <span class='ocrx_word' id='word_1_141' title='bbox 1008 2983 1226 3089; x_wconf 82' lang='lat' dir='ltr'><strong>homagium</strong></span> <span class='ocrx_word' id='word_1_142' title='bbox 1252 2982 1437 3088; x_wconf 89' lang='lat' dir='ltr'><strong>reciperet</strong></span> <span class='ocrx_word' id='word_1_143' title='bbox 1462 3009 1530 3088; x_wconf 91' lang='lat' dir='ltr'><strong>pro</strong></span> <span class='ocrx_word' id='word_1_144' title='bbox 1556 2981 1857 3087; x_wconf 86' lang='lat' dir='ltr'><strong>prodictis:Viso</strong></span> 
     </span>
     <span class='ocr_line' id='line_1_19' title="bbox 427 3111 1854 3220; baseline -0.001 -28"><span class='ocrx_word' id='word_1_145' title='bbox 427 3112 629 3220; x_wconf 83' lang='lat' dir='ltr'><strong>diligenter</strong></span> <span class='ocrx_word' id='word_1_146' title='bbox 646 3142 827 3219; x_wconf 89' lang='lat' dir='ltr'><strong>processu</strong></span> <span class='ocrx_word' id='word_1_147' title='bbox 840 3114 940 3190; x_wconf 88' lang='lat' dir='ltr'><strong>inter</strong></span> <span class='ocrx_word' id='word_1_148' title='bbox 960 3114 1079 3190; x_wconf 85' lang='lat' dir='ltr'><strong>dictas</strong></span> <span class='ocrx_word' id='word_1_149' title='bbox 1097 3129 1222 3219; x_wconf 88' lang='lat' dir='ltr'><strong>partes</strong></span> <span class='ocrx_word' id='word_1_150' title='bbox 1237 3127 1364 3193; x_wconf 77' lang='lat' dir='ltr'><strong>coram</strong></span> <span class='ocrx_word' id='word_1_151' title='bbox 1383 3113 1484 3190; x_wconf 88' lang='lat' dir='ltr'><strong>dicto</strong></span> <span class='ocrx_word' id='word_1_152' title='bbox 1500 3112 1692 3218; x_wconf 82' lang='lat' dir='ltr'><strong>preposito</strong></span> <span class='ocrx_word' id='word_1_153' title='bbox 1705 3111 1854 3198; x_wconf 84' lang='lat' dir='ltr'><strong>habito,</strong></span> 
     </span>
     <span class='ocr_line' id='line_1_20' title="bbox 427 3243 1858 3353; baseline -0.001 -32"><span class='ocrx_word' id='word_1_154' title='bbox 427 3244 729 3332; x_wconf 73' lang='lat' dir='ltr'><strong>confessionibus</strong></span> <span class='ocrx_word' id='word_1_155' title='bbox 750 3246 920 3353; x_wconf 86' lang='lat' dir='ltr'><strong>parcium</strong></span> <span class='ocrx_word' id='word_1_156' title='bbox 945 3262 983 3321; x_wconf 91' lang='lat' dir='ltr'><strong>et</strong></span> <span class='ocrx_word' id='word_1_157' title='bbox 1007 3243 1143 3325; x_wconf 84' lang='lat' dir='ltr'><strong>litteris</strong></span> <span class='ocrx_word' id='word_1_158' title='bbox 1169 3243 1207 3324; x_wconf 89' lang='lat' dir='ltr'><strong>in</strong></span> <span class='ocrx_word' id='word_1_159' title='bbox 1235 3245 1392 3320; x_wconf 91' lang='lat' dir='ltr'><strong>modum</strong></span> <span class='ocrx_word' id='word_1_160' title='bbox 1418 3243 1656 3351; x_wconf 89' lang='lat' dir='ltr'><strong>probacionis</strong></span> <span class='ocrx_word' id='word_1_161' title='bbox 1673 3243 1858 3324; x_wconf 78' lang='lat' dir='ltr'><strong>exhibitis</strong></span> 
     </span>
     <span class='ocr_line' id='line_1_21' title="bbox 428 3373 1859 3484; baseline -0.003 -26"><span class='ocrx_word' id='word_1_162' title='bbox 428 3375 630 3484; x_wconf 73' lang='lat' dir='ltr'><strong>diligenter</strong></span> <span class='ocrx_word' id='word_1_163' title='bbox 649 3376 847 3483; x_wconf 85' lang='lat' dir='ltr'><strong>inspectis,</strong></span> <span class='ocrx_word' id='word_1_164' title='bbox 870 3404 938 3481; x_wconf 87' lang='lat' dir='ltr'><strong>per</strong></span> <span class='ocrx_word' id='word_1_165' title='bbox 954 3374 1057 3454; x_wconf 86' lang='lat' dir='ltr'><strong>curie</strong></span> <span class='ocrx_word' id='word_1_166' title='bbox 1078 3391 1207 3454; x_wconf 86' lang='lat' dir='ltr'><strong>nostre</strong></span> <span class='ocrx_word' id='word_1_167' title='bbox 1223 3373 1430 3480; x_wconf 82' lang='lat' dir='ltr'><strong>judicium,</strong></span> <span class='ocrx_word' id='word_1_168' title='bbox 1454 3376 1608 3454; x_wconf 90' lang='lat' dir='ltr'><strong>dictum·</strong></span> <span class='ocrx_word' id='word_1_169' title='bbox 1620 3375 1695 3452; x_wconf 86' lang='lat' dir='ltr'><strong>suit</strong></span> <span class='ocrx_word' id='word_1_170' title='bbox 1714 3391 1752 3453; x_wconf 87' lang='lat' dir='ltr'><strong>et</strong></span> <span class='ocrx_word' id='word_1_171' title='bbox 1769 3404 1859 3484; x_wconf 89' lang='lat' dir='ltr'><strong>pro-</strong></span> 
     </span>
     <span class='ocr_line' id='line_1_22' title="bbox 427 3505 1859 3614; baseline 0 -30"><span class='ocrx_word' id='word_1_172' title='bbox 427 3508 650 3589; x_wconf 80' lang='lat' dir='ltr'><strong>nunciatum</strong></span> <span class='ocrx_word' id='word_1_173' title='bbox 675 3508 776 3586; x_wconf 88' lang='lat' dir='ltr'><strong>bene</strong></span> <span class='ocrx_word' id='word_1_174' title='bbox 798 3507 913 3596; x_wconf 84' lang='lat' dir='ltr'><strong>fuisse</strong></span> <span class='ocrx_word' id='word_1_175' title='bbox 940 3535 1009 3612; x_wconf 89' lang='lat' dir='ltr'><strong>per</strong></span> <span class='ocrx_word' id='word_1_176' title='bbox 1035 3505 1180 3584; x_wconf 85' lang='lat' dir='ltr'><strong>dictum</strong></span> <span class='ocrx_word' id='word_1_177' title='bbox 1206 3507 1441 3614; x_wconf 85' lang='lat' dir='ltr'><strong>prepositum</strong></span> <span class='ocrx_word' id='word_1_178' title='bbox 1463 3507 1695 3614; x_wconf 87' lang='lat' dir='ltr'><strong>judicatum,</strong></span> <span class='ocrx_word' id='word_1_179' title='bbox 1723 3522 1763 3584; x_wconf 84' lang='lat' dir='ltr'><strong>et</strong></span> <span class='ocrx_word' id='word_1_180' title='bbox 1788 3534 1859 3612; x_wconf 89' lang='lat' dir='ltr'><strong>per</strong></span> 
     </span>
     <span class='ocr_line' id='line_1_23' title="bbox 429 3637 1771 3746; baseline -0.011 -19"><span class='ocrx_word' id='word_1_181' title='bbox 429 3641 574 3727; x_wconf 70' lang='lat' dir='ltr'><strong>duum</strong></span> <span class='ocrx_word' id='word_1_182' title='bbox 593 3640 757 3720; x_wconf 79' lang='lat' dir='ltr'><strong>mttitem</strong></span> <span class='ocrx_word' id='word_1_183' title='bbox 775 3639 874 3716; x_wconf 89' lang='lat' dir='ltr'><strong>male</strong></span> <span class='ocrx_word' id='word_1_184' title='bbox 894 3638 1141 3745; x_wconf 80' lang='lat' dir='ltr'><strong>appeliatum,</strong></span> <span class='ocrx_word' id='word_1_185' title='bbox 1157 3656 1201 3717; x_wconf 89' lang='lat' dir='ltr'><strong>et</strong></span> <span class='ocrx_word' id='word_1_186' title='bbox 1221 3641 1328 3746; x_wconf 92' lang='lat' dir='ltr'><strong>quod</strong></span> <span class='ocrx_word' id='word_1_187' title='bbox 1348 3641 1427 3746; x_wconf 87' lang='lat' dir='ltr'><strong>ipse</strong></span> <span class='ocrx_word' id='word_1_188' title='bbox 1449 3641 1523 3716; x_wconf 89' lang='lat' dir='ltr'><strong>hoc</strong></span> <span class='ocrx_word' id='word_1_189' title='bbox 1542 3637 1771 3718; x_wconf 81' lang='lat' dir='ltr'><strong>emendabit.</strong></span> 
     </span>
     <span class='ocr_line' id='line_1_24' title="bbox 438 3771 1137 3879; baseline -0.003 -27"><span class='ocrx_word' id='word_1_190' title='bbox 438 3772 662 3857; x_wconf 76' lang='lat' dir='ltr'><strong>.·&#39;,Mercurii</strong></span> <span class='ocrx_word' id='word_1_191' title='bbox 682 3789 774 3879; x_wconf 82' lang='lat' dir='ltr'><strong>post·</strong></span> <span class='ocrx_word' id='word_1_192' title='bbox 790 3771 1089 3851; x_wconf 87' lang='lat' dir='ltr'><strong>Penthecostem.</strong></span> <span class='ocrx_word' id='word_1_193' title='bbox 1133 3788 1137 3794; x_wconf 86' lang='lat'>&#39;</span> 
     </span>
    </p>

    <p class='ocr_par' dir='ltr' id='par_1_6' title="bbox 466 3905 817 4012">
     <span class='ocr_line' id='line_1_25' title="bbox 466 3905 817 4012; baseline -0.028 -25"><span class='ocrx_word' id='word_1_194' title='bbox 466 3907 586 4012; x_wconf 81' lang='lat' dir='ltr'><strong>=Rcya</strong></span> <span class='ocrx_word' id='word_1_195' title='bbox 606 3905 817 4011; x_wconf 85' lang='lat' dir='ltr'><strong>reportavit.</strong></span> 
     </span>
    </p>
   </div>
   <div class='ocr_carea' id='block_1_5' title="bbox 430 4167 1863 5200">
    <p class='ocr_par' dir='ltr' id='par_1_7' title="bbox 430 4167 1863 5200">
     <span class='ocr_line' id='line_1_26' title="bbox 458 4167 1859 4255; baseline -0.004 -5"><span class='ocrx_word' id='word_1_196' title='bbox 458 4169 628 4255; x_wconf 76' lang='lat' dir='ltr'><strong>;.xxv11.</strong></span> <span class='ocrx_word' id='word_1_197' title='bbox 659 4167 758 4251; x_wconf 86' lang='lat' dir='ltr'><strong>Cum</strong></span> <span class='ocrx_word' id='word_1_198' title='bbox 777 4181 887 4254; x_wconf 74' lang='lat' dir='ltr'><strong>mota·</strong></span> <span class='ocrx_word' id='word_1_199' title='bbox 899 4167 1031 4249; x_wconf 84' lang='lat' dir='ltr'><strong>suisset</strong></span> <span class='ocrx_word' id='word_1_200' title='bbox 1048 4167 1300 4249; x_wconf 85' lang='lat' dir='ltr'><strong>controversia</strong></span> <span class='ocrx_word' id='word_1_201' title='bbox 1322 4167 1422 4246; x_wconf 87' lang='lat' dir='ltr'><strong>inter</strong></span> <span class='ocrx_word' id='word_1_202' title='bbox 1441 4196 1511 4247; x_wconf 88' lang='lat' dir='ltr'><strong>nos</strong></span> <span class='ocrx_word' id='word_1_203' title='bbox 1529 4186 1568 4246; x_wconf 89' lang='lat' dir='ltr'><strong>et</strong></span> <span class='ocrx_word' id='word_1_204' title='bbox 1582 4168 1758 4248; x_wconf 86' lang='lat' dir='ltr'><strong>homines</strong></span> <span class='ocrx_word' id='word_1_205' title='bbox 1771 4167 1859 4245; x_wconf 86' lang='lat' dir='ltr'><strong>ville</strong></span> 
     </span>
     <span class='ocr_line' id='line_1_27' title="bbox 432 4299 1862 4416; baseline -0.002 -37"><span class='ocrx_word' id='word_1_206' title='bbox 432 4303 479 4416; x_wconf 78' lang='lat' dir='ltr'><strong>de</strong></span> <span class='ocrx_word' id='word_1_207' title='bbox 499 4299 716 4387; x_wconf 79' lang='lat' dir='ltr'><strong>Gressibus‚</strong></span> <span class='ocrx_word' id='word_1_208' title='bbox 734 4329 778 4376; x_wconf 82' lang='lat' dir='ltr'><strong>er</strong></span> <span class='ocrx_word' id='word_1_209' title='bbox 796 4324 874 4378; x_wconf 90' lang='lat' dir='ltr'><strong>una</strong></span> <span class='ocrx_word' id='word_1_210' title='bbox 891 4317 1016 4406; x_wconf 78' lang='lat' dir='ltr'><strong>parte,</strong></span> <span class='ocrx_word' id='word_1_211' title='bbox 1037 4318 1077 4380; x_wconf 88' lang='lat' dir='ltr'><strong>et</strong></span> <span class='ocrx_word' id='word_1_212' title='bbox 1096 4301 1280 4380; x_wconf 72' lang='lat' dir='ltr'><strong>dilectum</strong></span> <span class='ocrx_word' id='word_1_213' title='bbox 1297 4318 1335 4378; x_wconf 87' lang='lat' dir='ltr'><strong>et</strong></span> <span class='ocrx_word' id='word_1_214' title='bbox 1350 4299 1504 4378; x_wconf 82' lang='lat' dir='ltr'><strong>fidelem</strong></span> <span class='ocrx_word' id='word_1_215' title='bbox 1525 4317 1698 4380; x_wconf 85' lang='lat' dir='ltr'><strong>nostrum</strong></span> <span class='ocrx_word' id='word_1_216' title='bbox 1718 4301 1862 4378; x_wconf 83' lang='lat' dir='ltr'><strong>archie-</strong></span> 
     </span>
     <span class='ocr_line' id='line_1_28' title="bbox 430 4431 1861 4541; baseline -0.001 -32"><span class='ocrx_word' id='word_1_217' title='bbox 430 4435 627 4541; x_wconf 90' lang='lat' dir='ltr'><strong>piscopum</strong></span> <span class='ocrx_word' id='word_1_218' title='bbox 647 4433 923 4523; x_wconf 88' lang='lat' dir='ltr'><strong>Senoneusem,</strong></span> <span class='ocrx_word' id='word_1_219' title='bbox 942 4463 986 4510; x_wconf 80' lang='lat' dir='ltr'><strong>er</strong></span> <span class='ocrx_word' id='word_1_220' title='bbox 1005 4434 1137 4523; x_wconf 85' lang='lat' dir='ltr'><strong>altera,</strong></span> <span class='ocrx_word' id='word_1_221' title='bbox 1157 4462 1333 4540; x_wconf 88' lang='lat' dir='ltr'><strong>supereo</strong></span> <span class='ocrx_word' id='word_1_222' title='bbox 1354 4431 1459 4540; x_wconf 91' lang='lat' dir='ltr'><strong>quod</strong></span> <span class='ocrx_word' id='word_1_223' title='bbox 1474 4434 1597 4510; x_wconf 89' lang='lat' dir='ltr'><strong>dictus</strong></span> <span class='ocrx_word' id='word_1_224' title='bbox 1614 4432 1861 4539; x_wconf 87' lang='lat' dir='ltr'><strong>archiepisco-</strong></span> 
     </span>
     <span class='ocr_line' id='line_1_29' title="bbox 431 4561 1861 4672; baseline -0.001 -30"><span class='ocrx_word' id='word_1_225' title='bbox 431 4594 503 4672; x_wconf 90' lang='lat' dir='ltr'><strong>pus</strong></span> <span class='ocrx_word' id='word_1_226' title='bbox 518 4565 770 4671; x_wconf 87' lang='lat' dir='ltr'><strong>proponebat,</strong></span> <span class='ocrx_word' id='word_1_227' title='bbox 789 4565 828 4641; x_wconf 89' lang='lat' dir='ltr'><strong>in</strong></span> <span class='ocrx_word' id='word_1_228' title='bbox 844 4582 972 4644; x_wconf 89' lang='lat' dir='ltr'><strong>nostra</strong></span> <span class='ocrx_word' id='word_1_229' title='bbox 986 4565 1106 4654; x_wconf 88' lang='lat' dir='ltr'><strong>curia,</strong></span> <span class='ocrx_word' id='word_1_230' title='bbox 1127 4593 1166 4642; x_wconf 90' lang='lat' dir='ltr'><strong>se</strong></span> <span class='ocrx_word' id='word_1_231' title='bbox 1183 4593 1264 4642; x_wconf 89' lang='lat' dir='ltr'><strong>esse</strong></span> <span class='ocrx_word' id='word_1_232' title='bbox 1278 4565 1318 4643; x_wconf 90' lang='lat' dir='ltr'><strong>in</strong></span> <span class='ocrx_word' id='word_1_233' title='bbox 1335 4565 1468 4643; x_wconf 84' lang='lat' dir='ltr'><strong>saisina</strong></span> <span class='ocrx_word' id='word_1_234' title='bbox 1484 4561 1710 4642; x_wconf 87' lang='lat' dir='ltr'><strong>instituendi</strong></span> <span class='ocrx_word' id='word_1_235' title='bbox 1730 4579 1768 4638; x_wconf 89' lang='lat' dir='ltr'><strong>et</strong></span> <span class='ocrx_word' id='word_1_236' title='bbox 1782 4563 1861 4640; x_wconf 81' lang='lat' dir='ltr'><strong>des</strong></span> 
     </span>
     <span class='ocr_line' id='line_1_30' title="bbox 431 4693 1862 4804; baseline -0.003 -30"><span class='ocrx_word' id='word_1_237' title='bbox 431 4697 595 4775; x_wconf 89' lang='lat' dir='ltr'><strong>tituendi</strong></span> <span class='ocrx_word' id='word_1_238' title='bbox 613 4697 834 4804; x_wconf 85' lang='lat' dir='ltr'><strong>magistrum</strong></span> <span class='ocrx_word' id='word_1_239' title='bbox 852 4696 1053 4804; x_wconf 89' lang='lat' dir='ltr'><strong>leprosarie</strong></span> <span class='ocrx_word' id='word_1_240' title='bbox 1071 4698 1119 4774; x_wconf 91' lang='lat' dir='ltr'><strong>de</strong></span> <span class='ocrx_word' id='word_1_241' title='bbox 1135 4694 1351 4787; x_wconf 90' lang='lat' dir='ltr'><strong>Gressibus‚</strong></span> <span class='ocrx_word' id='word_1_242' title='bbox 1371 4695 1601 4774; x_wconf 76' lang='lat' dir='ltr'><strong>senonensis</strong></span> <span class='ocrx_word' id='word_1_243' title='bbox 1615 4693 1803 4802; x_wconf 80' lang='lat' dir='ltr'><strong>dyocesis,</strong></span> <span class='ocrx_word' id='word_1_244' title='bbox 1821 4723 1862 4770; x_wconf 90' lang='lat' dir='ltr'><strong>ac</strong></span> 
     </span>
     <span class='ocr_line' id='line_1_31' title="bbox 432 4825 1858 4937; baseline -0.002 -31"><span class='ocrx_word' id='word_1_245' title='bbox 432 4830 551 4906; x_wconf 88' lang='lat' dir='ltr'><strong>eciam</strong></span> <span class='ocrx_word' id='word_1_246' title='bbox 570 4829 611 4905; x_wconf 91' lang='lat' dir='ltr'><strong>in</strong></span> <span class='ocrx_word' id='word_1_247' title='bbox 630 4830 766 4906; x_wconf 87' lang='lat' dir='ltr'><strong>saisina</strong></span> <span class='ocrx_word' id='word_1_248' title='bbox 784 4829 979 4937; x_wconf 86' lang='lat' dir='ltr'><strong>regiminis</strong></span> <span class='ocrx_word' id='word_1_249' title='bbox 997 4829 1190 4905; x_wconf 90' lang='lat' dir='ltr'><strong>bonorum</strong></span> <span class='ocrx_word' id='word_1_250' title='bbox 1209 4828 1479 4935; x_wconf 88' lang='lat' dir='ltr'><strong>temporalium</strong></span> <span class='ocrx_word' id='word_1_251' title='bbox 1503 4827 1620 4933; x_wconf 90' lang='lat' dir='ltr'><strong>ipsius</strong></span> <span class='ocrx_word' id='word_1_252' title='bbox 1639 4825 1858 4933; x_wconf 86' lang='lat' dir='ltr'><strong>leprosarie,</strong></span> 
     </span>
     <span class='ocr_line' id='line_1_32' title="bbox 431 4957 1861 5066; baseline -0.005 -27"><span class='ocrx_word' id='word_1_253' title='bbox 431 4960 543 5041; x_wconf 87' lang='lat' dir='ltr'><strong>nobis</strong></span> <span class='ocrx_word' id='word_1_254' title='bbox 558 4978 596 5037; x_wconf 91' lang='lat' dir='ltr'><strong>et</strong></span> <span class='ocrx_word' id='word_1_255' title='bbox 610 4959 790 5066; x_wconf 85' lang='lat' dir='ltr'><strong>predictis</strong></span> <span class='ocrx_word' id='word_1_256' title='bbox 809 4959 1030 5043; x_wconf 84' lang='lat' dir='ltr'><strong>hominibus</strong></span> <span class='ocrx_word' id='word_1_257' title='bbox 1049 4959 1336 5041; x_wconf 81' lang='lat' dir='ltr'><strong>incontrarium</strong></span> <span class='ocrx_word' id='word_1_258' title='bbox 1355 4957 1607 5036; x_wconf 88' lang='lat' dir='ltr'><strong>asserentibus</strong></span> <span class='ocrx_word' id='word_1_259' title='bbox 1623 4985 1692 5035; x_wconf 93' lang='lat' dir='ltr'><strong>nos</strong></span> <span class='ocrx_word' id='word_1_260' title='bbox 1709 4975 1747 5034; x_wconf 90' lang='lat' dir='ltr'><strong>et</strong></span> <span class='ocrx_word' id='word_1_261' title='bbox 1761 4958 1861 5064; x_wconf 87' lang='lat' dir='ltr'><strong>ipsos</strong></span> 
     </span>
     <span class='ocr_line' id='line_1_33' title="bbox 432 5089 1863 5200; baseline -0.004 -28"><span class='ocrx_word' id='word_1_262' title='bbox 432 5116 513 5180; x_wconf 78' lang='lat' dir='ltr'><strong>esse</strong></span> <span class='ocrx_word' id='word_1_263' title='bbox 528 5109 574 5177; x_wconf 63' lang='lat' dir='ltr'><strong>et..</strong></span> <span class='ocrx_word' id='word_1_264' title='bbox 581 5091 694 5170; x_wconf 85' lang='lat' dir='ltr'><strong>fuisse</strong></span> <span class='ocrx_word' id='word_1_265' title='bbox 705 5093 751 5178; x_wconf 75' lang='lat' dir='ltr'><strong>,iu&#39;</strong></span> <span class='ocrx_word' id='word_1_266' title='bbox 764 5093 901 5178; x_wconf 87' lang='lat' dir='ltr'><strong>saisina</strong></span> <span class='ocrx_word' id='word_1_267' title='bbox 909 5091 1191 5199; x_wconf 74' lang='lat' dir='ltr'><strong>predictorum:</strong></span> <span class='ocrx_word' id='word_1_268' title='bbox 1205 5091 1397 5182; x_wconf 83' lang='lat' dir='ltr'><strong>Tandem,</strong></span> <span class='ocrx_word' id='word_1_269' title='bbox 1409 5089 1504 5169; x_wconf 84' lang='lat' dir='ltr'><strong>facta</strong></span> <span class='ocrx_word' id='word_1_270' title='bbox 1515 5091 1690 5200; x_wconf 89' lang='lat' dir='ltr'><strong>inquesta</strong></span> <span class='ocrx_word' id='word_1_271' title='bbox 1700 5091 1752 5168; x_wconf 85' lang='lat' dir='ltr'><strong>de·</strong></span> <span class='ocrx_word' id='word_1_272' title='bbox 1761 5117 1863 5166; x_wconf 87' lang='lat' dir='ltr'><strong>man-</strong></span> 
     </span>
    </p>
   </div>
   <div class='ocr_carea' id='block_1_6' title="bbox 0 0 2244 6209">
    <p class='ocr_par' dir='ltr' id='par_1_8' title="bbox 0 0 2244 6209">
     <span class='ocr_line' id='line_1_34' title="bbox 0 0 2244 6209; baseline 0 0"><span class='ocrx_word' id='word_1_273' title='bbox 0 0 2244 6209; x_wconf 95' lang='lat' dir='ltr'><strong> </strong></span> 
     </span>
    </p>
   </div>
  </div>
 </body>
</html>
