4450 6209
496 701 570 776 688
1076 701 1165 774 Lus
1194 699 1332 774 OLlM.

200 867 204 876 ·
270 849 399 904 mmm
413 849 456 912 W·
496 842 714 950 homagium
735 869 847 948 super
872 840 945 919 hoc
967 868 1045 919 non
1069 859 1233 928 venerat,
1261 857 1300 917 et
1326 839 1466 946 absque
1493 838 1595 916 dicto
1614 834 1792 944 homagio
1816 835 1913 914 dicte

332 941 394 984 Μ’
496 973 582 1052 ville
612 973 831 1052 domanium
856 1001 1036 1079 occupare
1057 973 1259 1062 nitebatur,
1284 971 1487 1078 impediret
1509 968 1678 1049 eundem
1698 967 1912 1074 episcopum

495 1133 609 1212 super
635 1105 768 1182 saisina
793 1133 861 1182 sua
882 1103 1044 1211 homagii
1069 1103 1248 1210 predicti,
1271 1102 1351 1208 ipse
1370 1101 1523 1208 petebat
1545 1129 1584 1178 se
1610 1097 1752 1176 absolvi
1777 1099 1825 1177 ah
1842 1100 1912 1174 im-

493 1235 681 1342 peticione
705 1235 873 1342 predicta
903 1233 993 1312 dicti
1018 1233 1184 1343 magistri
1208 1233 1411 1340 hadulphi,
1439 1250 1478 1310 et
1500 1230 1817 1337 impedimentum
1842 1229 1910 1307 sihi

495 1367 707 1474 appositum
727 1393 840 1472 super
858 1365 932 1443 hoc
955 1394 1022 1474 per
1047 1365 1191 1443 dictum
1219 1365 1438 1472 magistrum
1464 1362 1707 1470 hadulphum
1734 1363 1909 1452 amoveri,

495 1526 609 1605 super
627 1497 766 1604 quihus
786 1497 982 1603 impetrate
1003 1493 1160 1573 luerunt
1182 1496 1259 1573 due
1278 1494 1577 1582 commissiones,
1594 1521 1668 1570 una
1684 1522 1752 1600 per
1771 1492 1911 1570 dictum

496 1630 716 1738 magistrum
739 1626 982 1735 Radulphum
1003 1644 1042 1705 et
1061 1627 1133 1704 alia
1153 1655 1223 1734 per
1241 1626 1385 1704 dictum
1411 1626 1646 1733 episcopum,
1673 1623 1758 1713 sed,
1781 1624 1911 1700 virtute

497 1762 596 1840 dicte
608 1759 884 1839 commissionis
894 1758 1108 1864 impetrate,
1121 1757 1344 1865 perdictum
1355 1757 1574 1865 magistrum
1587 1755 1830 1862 Radulphum
1844 1754 1911 1831 luit

496 1890 740 1970 solummodo
765 1907 802 1968 et
825 1891 864 1967 in
886 1907 1034 1968 tantum
1057 1917 1274 1997 processum
1301 1906 1338 1966 et
1360 1889 1598 1996 inquisitum,
1620 1887 1726 1994 quod
1746 1887 1912 1993 inquesta

495 2051 611 2131 super
629 2022 702 2101 hoc
715 2020 807 2099 lacta
825 2020 897 2100 fuit
917 2021 964 2099 ad
979 2020 1232 2128 judicandum
1250 2037 1377 2098 nostre
1396 2021 1500 2098 curie
1519 2034 1726 2127 reportatae
1743 2020 1829 2113 Qua
1842 2017 1913 2094 visa

496 2171 536 2232 et
548 2155 750 2264 diligenter
769 2153 991 2242 exarninata,
1013 2153 1100 2259 quia
1121 2151 1238 2229 nichil
1257 2152 1450 2229 inventum
1468 2149 1541 2228 fuit
1561 2149 1763 2258 probatum
1789 2167 1912 2229 contra

496 2286 639 2365 dictum
660 2285 880 2393 episcopum
894 2312 962 2392 per
980 2284 1084 2390 quod
1102 2282 1182 2390 ipse
1202 2281 1340 2361 debeat
1358 2282 1623 2389 condempnari
1645 2282 1694 2359 ad
1717 2282 1912 2360 emendam

495 2444 563 2524 per
588 2415 733 2493 dictum
750 2414 1013 2522 Radulphum,
1036 2431 1112 2490 tam
1131 2441 1201 2520 pro
1222 2441 1263 2492 se
1279 2441 1394 2521 quam
1418 2440 1487 2519 pro
1506 2413 1635 2504 nobis,
1660 2413 1829 2520 petitam,
1851 2444 1914 2522 per

496 2547 600 2624 curie
616 2563 742 2624 nostre
753 2544 960 2654 judicium,
978 2545 1101 2622 dictus
1117 2545 1315 2651 episcopus
1329 2544 1377 2622 ab
1392 2545 1633 2656 impeticione
1647 2545 1814 2652 predicta
1828 2545 1913 2650 dicti

495 2677 660 2786 magistri
689 2674 877 2783 hadulphi
900 2673 974 2768 luit
997 2674 1165 2753 totaliter
1182 2673 1394 2765 absolutus,
1417 2692 1472 2765 et,
1497 2703 1567 2782 per
1589 2675 1693 2754 idem
1708 2676 1910 2782 judicium,

496 2808 640 2885 dictum
659 2806 731 2885 luit
745 2807 853 2914 quod
869 2824 995 2884 nostra
1015 2805 1116 2884 curia
1137 2835 1205 2912 per
1223 2807 1296 2884 hoc
1312 2807 1546 2916 prejudicare
1565 2809 1605 2884 in
1622 2807 1751 2914 aliquo
1770 2801 1847 2885 non
1860 2807 1913 2883 in-

495 2937 620 3017 tendit
636 2938 803 3044 partibus
816 2935 1004 3044 predictis,
1021 2965 1134 3042 super
1147 2936 1282 3015 saisina
1296 2937 1450 3043 justicie
1465 2938 1551 3016 ville
1562 2938 1610 3016 de
1625 2937 1772 3017 Liaiaco
1790 2965 1913 3044 supra-

496 3067 607 3159 dicte,
624 3097 693 3147 nec
705 3097 818 3177 super
831 3069 966 3146 saisina
980 3068 1082 3149 feodi
1095 3069 1315 3175 supradicti,
1338 3087 1376 3148 et
1390 3071 1555 3178 homagii
1574 3071 1679 3178 quod
1695 3098 1766 3176 pro
1781 3071 1911 3148 eodem

495 3198 608 3280 leodo
629 3200 719 3278 dicit
739 3193 863 3278 dictus
880 3200 1078 3308 episcopus
1098 3200 1168 3278 sihi
1195 3200 1335 3278 dehere
1354 3202 1526 3308 prestari,
1551 3230 1664 3309 super
1682 3200 1836 3310 quihus,
1852 3229 1911 3278 vo-

495 3331 586 3410 catis
598 3331 783 3439 partibus,
800 3331 1014 3438 inquiretur
1029 3331 1179 3422 veritas,
1193 3348 1231 3409 et
1245 3330 1313 3408 fiet
1320 3331 1395 3440 jus.

552 3463 692 3542 Mercu?
707 3464 730 3540 t
745 3480 829 3571 post
847 3463 1082 3542 Nativitatem
1101 3462 1203 3542 heati
1223 3463 1403 3542 lobannis
1416 3463 1593 3569 Baptiste.

551 3593 658 3673 Creci
678 3594 890 3702 reportavit.
1347 3679 1350 3687 ,
1446 3633 1450 3638 ’

551 3859 625 3936 LII.
650 3859 755 3937 Cum
770 3859 870 3934 inter
881 3857 1099 3964 priorissam
1116 3859 1164 3937 de
1180 3859 1345 3950 Lissaco,
1364 3860 1558 3950 actricem,
1574 3889 1619 3938 ex
1631 3889 1706 3939 una
1725 3881 1848 3969 parte,
1876 3879 1911 3939 et

495 3987 703 4066 Arnaldum
716 3990 876 4079 Barasci,
893 3988 1053 4068 militem
1067 4009 1404 4100 preceptoremque
1419 3991 1621 4098 Hospitalis
1637 3991 1684 4070 de
1699 3994 1857 4103 Pojolar,
1871 4021 1908 4070 ex

495 4117 630 4210 altera,
653 4145 777 4196 coram
798 4121 908 4197 certis
920 4121 1192 4199 commissoriis
1211 4122 1398 4230 deputatis
1415 4151 1438 4200 a
1461 4123 1588 4215 nohis,
1609 4125 1758 4202 racione
1782 4124 1854 4204 loci
1875 4142 1909 4200 et

495 4248 812 4356 pertinenciarum
840 4251 887 4329 de
909 4252 1058 4359 Pojolar
1084 4269 1122 4329 et
1142 4253 1241 4361 juris
1266 4269 1484 4360 patronatus
1508 4255 1709 4363 Hospitalis
1737 4255 1904 4363 predicti,

495 4381 644 4488 questio
664 4398 874 4460 verteretur
896 4411 1011 4490 super
1028 4410 1074 4462 eo
1094 4383 1201 4491 quod
1221 4384 1318 4462 dicta
1336 4385 1512 4491 priorissa
1524 4385 1674 4463 dicebat
1692 4386 1798 4492 quod
1816 4388 1908 4464 Deo

495 4509 605 4589 datus
614 4512 776 4602 Barasci,
794 4513 904 4590 miles
914 4530 1052 4603 noster,
1065 4514 1260 4619 quondam
1273 4513 1399 4592 eidem
1408 4513 1585 4620 priorisse
1595 4515 1779 4622 legaverat
1788 4515 1906 4594 locum
1927 4498 1929 4501 ⁵

495 4639 542 4716 de
565 4640 714 4748 Pojolar
733 4671 819 4720 cum
840 4643 917 4721 suis
936 4643 1181 4749 pertinenciis
1198 4661 1236 4721 et
1249 4643 1313 4752 jus
1331 4660 1552 4749 patronatus
1573 4645 1648 4723 loci
1666 4645 1844 4752 predicti,
1865 4645 1906 4720 ad

494 4768 619 4876 ipsum
640 4771 870 4893 Deodatum,
890 4788 1060 4885 tempore
1081 4775 1213 4852 mortis
1240 4802 1327 4866 sue,
1347 4776 1592 4883 pertinentem
1613 4779 1680 4884 qui
1703 4777 1905 4864 Deodatus,

494 4916 537 4975 ut
556 4899 705 4992 dicitur,
731 4902 771 4978 in
797 4931 867 4982 suo
887 4921 1110 4984 testamento
1137 4933 1207 4984 nos
1230 4905 1554 5013 senescallumque
1581 4923 1753 4984 nostram
1773 4907 1907 4985 Ruthe

496 5056 651 5108 nonsom
671 5031 915 5136 requisiverat
933 5036 1039 5140 quod
1057 5052 1325 5114 testamentum
1343 5066 1453 5115 suum
1471 5037 1748 5144 compleremus
1767 5055 1805 5114 et
1820 5065 1908 5114 com·
