4450 6209
519 719 593 790 218
1099 715 1191 789 LES
1221 715 1364 789 OLlM.

288 866 420 920 Pauus*
431 867 475 931 tv,
574 859 700 936 XLIX.
731 860 830 938 Cum
853 857 1050 964 Margarita
1070 858 1119 936 de
1142 859 1328 950 Bononia,
1350 855 1479 934 relicta
1500 855 1669 935 defuncti
1688 861 1730 936 tt.
1747 862 1938 966 qnondam

350 959 413 1002 Μ’
516 991 664 1068 comitis
682 989 969 1081 Attrebatensis,
992 1007 1122 1067 contra
1142 988 1374 1077 Mathildim,
1397 1016 1498 1065 nunc
1522 989 1750 1068 comitissam
1769 989 1941 1070 Attreba-

514 1138 678 1211 tensem,
694 1137 841 1227 peteret
852 1119 924 1197 sibi
937 1120 1161 1199 dotalicium
1179 1119 1353 1228 assignari
1370 1118 1410 1198 in
1422 1119 1533 1198 bonis
1547 1120 1937 1228 contempnunt,

516 1253 591 1328 sive
612 1252 1156 1330 secundumconsuetudinem
1178 1253 1276 1330 inter
1296 1279 1402 1358 pares
1421 1251 1595 1342 Francia,
1618 1251 1657 1326 in
1676 1251 1866 1332 similibus
1883 1285 1939 1332 ca-

514 1382 617 1460 sibus
637 1383 889 1468 observatam,
910 1381 941 1456 si
962 1379 1010 1458 de
1028 1409 1071 1457 ea
1090 1398 1217 1487 posset
1232 1398 1417 1470 constare,
1432 1379 1601 1488 alioquin
1622 1382 1835 1460 secundum
1851 1413 1938 1462 con-

512 1512 712 1592 venciones
735 1541 811 1620 que
836 1539 950 1619 super
973 1512 1045 1590 boc
1067 1514 1307 1590 invenientur
1325 1511 1453 1628 habite
1476 1528 1515 1592 et
1536 1539 1712 1590 concesse
1736 1511 1851 1592 baisse
1873 1545 1937 1621 per

513 1645 691 1721 comitem
701 1643 952 1732 antedictum,
969 1642 1098 1749 plures
1108 1643 1158 1741 ad
1171 1644 1323 1750 hccpro
1336 1659 1440 1750 parte
1453 1671 1521 1720 sna
1533 1643 1719 1731 raciones,
1734 1663 1938 1724 consueta·

512 1773 620 1850 dines
636 1791 676 1850 et
694 1773 788 1850 facta
806 1775 1074 1880 proponendm
1094 1773 1259 1881 predicta
1282 1773 1474 1865 Mathildi,
1495 1803 1565 1880 pro
1585 1791 1690 1880 parte
1710 1803 1793 1863 ma,
1810 1774 1937 1882 plures

510 1905 685 1982 similiter
703 1906 889 1993 raciones,
904 1905 998 1984 lacta
1013 1924 1054 1984 et
1069 1906 1363 1986 consuetudines
1380 1906 1420 1984 in
1433 1906 1663 1984 contrarium
1678 1925 1935 2014 proponente,

511 2053 550 2110 et
574 2037 676 2111 inter
697 2055 820 2114 cetera
843 2038 1076 2142 producente
1100 2038 1297 2146 cujusdam
1325 2037 1449 2115 littere
1473 2036 1545 2114 sub
1572 2035 1697 2144 sigillo
1722 2038 1936 2116 tabellionis

509 2167 774 2274 transcriptum
799 2195 914 2276 super
937 2169 1255 2248 consensionibus
1280 2169 1370 2246 dicti
1396 2167 1582 2258 dotalicii,
1607 2195 1676 2275 per
1701 2168 1845 2246 dictum
1874 2199 1935 2248 co·

509 2298 641 2374 mitem
665 2299 805 2377 habitis
824 2317 863 2378 et
882 2301 1092 2380 concessis:
1112 2301 1304 2390 Tandem,
1331 2300 1471 2378 auditis
1496 2299 1693 2378 hincinde
1718 2301 1932 2407 propositis,

509 2444 546 2502 et
567 2430 758 2535 inquesta,
786 2459 900 2538 super
923 2432 996 2509 hoc
1019 2432 1067 2509 de
1094 2433 1271 2510 mandato
1297 2448 1425 2512 nosuc
1448 2429 1562 2518 lacta,
1583 2431 1656 2508 viss
1676 2447 1717 2508 et
1735 2430 1936 2539 diligenter

508 2560 734 2648 emminata,
762 2561 936 2670 dictaque
962 2564 1175 2673 Margarita,
1198 2591 1285 2640 cum
1305 2590 1382 2640 non
1402 2578 1596 2670 appareret
1616 2561 1706 2640 dicti
1725 2563 1935 2670 transcripti

508 2690 698 2797 originalis
712 2690 854 2784 littera,
871 2723 940 2799 per
953 2695 1097 2772 curiam
1112 2712 1282 2772 nostram
1300 2695 1526 2802 interrogata
1545 2693 1575 2770 si
1597 2692 1699 2770 dicto
1712 2694 1934 2801 transcripto

508 2822 610 2896 credi
627 2839 667 2900 et
677 2823 796 2900 fidem
807 2823 980 2903 adbiberi
995 2825 1161 2916 volebat,
1177 2826 1251 2903 hoc
1266 2851 1437 2933 expresse
1456 2825 1608 2902 volente
1628 2841 1666 2902 et
1685 2826 1930 2918 concedente,

509 2978 597 3028 cum
617 2953 666 3030 de
684 2956 1026 3034 consuetudinibus
1044 2957 1224 3064 predictis
1245 2957 1343 3034 inter
1361 2983 1468 3063 pares
1488 2955 1661 3042 Francia,
1681 2983 1703 3032 a
1722 2954 1833 3034 dictis
1850 2983 1932 3063 pan

508 3081 611 3160 tibus
625 3083 809 3194 allegatis,
831 3088 948 3166 nichil
965 3089 1160 3165 inventum
1175 3087 1290 3166 luerit
1302 3086 1533 3166 sufficienter
1545 3087 1764 3194 probatum,
1787 3115 1855 3194 per
1871 3119 1933 3166 ou-

507 3213 562 3288 ria
584 3231 712 3292 nostre
721 3216 929 3323 judicium,
953 3219 1097 3298 dictum
1109 3219 1182 3298 tuit
1194 3237 1233 3298 et
1247 3219 1540 3326 pronunciatum
1556 3218 1662 3326 quod
1677 3218 1778 3298 dicta
1792 3222 1933 3327 Marga-

506 3345 592 3434 rita,
606 3374 675 3452 pro
688 3349 858 3454 predicto
875 3350 1052 3430 dotalicio
1066 3379 1155 3438 suo,
1171 3350 1342 3440 habebit,
1360 3351 1401 3426 in
1416 3351 1527 3428 bonis
1544 3351 1743 3430 comitatus
1756 3352 1929 3457 predicti,

505 3477 574 3552 tria
593 3476 713 3554 millia
729 3497 768 3556 et
787 3481 1013 3588 quingentas
1034 3481 1149 3560 libras
1167 3481 1424 3568 Turonenses,
1446 3480 1493 3558 ab
1513 3481 1592 3587 ipsa
1611 3480 1869 3586 percipimdas
1884 3483 1931 3560 ad

504 3607 616 3684 vitam
635 3638 760 3697 suam,
777 3611 900 3689 etsibi
921 3613 1175 3720 assignandas,
1196 3613 1407 3690 secundum
1428 3611 1533 3719 quod
1554 3612 1595 3690 in
1611 3613 1834 3719 transcripto
1850 3641 1932 3718 pre-

506 3735 609 3814 dicto
634 3741 850 3818 continetur
872 3742 1091 3820 ordinatum
1114 3743 1232 3821 fuisse
1256 3771 1325 3851 per
1349 3741 1571 3822 defirnctum
1591 3743 1823 3848 predictum,
1846 3771 1930 3820 nec-

505 3893 583 3943 non
603 3872 786 3978 arreragia
803 3871 892 3949 dicti
912 3872 1078 3951 dotalicii
1099 3901 1169 3980 pro
1188 3892 1359 3981 tempore
1377 3903 1497 3981 usque
1519 3901 1620 3952 nunc
1636 3875 1816 3980 preterito
1832 3904 1853 3950 a
1870 3875 1929 3952 die

505 3997 633 4074 obitus
650 4002 797 4078 comitis
815 4003 1037 4106 supradicti,
1053 4003 1148 4084 lacta
1163 4006 1253 4083 inde
1274 4006 1502 4084 deductione
1524 4006 1571 4083 de
1591 4004 1750 4111 receptis
1765 4033 1835 4112 par
1848 4033 1926 4084 eam

504 4125 661 4218 habitis,
682 4160 728 4209 ex
745 4133 975 4241 provisione,
993 4135 1059 4214 lite
1074 4136 1281 4242 pendente,
1302 4164 1416 4244 super
1434 4138 1507 4215 hoc
1523 4163 1592 4243 per
1606 4137 1749 4214 curiam
1763 4156 1927 4215 nostram

503 4257 575 4336 sibi
594 4259 701 4339 lacta.
1547 4257 1551 4266 ’

558 4394 657 4471 Jouis
675 4414 762 4501 post
780 4399 929 4476 octabas
948 4400 1172 4506 Epiphania.

561 4525 611 4602 M.
634 4527 678 4602 Η.
700 4528 862 4608 Cuillier
876 4533 1088 4638 reportavit.
1234 4571 1237 4578 ·

562 4785 600 4859 L
633 4786 674 4862 ln
698 4815 805 4864 causa
824 4789 1015 4868 viduitatis
1041 4811 1142 4900 mota
1162 4795 1261 4872 inter
1280 4795 1514 4902 Margaritam
1540 4794 1587 4871 de
1611 4795 1797 4887 Hancnia,
1824 4794 1925 4873 relic

502 4929 579 4988 tam
607 4913 773 4993 defuncti
802 4921 844 4994 n.
870 4923 1064 5026 quondam
1090 4925 1236 5002 comitis
1260 4925 1547 5014 Attrcbatensis,
1573 4955 1617 5004 ex
1641 4955 1714 5004 una
1738 4945 1862 5032 parte,
1889 4942 1925 5003 et

503 5043 732 5135 Mathildim,
747 5077 848 5126 nunc
858 5054 1084 5131 comitissam
1098 5055 1416 5148 Attrebatensem,
1431 5088 1476 5136 ex
1491 5057 1622 5148 altera,
1635 5087 1748 5164 super
1762 5087 1808 5135 eo
1819 5057 1922 5165 quod
