<?xml version="1.0" encoding="UTF-8"?>
<!DOCTYPE html PUBLIC "-//W3C//DTD XHTML 1.0 Transitional//EN"
    "http://www.w3.org/TR/xhtml1/DTD/xhtml1-transitional.dtd">
<html xmlns="http://www.w3.org/1999/xhtml" xml:lang="en" lang="en">
 <head>
  <title>
</title>
<meta http-equiv="Content-Type" content="text/html;charset=utf-8" />
  <meta name='ocr-system' content='tesseract 3.04.00' />
  <meta name='ocr-capabilities' content='ocr_page ocr_carea ocr_par ocr_line ocrx_word'/>
</head>
<body>
  <div class='ocr_page' id='page_1' title='image "./lesolimouregist00parigoog_0679.png"; bbox 0 0 4450 6209; ppageno 0'>
   <div class='ocr_carea' id='block_1_1' title="bbox 526 679 1366 759">
    <p class='ocr_par' dir='ltr' id='par_1_1' title="bbox 526 679 1366 759">
     <span class='ocr_line' id='line_1_1' title="bbox 526 679 1366 759; baseline -0.01 0"><span class='ocrx_word' id='word_1_1' title='bbox 526 682 600 759; x_wconf 80' lang='lat' dir='ltr'>58l</span> <span class='ocrx_word' id='word_1_2' title='bbox 1105 679 1197 754; x_wconf 80' lang='lat' dir='ltr'>Lus</span> <span class='ocrx_word' id='word_1_3' title='bbox 1224 679 1366 754; x_wconf 88' lang='lat' dir='ltr'><strong>OLIM.</strong></span> 
     </span>
    </p>
   </div>
   <div class='ocr_carea' id='block_1_2' title="bbox 300 817 1939 5114">
    <p class='ocr_par' dir='ltr' id='par_1_2' title="bbox 300 817 1939 5114">
     <span class='ocr_line' id='line_1_2' title="bbox 300 817 1936 929; baseline 0.001 -29"><span class='ocrx_word' id='word_1_4' title='bbox 300 835 429 890; x_wconf 70' lang='lat' dir='ltr'>aarum</span> <span class='ocrx_word' id='word_1_5' title='bbox 442 831 485 898; x_wconf 82' lang='lat' dir='ltr'>tv,</span> <span class='ocrx_word' id='word_1_6' title='bbox 522 839 677 902; x_wconf 86' lang='lat' dir='ltr'>ventum</span> <span class='ocrx_word' id='word_1_7' title='bbox 703 849 746 898; x_wconf 91' lang='lat' dir='ltr'>ac</span> <span class='ocrx_word' id='word_1_8' title='bbox 768 818 901 898; x_wconf 76' lang='lat' dir='ltr'>[ratrm</span> <span class='ocrx_word' id='word_1_9' title='bbox 924 819 973 898; x_wconf 94' lang='lat' dir='ltr'>de</span> <span class='ocrx_word' id='word_1_10' title='bbox 996 820 1187 927; x_wconf 83' lang='lat' dir='ltr'>Bosqueto</span> <span class='ocrx_word' id='word_1_11' title='bbox 1206 835 1381 898; x_wconf 89' lang='lat' dir='ltr'>tueretur</span> <span class='ocrx_word' id='word_1_12' title='bbox 1406 835 1445 897; x_wconf 92' lang='lat' dir='ltr'>et</span> <span class='ocrx_word' id='word_1_13' title='bbox 1465 817 1687 898; x_wconf 80' lang='lat' dir='ltr'>defenderet</span> <span class='ocrx_word' id='word_1_14' title='bbox 1708 819 1759 898; x_wconf 87' lang='lat' dir='ltr'>ab</span> <span class='ocrx_word' id='word_1_15' title='bbox 1783 822 1936 929; x_wconf 87' lang='lat' dir='ltr'>injuriis,</span> 
     </span>
     <span class='ocr_line' id='line_1_3' title="bbox 360 925 1939 1059; baseline 0 -27"><span class='ocrx_word' id='word_1_16' title='bbox 360 925 422 968; x_wconf 53' lang='grc' dir='ltr'>Μ’</span> <span class='ocrx_word' id='word_1_17' title='bbox 521 953 713 1034; x_wconf 88' lang='lat' dir='ltr'>violenciis</span> <span class='ocrx_word' id='word_1_18' title='bbox 742 969 781 1031; x_wconf 91' lang='lat' dir='ltr'>et</span> <span class='ocrx_word' id='word_1_19' title='bbox 807 951 1023 1059; x_wconf 67' lang='lat' dir='ltr'>portacione</span> <span class='ocrx_word' id='word_1_20' title='bbox 1048 978 1241 1030; x_wconf 89' lang='lat' dir='ltr'>armorum</span> <span class='ocrx_word' id='word_1_21' title='bbox 1267 967 1396 1028; x_wconf 90' lang='lat' dir='ltr'>contra</span> <span class='ocrx_word' id='word_1_22' title='bbox 1419 949 1537 1028; x_wconf 87' lang='lat' dir='ltr'>dictos</span> <span class='ocrx_word' id='word_1_23' title='bbox 1564 950 1773 1058; x_wconf 87' lang='lat' dir='ltr'>capitulum</span> <span class='ocrx_word' id='word_1_24' title='bbox 1800 967 1838 1030; x_wconf 91' lang='lat' dir='ltr'>et</span> <span class='ocrx_word' id='word_1_25' title='bbox 1860 955 1939 1032; x_wconf 89' lang='lat' dir='ltr'>Ber-</span> 
     </span>
     <span class='ocr_line' id='line_1_4' title="bbox 521 1079 1938 1190; baseline 0 -28"><span class='ocrx_word' id='word_1_26' title='bbox 521 1083 717 1173; x_wconf 89' lang='lat' dir='ltr'>trandum,</span> <span class='ocrx_word' id='word_1_27' title='bbox 743 1111 830 1160; x_wconf 90' lang='lat' dir='ltr'>cum</span> <span class='ocrx_word' id='word_1_28' title='bbox 859 1080 1111 1158; x_wconf 87' lang='lat' dir='ltr'>verisimiliter</span> <span class='ocrx_word' id='word_1_29' title='bbox 1138 1081 1307 1174; x_wconf 85' lang='lat' dir='ltr'>dicerent</span> <span class='ocrx_word' id='word_1_30' title='bbox 1330 1107 1371 1158; x_wconf 91' lang='lat' dir='ltr'>se</span> <span class='ocrx_word' id='word_1_31' title='bbox 1401 1079 1536 1157; x_wconf 90' lang='lat' dir='ltr'>timere</span> <span class='ocrx_word' id='word_1_32' title='bbox 1562 1082 1611 1158; x_wconf 92' lang='lat' dir='ltr'>de</span> <span class='ocrx_word' id='word_1_33' title='bbox 1645 1079 1757 1159; x_wconf 84' lang='lat' dir='ltr'>dictis</span> <span class='ocrx_word' id='word_1_34' title='bbox 1787 1083 1938 1190; x_wconf 89' lang='lat' dir='ltr'>capitulo</span> 
     </span>
     <span class='ocr_line' id='line_1_5' title="bbox 523 1208 1937 1324; baseline -0.001 -32"><span class='ocrx_word' id='word_1_35' title='bbox 523 1232 561 1292; x_wconf 87' lang='lat' dir='ltr'>et</span> <span class='ocrx_word' id='word_1_36' title='bbox 578 1212 804 1324; x_wconf 68' lang='lat' dir='ltr'>Bertrandm</span> <span class='ocrx_word' id='word_1_37' title='bbox 822 1211 910 1319; x_wconf 86' lang='lat' dir='ltr'>quia</span> <span class='ocrx_word' id='word_1_38' title='bbox 929 1211 999 1318; x_wconf 89' lang='lat' dir='ltr'>ipsi</span> <span class='ocrx_word' id='word_1_39' title='bbox 1019 1211 1191 1318; x_wconf 82' lang='lat' dir='ltr'>quintam</span> <span class='ocrx_word' id='word_1_40' title='bbox 1210 1226 1355 1318; x_wconf 85' lang='lat' dir='ltr'>partem</span> <span class='ocrx_word' id='word_1_41' title='bbox 1374 1208 1566 1288; x_wconf 80' lang='lat' dir='ltr'>fructuum</span> <span class='ocrx_word' id='word_1_42' title='bbox 1588 1213 1937 1291; x_wconf 86' lang='lat' dir='ltr'>excrescenciumin</span> 
     </span>
     <span class='ocr_line' id='line_1_6' title="bbox 522 1342 1936 1451; baseline 0 -27"><span class='ocrx_word' id='word_1_43' title='bbox 522 1374 653 1424; x_wconf 91' lang='lat' dir='ltr'>manso</span> <span class='ocrx_word' id='word_1_44' title='bbox 667 1347 714 1426; x_wconf 91' lang='lat' dir='ltr'>de</span> <span class='ocrx_word' id='word_1_45' title='bbox 724 1347 929 1451; x_wconf 87' lang='lat' dir='ltr'>Bosqueto,</span> <span class='ocrx_word' id='word_1_46' title='bbox 946 1369 1015 1449; x_wconf 92' lang='lat' dir='ltr'>per</span> <span class='ocrx_word' id='word_1_47' title='bbox 1028 1342 1267 1431; x_wconf 80' lang='lat' dir='ltr'><strong>violenciam,</strong></span> <span class='ocrx_word' id='word_1_48' title='bbox 1284 1359 1503 1448; x_wconf 74' lang='lat' dir='ltr'><strong>acceperant</strong></span> <span class='ocrx_word' id='word_1_49' title='bbox 1514 1359 1553 1420; x_wconf 89' lang='lat' dir='ltr'>et</span> <span class='ocrx_word' id='word_1_50' title='bbox 1566 1343 1614 1420; x_wconf 93' lang='lat' dir='ltr'>de</span> <span class='ocrx_word' id='word_1_51' title='bbox 1628 1370 1748 1432; x_wconf 89' lang='lat' dir='ltr'>novo,</span> <span class='ocrx_word' id='word_1_52' title='bbox 1764 1361 1804 1422; x_wconf 90' lang='lat' dir='ltr'>et</span> <span class='ocrx_word' id='word_1_53' title='bbox 1814 1345 1845 1421; x_wconf 95' lang='lat' dir='ltr'>si</span> <span class='ocrx_word' id='word_1_54' title='bbox 1858 1346 1936 1424; x_wconf 89' lang='lat' dir='ltr'>dicti</span> 
     </span>
     <span class='ocr_line' id='line_1_7' title="bbox 520 1471 1934 1584; baseline 0 -30"><span class='ocrx_word' id='word_1_55' title='bbox 520 1475 727 1584; x_wconf 86' lang='lat' dir='ltr'>capitulum</span> <span class='ocrx_word' id='word_1_56' title='bbox 755 1492 793 1554; x_wconf 85' lang='lat' dir='ltr'>et</span> <span class='ocrx_word' id='word_1_57' title='bbox 811 1473 1042 1552; x_wconf 91' lang='lat' dir='ltr'>Bertrandus</span> <span class='ocrx_word' id='word_1_58' title='bbox 1061 1471 1201 1551; x_wconf 89' lang='lat' dir='ltr'>vellent</span> <span class='ocrx_word' id='word_1_59' title='bbox 1222 1472 1368 1580; x_wconf 83' lang='lat' dir='ltr'>aliqarid</span> <span class='ocrx_word' id='word_1_60' title='bbox 1392 1473 1431 1549; x_wconf 89' lang='lat' dir='ltr'>in</span> <span class='ocrx_word' id='word_1_61' title='bbox 1457 1473 1688 1551; x_wconf 89' lang='lat' dir='ltr'>contrarium</span> <span class='ocrx_word' id='word_1_62' title='bbox 1714 1503 1934 1582; x_wconf 85' lang='lat' dir='ltr'>proponere,</span> 
     </span>
     <span class='ocr_line' id='line_1_8' title="bbox 520 1603 1938 1715; baseline -0.001 -29"><span class='ocrx_word' id='word_1_63' title='bbox 520 1607 640 1715; x_wconf 89' lang='lat' dir='ltr'>quod,</span> <span class='ocrx_word' id='word_1_64' title='bbox 656 1635 782 1686; x_wconf 91' lang='lat' dir='ltr'>coram</span> <span class='ocrx_word' id='word_1_65' title='bbox 796 1607 878 1713; x_wconf 90' lang='lat' dir='ltr'>ipso</span> <span class='ocrx_word' id='word_1_66' title='bbox 891 1605 1018 1685; x_wconf 91' lang='lat' dir='ltr'>locum</span> <span class='ocrx_word' id='word_1_67' title='bbox 1029 1622 1201 1692; x_wconf 86' lang='lat' dir='ltr'>tenente,</span> <span class='ocrx_word' id='word_1_68' title='bbox 1219 1603 1322 1682; x_wconf 88' lang='lat' dir='ltr'>diem</span> <span class='ocrx_word' id='word_1_69' title='bbox 1335 1621 1474 1682; x_wconf 89' lang='lat' dir='ltr'>certam</span> <span class='ocrx_word' id='word_1_70' title='bbox 1487 1604 1597 1683; x_wconf 89' lang='lat' dir='ltr'>dictis</span> <span class='ocrx_word' id='word_1_71' title='bbox 1610 1605 1938 1714; x_wconf 81' lang='lat' dir='ltr'>partibusassigna·</span> 
     </span>
     <span class='ocr_line' id='line_1_9' title="bbox 522 1734 1937 1846; baseline 0 -30"><span class='ocrx_word' id='word_1_72' title='bbox 522 1754 597 1826; x_wconf 91' lang='lat' dir='ltr'>ret,</span> <span class='ocrx_word' id='word_1_73' title='bbox 620 1737 998 1846; x_wconf 87' lang='lat' dir='ltr'>comparentibusque</span> <span class='ocrx_word' id='word_1_74' title='bbox 1019 1736 1059 1813; x_wconf 89' lang='lat' dir='ltr'>in</span> <span class='ocrx_word' id='word_1_75' title='bbox 1075 1734 1222 1844; x_wconf 88' lang='lat' dir='ltr'>judicio</span> <span class='ocrx_word' id='word_1_76' title='bbox 1243 1734 1353 1812; x_wconf 89' lang='lat' dir='ltr'>dictis</span> <span class='ocrx_word' id='word_1_77' title='bbox 1372 1735 1541 1840; x_wconf 81' lang='lat' dir='ltr'>partibus</span> <span class='ocrx_word' id='word_1_78' title='bbox 1559 1764 1686 1813; x_wconf 88' lang='lat' dir='ltr'>coram</span> <span class='ocrx_word' id='word_1_79' title='bbox 1704 1736 1810 1816; x_wconf 91' lang='lat' dir='ltr'>dicto</span> <span class='ocrx_word' id='word_1_80' title='bbox 1824 1738 1937 1816; x_wconf 90' lang='lat' dir='ltr'>locum</span> 
     </span>
     <span class='ocr_line' id='line_1_10' title="bbox 521 1866 1936 1976; baseline 0.001 -30"><span class='ocrx_word' id='word_1_81' title='bbox 521 1885 687 1958; x_wconf 87' lang='lat' dir='ltr'>tenente,</span> <span class='ocrx_word' id='word_1_82' title='bbox 696 1897 780 1976; x_wconf 89' lang='lat' dir='ltr'>pars</span> <span class='ocrx_word' id='word_1_83' title='bbox 794 1869 981 1946; x_wconf 83' lang='lat' dir='ltr'>dictorum</span> <span class='ocrx_word' id='word_1_84' title='bbox 994 1866 1150 1974; x_wconf 85' lang='lat' dir='ltr'>capituli</span> <span class='ocrx_word' id='word_1_85' title='bbox 1162 1883 1200 1944; x_wconf 91' lang='lat' dir='ltr'>et</span> <span class='ocrx_word' id='word_1_86' title='bbox 1212 1866 1406 1944; x_wconf 86' lang='lat' dir='ltr'>Bertrandi</span> <span class='ocrx_word' id='word_1_87' title='bbox 1420 1886 1652 1974; x_wconf 84' lang='lat' dir='ltr'>proponeret</span> <span class='ocrx_word' id='word_1_88' title='bbox 1666 1897 1708 1946; x_wconf 90' lang='lat' dir='ltr'>se</span> <span class='ocrx_word' id='word_1_89' title='bbox 1728 1896 1810 1946; x_wconf 92' lang='lat' dir='ltr'>non</span> <span class='ocrx_word' id='word_1_90' title='bbox 1828 1869 1936 1947; x_wconf 86' lang='lat' dir='ltr'>teneri</span> 
     </span>
     <span class='ocr_line' id='line_1_11' title="bbox 522 1975 1937 2108; baseline 0 -30"><span class='ocrx_word' id='word_1_91' title='bbox 522 1975 786 2108; x_wconf 43' lang='lat' dir='ltr'>procedere&#39;in</span> <span class='ocrx_word' id='word_1_92' title='bbox 806 1999 908 2076; x_wconf 88' lang='lat' dir='ltr'>curia</span> <span class='ocrx_word' id='word_1_93' title='bbox 920 1997 1122 2076; x_wconf 75' lang='lat' dir='ltr'>Biterrensi</span> <span class='ocrx_word' id='word_1_94' title='bbox 1140 1995 1324 2104; x_wconf 88' lang='lat' dir='ltr'>predicta,</span> <span class='ocrx_word' id='word_1_95' title='bbox 1345 1997 1434 2104; x_wconf 89' lang='lat' dir='ltr'>quia</span> <span class='ocrx_word' id='word_1_96' title='bbox 1458 1997 1507 2075; x_wconf 94' lang='lat' dir='ltr'>de</span> <span class='ocrx_word' id='word_1_97' title='bbox 1530 1999 1709 2104; x_wconf 78' lang='lat' dir='ltr'>predictis</span> <span class='ocrx_word' id='word_1_98' title='bbox 1728 2028 1840 2077; x_wconf 77' lang='lat' dir='ltr'>carisa</span> <span class='ocrx_word' id='word_1_99' title='bbox 1855 2029 1937 2106; x_wconf 90' lang='lat' dir='ltr'>pen-</span> 
     </span>
     <span class='ocr_line' id='line_1_12' title="bbox 523 2123 1938 2237; baseline 0 -30"><span class='ocrx_word' id='word_1_100' title='bbox 523 2129 636 2209; x_wconf 84' lang='lat' dir='ltr'>debat</span> <span class='ocrx_word' id='word_1_101' title='bbox 654 2129 753 2208; x_wconf 87' lang='lat' dir='ltr'>inter</span> <span class='ocrx_word' id='word_1_102' title='bbox 772 2129 923 2207; x_wconf 89' lang='lat' dir='ltr'>easdem</span> <span class='ocrx_word' id='word_1_103' title='bbox 942 2156 1120 2235; x_wconf 76' lang='lat' dir='ltr'>personas</span> <span class='ocrx_word' id='word_1_104' title='bbox 1140 2127 1180 2204; x_wconf 90' lang='lat' dir='ltr'>in</span> <span class='ocrx_word' id='word_1_105' title='bbox 1205 2126 1305 2205; x_wconf 87' lang='lat' dir='ltr'>dicta</span> <span class='ocrx_word' id='word_1_106' title='bbox 1328 2128 1430 2205; x_wconf 86' lang='lat' dir='ltr'>curia</span> <span class='ocrx_word' id='word_1_107' title='bbox 1454 2127 1654 2234; x_wconf 87' lang='lat' dir='ltr'>temporali</span> <span class='ocrx_word' id='word_1_108' title='bbox 1674 2123 1841 2237; x_wconf 79' lang='lat' dir='ltr'>episcopi</span> <span class='ocrx_word' id='word_1_109' title='bbox 1863 2160 1938 2237; x_wconf 84' lang='lat' dir='ltr'>pre·</span> 
     </span>
     <span class='ocr_line' id='line_1_13' title="bbox 523 2247 1938 2366; baseline -0.001 -26"><span class='ocrx_word' id='word_1_110' title='bbox 523 2261 624 2350; x_wconf 89' lang='lat' dir='ltr'>dicti,</span> <span class='ocrx_word' id='word_1_111' title='bbox 646 2278 689 2338; x_wconf 84' lang='lat' dir='ltr'>ut</span> <span class='ocrx_word' id='word_1_112' title='bbox 709 2258 875 2348; x_wconf 87' lang='lat' dir='ltr'>dicebat,</span> <span class='ocrx_word' id='word_1_113' title='bbox 896 2285 1012 2365; x_wconf 90' lang='lat' dir='ltr'>quare</span> <span class='ocrx_word' id='word_1_114' title='bbox 1033 2247 1186 2366; x_wconf 85' lang='lat' dir='ltr'>petebat</span> <span class='ocrx_word' id='word_1_115' title='bbox 1205 2257 1349 2336; x_wconf 87' lang='lat' dir='ltr'>ibidem</span> <span class='ocrx_word' id='word_1_116' title='bbox 1370 2287 1410 2336; x_wconf 91' lang='lat' dir='ltr'>se</span> <span class='ocrx_word' id='word_1_117' title='bbox 1434 2258 1592 2349; x_wconf 76' lang='lat' dir='ltr'>remitti3</span> <span class='ocrx_word' id='word_1_118' title='bbox 1613 2277 1719 2365; x_wconf 85' lang='lat' dir='ltr'>parte</span> <span class='ocrx_word' id='word_1_119' title='bbox 1738 2259 1857 2338; x_wconf 86' lang='lat' dir='ltr'>altera</span> <span class='ocrx_word' id='word_1_120' title='bbox 1881 2289 1938 2366; x_wconf 91' lang='lat' dir='ltr'>pe·</span> 
     </span>
     <span class='ocr_line' id='line_1_14' title="bbox 521 2387 1937 2496; baseline -0.001 -28"><span class='ocrx_word' id='word_1_121' title='bbox 521 2409 623 2469; x_wconf 83' lang='lat' dir='ltr'>tante</span> <span class='ocrx_word' id='word_1_122' title='bbox 659 2390 775 2468; x_wconf 88' lang='lat' dir='ltr'>dictas</span> <span class='ocrx_word' id='word_1_123' title='bbox 804 2389 947 2468; x_wconf 88' lang='lat' dir='ltr'>litteras</span> <span class='ocrx_word' id='word_1_124' title='bbox 981 2388 1199 2468; x_wconf 80' lang='lat' dir='ltr'>esecucioni</span> <span class='ocrx_word' id='word_1_125' title='bbox 1223 2387 1407 2478; x_wconf 86' lang='lat' dir='ltr'>mandari,</span> <span class='ocrx_word' id='word_1_126' title='bbox 1437 2389 1660 2496; x_wconf 84' lang='lat' dir='ltr'>dicenteque</span> <span class='ocrx_word' id='word_1_127' title='bbox 1683 2392 1937 2469; x_wconf 82' lang='lat' dir='ltr'>remissionem</span> 
     </span>
     <span class='ocr_line' id='line_1_15' title="bbox 522 2520 1938 2611; baseline -0.001 -11"><span class='ocrx_word' id='word_1_128' title='bbox 522 2549 599 2602; x_wconf 89' lang='lat' dir='ltr'>non</span> <span class='ocrx_word' id='word_1_129' title='bbox 620 2549 699 2600; x_wconf 90' lang='lat' dir='ltr'>esse</span> <span class='ocrx_word' id='word_1_130' title='bbox 719 2521 947 2611; x_wconf 87' lang='lat' dir='ltr'>faciendam,</span> <span class='ocrx_word' id='word_1_131' title='bbox 968 2521 1036 2599; x_wconf 89' lang='lat' dir='ltr'>sed</span> <span class='ocrx_word' id='word_1_132' title='bbox 1056 2521 1194 2597; x_wconf 86' lang='lat' dir='ltr'>dictam</span> <span class='ocrx_word' id='word_1_133' title='bbox 1210 2521 1354 2597; x_wconf 85' lang='lat' dir='ltr'>curiam</span> <span class='ocrx_word' id='word_1_134' title='bbox 1374 2520 1623 2598; x_wconf 89' lang='lat' dir='ltr'>Biterrensem</span> <span class='ocrx_word' id='word_1_135' title='bbox 1646 2521 1789 2600; x_wconf 89' lang='lat' dir='ltr'>debere</span> <span class='ocrx_word' id='word_1_136' title='bbox 1811 2522 1856 2599; x_wconf 89' lang='lat' dir='ltr'>de</span> <span class='ocrx_word' id='word_1_137' title='bbox 1874 2523 1938 2599; x_wconf 88' lang='lat' dir='ltr'>hoc</span> 
     </span>
     <span class='ocr_line' id='line_1_16' title="bbox 521 2651 1937 2762; baseline 0 -32"><span class='ocrx_word' id='word_1_138' title='bbox 521 2680 763 2762; x_wconf 84' lang='lat' dir='ltr'>cognoscere,</span> <span class='ocrx_word' id='word_1_139' title='bbox 777 2671 854 2731; x_wconf 88' lang='lat' dir='ltr'>tam</span> <span class='ocrx_word' id='word_1_140' title='bbox 869 2652 916 2731; x_wconf 89' lang='lat' dir='ltr'>de</span> <span class='ocrx_word' id='word_1_141' title='bbox 928 2651 1014 2730; x_wconf 87' lang='lat' dir='ltr'>stilo</span> <span class='ocrx_word' id='word_1_142' title='bbox 1031 2651 1132 2730; x_wconf 87' lang='lat' dir='ltr'>dicte</span> <span class='ocrx_word' id='word_1_143' title='bbox 1144 2651 1248 2728; x_wconf 89' lang='lat' dir='ltr'>curie</span> <span class='ocrx_word' id='word_1_144' title='bbox 1258 2651 1480 2728; x_wconf 87' lang='lat' dir='ltr'>Biterrensis</span> <span class='ocrx_word' id='word_1_145' title='bbox 1495 2651 1646 2731; x_wconf 90' lang='lat' dir='ltr'>notorio</span> <span class='ocrx_word' id='word_1_146' title='bbox 1660 2653 1807 2760; x_wconf 89' lang='lat' dir='ltr'>diuque</span> <span class='ocrx_word' id='word_1_147' title='bbox 1822 2655 1937 2732; x_wconf 86' lang='lat' dir='ltr'>obser·</span> 
     </span>
     <span class='ocr_line' id='line_1_17' title="bbox 522 2780 1937 2892; baseline -0.002 -30"><span class='ocrx_word' id='word_1_148' title='bbox 522 2799 620 2874; x_wconf 88' lang='lat' dir='ltr'>vato,</span> <span class='ocrx_word' id='word_1_149' title='bbox 638 2813 751 2892; x_wconf 88' lang='lat' dir='ltr'>quarn</span> <span class='ocrx_word' id='word_1_150' title='bbox 771 2811 838 2890; x_wconf 94' lang='lat' dir='ltr'>per</span> <span class='ocrx_word' id='word_1_151' title='bbox 858 2799 983 2861; x_wconf 90' lang='lat' dir='ltr'>nostra</span> <span class='ocrx_word' id='word_1_152' title='bbox 1002 2799 1158 2872; x_wconf 79' lang='lat' dir='ltr'>statuta3</span> <span class='ocrx_word' id='word_1_153' title='bbox 1177 2781 1333 2859; x_wconf 88' lang='lat' dir='ltr'>taudem</span> <span class='ocrx_word' id='word_1_154' title='bbox 1352 2780 1476 2860; x_wconf 90' lang='lat' dir='ltr'>dictus</span> <span class='ocrx_word' id='word_1_155' title='bbox 1497 2781 1624 2860; x_wconf 89' lang='lat' dir='ltr'>locum</span> <span class='ocrx_word' id='word_1_156' title='bbox 1640 2796 1795 2876; x_wconf 88' lang='lat' dir='ltr'>tenens,</span> <span class='ocrx_word' id='word_1_157' title='bbox 1811 2783 1937 2861; x_wconf 87' lang='lat' dir='ltr'>auditis</span> 
     </span>
     <span class='ocr_line' id='line_1_18' title="bbox 522 2911 1936 3020; baseline -0.001 -29"><span class='ocrx_word' id='word_1_158' title='bbox 522 2913 702 3020; x_wconf 89' lang='lat' dir='ltr'>predictis</span> <span class='ocrx_word' id='word_1_159' title='bbox 720 2911 901 3019; x_wconf 89' lang='lat' dir='ltr'>partibus,</span> <span class='ocrx_word' id='word_1_160' title='bbox 919 2929 956 2988; x_wconf 90' lang='lat' dir='ltr'>et</span> <span class='ocrx_word' id='word_1_161' title='bbox 972 2928 1214 3018; x_wconf 79' lang='lat' dir='ltr'>procuratore</span> <span class='ocrx_word' id='word_1_162' title='bbox 1236 2911 1326 2988; x_wconf 93' lang='lat' dir='ltr'>dicti</span> <span class='ocrx_word' id='word_1_163' title='bbox 1341 2911 1504 3018; x_wconf 88' lang='lat' dir='ltr'>episcopi</span> <span class='ocrx_word' id='word_1_164' title='bbox 1524 2928 1718 3018; x_wconf 87' lang='lat' dir='ltr'>repetente</span> <span class='ocrx_word' id='word_1_165' title='bbox 1735 2914 1878 2992; x_wconf 77' lang='lat' dir='ltr'>caudam</span> <span class='ocrx_word' id='word_1_166' title='bbox 1895 2914 1936 2990; x_wconf 91' lang='lat' dir='ltr'>de</span> 
     </span>
     <span class='ocr_line' id='line_1_19' title="bbox 523 3039 1936 3151; baseline 0 -30"><span class='ocrx_word' id='word_1_167' title='bbox 523 3042 715 3151; x_wconf 86' lang='lat' dir='ltr'>predictis,</span> <span class='ocrx_word' id='word_1_168' title='bbox 732 3041 952 3120; x_wconf 83' lang='lat' dir='ltr'>informatus</span> <span class='ocrx_word' id='word_1_169' title='bbox 975 3041 1023 3119; x_wconf 92' lang='lat' dir='ltr'>de</span> <span class='ocrx_word' id='word_1_170' title='bbox 1043 3041 1145 3120; x_wconf 90' lang='lat' dir='ltr'>dicto</span> <span class='ocrx_word' id='word_1_171' title='bbox 1162 3039 1265 3131; x_wconf 91' lang='lat' dir='ltr'>stilo,</span> <span class='ocrx_word' id='word_1_172' title='bbox 1282 3056 1327 3118; x_wconf 89' lang='lat' dir='ltr'>ut</span> <span class='ocrx_word' id='word_1_173' title='bbox 1346 3041 1509 3130; x_wconf 90' lang='lat' dir='ltr'>dicebat,</span> <span class='ocrx_word' id='word_1_174' title='bbox 1529 3043 1793 3149; x_wconf 82' lang='lat' dir='ltr'>pronunciavit</span> <span class='ocrx_word' id='word_1_175' title='bbox 1813 3045 1936 3121; x_wconf 87' lang='lat' dir='ltr'>dictam</span> 
     </span>
     <span class='ocr_line' id='line_1_20' title="bbox 522 3170 1936 3279; baseline 0.001 -29"><span class='ocrx_word' id='word_1_176' title='bbox 522 3173 783 3250; x_wconf 90' lang='lat' dir='ltr'>remissionem</span> <span class='ocrx_word' id='word_1_177' title='bbox 800 3170 884 3248; x_wconf 83' lang='lat' dir='ltr'>lieri</span> <span class='ocrx_word' id='word_1_178' title='bbox 904 3199 982 3249; x_wconf 89' lang='lat' dir='ltr'>non</span> <span class='ocrx_word' id='word_1_179' title='bbox 1003 3170 1159 3262; x_wconf 89' lang='lat' dir='ltr'>debere,</span> <span class='ocrx_word' id='word_1_180' title='bbox 1176 3172 1243 3250; x_wconf 88' lang='lat' dir='ltr'>sed</span> <span class='ocrx_word' id='word_1_181' title='bbox 1260 3171 1539 3279; x_wconf 87' lang='lat' dir='ltr'>cogniscionem</span> <span class='ocrx_word' id='word_1_182' title='bbox 1557 3171 1781 3278; x_wconf 86' lang='lat' dir='ltr'>hujusmodi</span> <span class='ocrx_word' id='word_1_183' title='bbox 1797 3175 1837 3250; x_wconf 91' lang='lat' dir='ltr'>in</span> <span class='ocrx_word' id='word_1_184' title='bbox 1850 3175 1936 3251; x_wconf 83' lang='lat' dir='ltr'>dicta</span> 
     </span>
     <span class='ocr_line' id='line_1_21' title="bbox 522 3301 1936 3411; baseline -0.001 -28"><span class='ocrx_word' id='word_1_185' title='bbox 522 3304 623 3383; x_wconf 90' lang='lat' dir='ltr'>curia</span> <span class='ocrx_word' id='word_1_186' title='bbox 638 3303 841 3382; x_wconf 83' lang='lat' dir='ltr'>Biterrensi</span> <span class='ocrx_word' id='word_1_187' title='bbox 859 3301 999 3381; x_wconf 88' lang='lat' dir='ltr'>debere</span> <span class='ocrx_word' id='word_1_188' title='bbox 1019 3330 1237 3396; x_wconf 69' lang='lat' dir='ltr'>remanere,</span> <span class='ocrx_word' id='word_1_189' title='bbox 1253 3332 1274 3380; x_wconf 92' lang='lat' dir='ltr'>a</span> <span class='ocrx_word' id='word_1_190' title='bbox 1287 3331 1363 3409; x_wconf 88' lang='lat' dir='ltr'>qua</span> <span class='ocrx_word' id='word_1_191' title='bbox 1376 3303 1694 3410; x_wconf 88' lang='lat' dir='ltr'>pronunciacione</span> <span class='ocrx_word' id='word_1_192' title='bbox 1709 3306 1873 3411; x_wconf 89' lang='lat' dir='ltr'>predicti</span> <span class='ocrx_word' id='word_1_193' title='bbox 1887 3333 1936 3382; x_wconf 89' lang='lat' dir='ltr'>ca·</span> 
     </span>
     <span class='ocr_line' id='line_1_22' title="bbox 521 3413 1933 3544; baseline -0.001 -32"><span class='ocrx_word' id='word_1_194' title='bbox 521 3437 686 3543; x_wconf 90' lang='lat' dir='ltr'>pitulum</span> <span class='ocrx_word' id='word_1_195' title='bbox 707 3453 745 3514; x_wconf 89' lang='lat' dir='ltr'>et</span> <span class='ocrx_word' id='word_1_196' title='bbox 758 3435 986 3514; x_wconf 82' lang='lat' dir='ltr'>Bertrandus</span> <span class='ocrx_word' id='word_1_197' title='bbox 1004 3433 1051 3512; x_wconf 88' lang='lat' dir='ltr'>ad</span> <span class='ocrx_word' id='word_1_198' title='bbox 1073 3433 1321 3512; x_wconf 86' lang='lat' dir='ltr'>senescallum</span> <span class='ocrx_word' id='word_1_199' title='bbox 1340 3413 1675 3514; x_wconf 69' lang='lat' dir='ltr'>carcassonensem</span> <span class='ocrx_word' id='word_1_200' title='bbox 1692 3435 1933 3544; x_wconf 89' lang='lat' dir='ltr'>appellarunt.</span> 
     </span>
     <span class='ocr_line' id='line_1_23' title="bbox 521 3559 1934 3672; baseline 0.001 -28"><span class='ocrx_word' id='word_1_201' title='bbox 521 3567 613 3661; x_wconf 91' lang='lat' dir='ltr'>Qui,</span> <span class='ocrx_word' id='word_1_202' title='bbox 635 3567 879 3656; x_wconf 86' lang='lat' dir='ltr'>senescallus,</span> <span class='ocrx_word' id='word_1_203' title='bbox 896 3566 1046 3672; x_wconf 87' lang='lat' dir='ltr'>cognito</span> <span class='ocrx_word' id='word_1_204' title='bbox 1061 3565 1110 3642; x_wconf 94' lang='lat' dir='ltr'>de</span> <span class='ocrx_word' id='word_1_205' title='bbox 1125 3565 1225 3644; x_wconf 85' lang='lat' dir='ltr'>dicta</span> <span class='ocrx_word' id='word_1_206' title='bbox 1239 3564 1506 3672; x_wconf 89' lang='lat' dir='ltr'>appellacionis</span> <span class='ocrx_word' id='word_1_207' title='bbox 1520 3559 1645 3658; x_wconf 89' lang='lat' dir='ltr'>causa,</span> <span class='ocrx_word' id='word_1_208' title='bbox 1661 3567 1934 3646; x_wconf 78' lang='lat' dir='ltr'>informatusde</span> 
     </span>
     <span class='ocr_line' id='line_1_24' title="bbox 521 3695 1934 3805; baseline 0.001 -32"><span class='ocrx_word' id='word_1_209' title='bbox 521 3695 608 3773; x_wconf 90' lang='lat' dir='ltr'>stilo</span> <span class='ocrx_word' id='word_1_210' title='bbox 621 3697 719 3774; x_wconf 90' lang='lat' dir='ltr'>dicte</span> <span class='ocrx_word' id='word_1_211' title='bbox 739 3697 841 3774; x_wconf 89' lang='lat' dir='ltr'>curie</span> <span class='ocrx_word' id='word_1_212' title='bbox 856 3695 1095 3782; x_wconf 90' lang='lat' dir='ltr'>Biterrensis‚</span> <span class='ocrx_word' id='word_1_213' title='bbox 1112 3712 1157 3772; x_wconf 94' lang='lat' dir='ltr'>ut</span> <span class='ocrx_word' id='word_1_214' title='bbox 1171 3695 1333 3784; x_wconf 89' lang='lat' dir='ltr'>dicebat,</span> <span class='ocrx_word' id='word_1_215' title='bbox 1350 3697 1609 3802; x_wconf 88' lang='lat' dir='ltr'>pronunciavit</span> <span class='ocrx_word' id='word_1_216' title='bbox 1619 3698 1717 3776; x_wconf 89' lang='lat' dir='ltr'>bene</span> <span class='ocrx_word' id='word_1_217' title='bbox 1731 3698 1849 3777; x_wconf 79' lang='lat' dir='ltr'>irrisae</span> <span class='ocrx_word' id='word_1_218' title='bbox 1862 3726 1934 3805; x_wconf 84' lang='lat' dir='ltr'>pro</span> 
     </span>
     <span class='ocr_line' id='line_1_25' title="bbox 522 3823 1932 3936; baseline 0.001 -34"><span class='ocrx_word' id='word_1_219' title='bbox 522 3827 741 3903; x_wconf 88' lang='lat' dir='ltr'>nunciatum</span> <span class='ocrx_word' id='word_1_220' title='bbox 755 3843 800 3917; x_wconf 44' lang='lat' dir='ltr'>,et</span> <span class='ocrx_word' id='word_1_221' title='bbox 818 3824 917 3901; x_wconf 87' lang='lat' dir='ltr'>male</span> <span class='ocrx_word' id='word_1_222' title='bbox 937 3823 1184 3931; x_wconf 78' lang='lat' dir='ltr'>appellatum3</span> <span class='ocrx_word' id='word_1_223' title='bbox 1201 3855 1221 3902; x_wconf 93' lang='lat' dir='ltr'>a</span> <span class='ocrx_word' id='word_1_224' title='bbox 1241 3854 1315 3931; x_wconf 79' lang='lat' dir='ltr'>qua</span> <span class='ocrx_word' id='word_1_225' title='bbox 1333 3828 1649 3933; x_wconf 87' lang='lat' dir='ltr'>pronunciacione</span> <span class='ocrx_word' id='word_1_226' title='bbox 1665 3830 1827 3936; x_wconf 89' lang='lat' dir='ltr'>predicti</span> <span class='ocrx_word' id='word_1_227' title='bbox 1843 3829 1932 3934; x_wconf 90' lang='lat' dir='ltr'>capi-</span> 
     </span>
     <span class='ocr_line' id='line_1_26' title="bbox 520 3953 1933 4069; baseline 0.004 -39"><span class='ocrx_word' id='word_1_228' title='bbox 520 3953 645 4032; x_wconf 90' lang='lat' dir='ltr'>tulum</span> <span class='ocrx_word' id='word_1_229' title='bbox 668 3971 706 4032; x_wconf 84' lang='lat' dir='ltr'>et</span> <span class='ocrx_word' id='word_1_230' title='bbox 728 3953 957 4032; x_wconf 84' lang='lat' dir='ltr'>Bertrandus</span> <span class='ocrx_word' id='word_1_231' title='bbox 981 3954 1116 4034; x_wconf 86' lang='lat' dir='ltr'>iterato</span> <span class='ocrx_word' id='word_1_232' title='bbox 1143 3955 1191 4032; x_wconf 90' lang='lat' dir='ltr'>ad</span> <span class='ocrx_word' id='word_1_233' title='bbox 1217 3974 1384 4034; x_wconf 88' lang='lat' dir='ltr'>nostram</span> <span class='ocrx_word' id='word_1_234' title='bbox 1409 3959 1550 4035; x_wconf 88' lang='lat' dir='ltr'>curiam</span> <span class='ocrx_word' id='word_1_235' title='bbox 1573 3959 1825 4066; x_wconf 87' lang='lat' dir='ltr'>appellarunt,</span> <span class='ocrx_word' id='word_1_236' title='bbox 1840 3958 1933 4069; x_wconf 90' lang='lat' dir='ltr'>judi-</span> 
     </span>
     <span class='ocr_line' id='line_1_27' title="bbox 521 4084 1931 4200; baseline 0.004 -40"><span class='ocrx_word' id='word_1_237' title='bbox 521 4111 677 4191; x_wconf 89' lang='lat' dir='ltr'>cemque</span> <span class='ocrx_word' id='word_1_238' title='bbox 691 4085 732 4161; x_wconf 90' lang='lat' dir='ltr'>in</span> <span class='ocrx_word' id='word_1_239' title='bbox 751 4084 849 4163; x_wconf 89' lang='lat' dir='ltr'>dicte</span> <span class='ocrx_word' id='word_1_240' title='bbox 870 4084 1136 4191; x_wconf 88' lang='lat' dir='ltr'>appellacionis</span> <span class='ocrx_word' id='word_1_241' title='bbox 1150 4115 1257 4165; x_wconf 87' lang='lat' dir='ltr'>causa</span> <span class='ocrx_word' id='word_1_242' title='bbox 1278 4088 1547 4194; x_wconf 75' lang='lat' dir='ltr'>impetrarimt3</span> <span class='ocrx_word' id='word_1_243' title='bbox 1568 4091 1633 4196; x_wconf 84' lang='lat' dir='ltr'>qui</span> <span class='ocrx_word' id='word_1_244' title='bbox 1644 4090 1778 4200; x_wconf 81' lang='lat' dir='ltr'>judex,</span> <span class='ocrx_word' id='word_1_245' title='bbox 1794 4091 1931 4198; x_wconf 85' lang='lat' dir='ltr'>cognito</span> 
     </span>
     <span class='ocr_line' id='line_1_28' title="bbox 521 4217 1930 4328; baseline 0.004 -34"><span class='ocrx_word' id='word_1_246' title='bbox 521 4217 569 4296; x_wconf 88' lang='lat' dir='ltr'>de</span> <span class='ocrx_word' id='word_1_247' title='bbox 589 4217 687 4295; x_wconf 85' lang='lat' dir='ltr'>dicta</span> <span class='ocrx_word' id='word_1_248' title='bbox 706 4244 832 4308; x_wconf 89' lang='lat' dir='ltr'>causa,</span> <span class='ocrx_word' id='word_1_249' title='bbox 853 4217 1110 4322; x_wconf 87' lang='lat' dir='ltr'>pronunciavit</span> <span class='ocrx_word' id='word_1_250' title='bbox 1126 4218 1270 4296; x_wconf 85' lang='lat' dir='ltr'>dictum</span> <span class='ocrx_word' id='word_1_251' title='bbox 1291 4219 1533 4297; x_wconf 87' lang='lat' dir='ltr'>senescallum</span> <span class='ocrx_word' id='word_1_252' title='bbox 1555 4222 1654 4299; x_wconf 88' lang='lat' dir='ltr'>male</span> <span class='ocrx_word' id='word_1_253' title='bbox 1674 4221 1930 4328; x_wconf 83' lang='lat' dir='ltr'>pronunciasse</span> 
     </span>
     <span class='ocr_line' id='line_1_29' title="bbox 521 4347 1932 4458; baseline 0.004 -32"><span class='ocrx_word' id='word_1_254' title='bbox 521 4349 697 4431; x_wconf 83' lang='lat' dir='ltr'>etdictos</span> <span class='ocrx_word' id='word_1_255' title='bbox 716 4347 921 4454; x_wconf 89' lang='lat' dir='ltr'>capitulum</span> <span class='ocrx_word' id='word_1_256' title='bbox 941 4377 982 4424; x_wconf 91' lang='lat' dir='ltr'>ac</span> <span class='ocrx_word' id='word_1_257' title='bbox 995 4349 1248 4426; x_wconf 87' lang='lat' dir='ltr'>Bertrandum</span> <span class='ocrx_word' id='word_1_258' title='bbox 1260 4349 1359 4427; x_wconf 89' lang='lat' dir='ltr'>bene</span> <span class='ocrx_word' id='word_1_259' title='bbox 1375 4350 1596 4457; x_wconf 88' lang='lat' dir='ltr'>appellasse,</span> <span class='ocrx_word' id='word_1_260' title='bbox 1611 4353 1806 4430; x_wconf 88' lang='lat' dir='ltr'>remittens</span> <span class='ocrx_word' id='word_1_261' title='bbox 1821 4351 1932 4458; x_wconf 85' lang='lat' dir='ltr'>cogni·</span> 
     </span>
     <span class='ocr_line' id='line_1_30' title="bbox 520 4478 1930 4589; baseline -0.001 -33"><span class='ocrx_word' id='word_1_262' title='bbox 520 4480 668 4557; x_wconf 92' lang='lat' dir='ltr'>cionem</span> <span class='ocrx_word' id='word_1_263' title='bbox 688 4480 786 4557; x_wconf 88' lang='lat' dir='ltr'>dicte</span> <span class='ocrx_word' id='word_1_264' title='bbox 807 4507 914 4557; x_wconf 89' lang='lat' dir='ltr'>cause</span> <span class='ocrx_word' id='word_1_265' title='bbox 931 4478 978 4557; x_wconf 91' lang='lat' dir='ltr'>ad</span> <span class='ocrx_word' id='word_1_266' title='bbox 994 4480 1137 4557; x_wconf 89' lang='lat' dir='ltr'>curiam</span> <span class='ocrx_word' id='word_1_267' title='bbox 1156 4480 1401 4587; x_wconf 89' lang='lat' dir='ltr'>temporalem</span> <span class='ocrx_word' id='word_1_268' title='bbox 1424 4482 1588 4589; x_wconf 89' lang='lat' dir='ltr'>episcopi</span> <span class='ocrx_word' id='word_1_269' title='bbox 1607 4482 1805 4571; x_wconf 79' lang='lat' dir='ltr'>antedicti3</span> <span class='ocrx_word' id='word_1_270' title='bbox 1826 4511 1846 4558; x_wconf 89' lang='lat' dir='ltr'>a</span> <span class='ocrx_word' id='word_1_271' title='bbox 1865 4509 1930 4588; x_wconf 84' lang='lat' dir='ltr'>qua</span> 
     </span>
     <span class='ocr_line' id='line_1_31' title="bbox 519 4609 1931 4718; baseline 0 -30"><span class='ocrx_word' id='word_1_272' title='bbox 519 4611 833 4716; x_wconf 89' lang='lat' dir='ltr'>pronunciacione</span> <span class='ocrx_word' id='word_1_273' title='bbox 849 4609 937 4700; x_wconf 85' lang='lat' dir='ltr'>fuit,</span> <span class='ocrx_word' id='word_1_274' title='bbox 950 4639 1018 4716; x_wconf 89' lang='lat' dir='ltr'>per</span> <span class='ocrx_word' id='word_1_275' title='bbox 1033 4626 1179 4718; x_wconf 84' lang='lat' dir='ltr'>partem</span> <span class='ocrx_word' id='word_1_276' title='bbox 1192 4611 1380 4690; x_wconf 89' lang='lat' dir='ltr'>dictorum</span> <span class='ocrx_word' id='word_1_277' title='bbox 1393 4612 1537 4691; x_wconf 86' lang='lat' dir='ltr'>abbatis</span> <span class='ocrx_word' id='word_1_278' title='bbox 1548 4631 1587 4693; x_wconf 90' lang='lat' dir='ltr'>et</span> <span class='ocrx_word' id='word_1_279' title='bbox 1600 4631 1854 4692; x_wconf 88' lang='lat' dir='ltr'>conventusac</span> <span class='ocrx_word' id='word_1_280' title='bbox 1867 4612 1931 4689; x_wconf 91' lang='lat' dir='ltr'>dic·</span> 
     </span>
     <span class='ocr_line' id='line_1_32' title="bbox 519 4739 1930 4853; baseline 0.001 -36"><span class='ocrx_word' id='word_1_281' title='bbox 519 4758 646 4818; x_wconf 84' lang='lat' dir='ltr'>torum</span> <span class='ocrx_word' id='word_1_282' title='bbox 659 4739 832 4830; x_wconf 78' lang='lat' dir='ltr'>fratrum,</span> <span class='ocrx_word' id='word_1_283' title='bbox 854 4742 902 4818; x_wconf 86' lang='lat' dir='ltr'>ad</span> <span class='ocrx_word' id='word_1_284' title='bbox 917 4759 1081 4819; x_wconf 89' lang='lat' dir='ltr'>nostram</span> <span class='ocrx_word' id='word_1_285' title='bbox 1098 4741 1240 4824; x_wconf 89' lang='lat' dir='ltr'>curiam</span> <span class='ocrx_word' id='word_1_286' title='bbox 1256 4742 1482 4850; x_wconf 89' lang='lat' dir='ltr'>appellatum</span> <span class='ocrx_word' id='word_1_287' title='bbox 1495 4775 1504 4822; x_wconf 74' lang='grc' dir='ltr'><strong>ε</strong></span> <span class='ocrx_word' id='word_1_288' title='bbox 1519 4744 1618 4825; x_wconf 86' lang='lat' dir='ltr'>Visis</span> <span class='ocrx_word' id='word_1_289' title='bbox 1631 4745 1747 4853; x_wconf 81' lang='lat' dir='ltr'>igitur</span> <span class='ocrx_word' id='word_1_290' title='bbox 1760 4742 1930 4852; x_wconf 89' lang='lat' dir='ltr'>processi·</span> 
     </span>
     <span class='ocr_line' id='line_1_33' title="bbox 519 4871 1928 4985; baseline 0.001 -37"><span class='ocrx_word' id='word_1_291' title='bbox 519 4871 592 4948; x_wconf 92' lang='lat' dir='ltr'>bus</span> <span class='ocrx_word' id='word_1_292' title='bbox 606 4871 776 4954; x_wconf 86' lang='lat' dir='ltr'>omnium</span> <span class='ocrx_word' id='word_1_293' title='bbox 791 4901 983 4951; x_wconf 88' lang='lat' dir='ltr'>causarum</span> <span class='ocrx_word' id='word_1_294' title='bbox 997 4874 1268 4979; x_wconf 88' lang='lat' dir='ltr'>predictarum,</span> <span class='ocrx_word' id='word_1_295' title='bbox 1283 4876 1496 4982; x_wconf 87' lang='lat' dir='ltr'>auditisque</span> <span class='ocrx_word' id='word_1_296' title='bbox 1511 4877 1696 4985; x_wconf 85' lang='lat' dir='ltr'>partibus,</span> <span class='ocrx_word' id='word_1_297' title='bbox 1713 4875 1928 4981; x_wconf 84' lang='lat' dir='ltr'>attentisque</span> 
     </span>
     <span class='ocr_line' id='line_1_34' title="bbox 522 5000 1927 5114; baseline 0.001 -38"><span class='ocrx_word' id='word_1_298' title='bbox 522 5001 624 5078; x_wconf 90' lang='lat' dir='ltr'>dicto</span> <span class='ocrx_word' id='word_1_299' title='bbox 647 5000 733 5080; x_wconf 87' lang='lat' dir='ltr'>stilo</span> <span class='ocrx_word' id='word_1_300' title='bbox 762 5002 928 5108; x_wconf 86' lang='lat' dir='ltr'>predicte</span> <span class='ocrx_word' id='word_1_301' title='bbox 957 5005 1060 5082; x_wconf 91' lang='lat' dir='ltr'>curie</span> <span class='ocrx_word' id='word_1_302' title='bbox 1084 5005 1307 5086; x_wconf 88' lang='lat' dir='ltr'>Biterrensis</span> <span class='ocrx_word' id='word_1_303' title='bbox 1333 5024 1372 5085; x_wconf 87' lang='lat' dir='ltr'>et</span> <span class='ocrx_word' id='word_1_304' title='bbox 1396 5007 1542 5086; x_wconf 86' lang='lat' dir='ltr'>statutis</span> <span class='ocrx_word' id='word_1_305' title='bbox 1568 5009 1720 5098; x_wconf 90' lang='lat' dir='ltr'>nostris,</span> <span class='ocrx_word' id='word_1_306' title='bbox 1749 5035 1816 5114; x_wconf 91' lang='lat' dir='ltr'>per</span> <span class='ocrx_word' id='word_1_307' title='bbox 1838 5005 1927 5082; x_wconf 90' lang='lat' dir='ltr'>dicte</span> 
     </span>
    </p>
   </div>
   <div class='ocr_carea' id='block_1_3' title="bbox 0 0 2230 6209">
    <p class='ocr_par' dir='ltr' id='par_1_3' title="bbox 0 0 2230 6209">
     <span class='ocr_line' id='line_1_35' title="bbox 0 0 2230 6209; baseline 0 1"><span class='ocrx_word' id='word_1_308' title='bbox 0 0 2230 6209; x_wconf 95' lang='lat' dir='ltr'> </span> 
     </span>
    </p>
   </div>
  </div>
 </body>
</html>
