4450 6209
737 722 1004 833 avoutrns
1029 742 1093 815 ar
1121 724 1326 817 raucas.
1690 752 1744 826 ao

316 888 609 993 Hermerenges,
630 882 731 990 apud
750 884 953 963 Rikenacre
973 902 1011 962 et
1030 888 1133 993 apud
1151 886 1438 993 Ultra-Aquam,
1454 890 1556 997 apud
1576 891 1744 971 Niveniel
1784 902 1915 958 aarum
1927 906 1970 967 vv,

315 1015 526 1096 berlariam
549 1040 666 1093 unam
693 1030 732 1091 et
758 1014 943 1123 hospites,
966 1032 1004 1093 et
1027 1017 1068 1093 in'
1096 1017 1270 1124 pluribus
1298 1016 1380 1095 aliis
1411 1019 1518 1099 Iociis
1545 1020 1744 1132 plerasque
1847 996 1910 1039 ’Μ’

314 1151 435 1227 terras
460 1177 548 1225 cum
572 1146 797 1225 omnimodo
823 1148 1023 1236 comitatu;
1045 1148 1084 1225 in
1107 1147 1261 1259 Anglia,
1284 1178 1330 1226 ex
1358 1150 1567 1231 donacione
1596 1171 1742 1247 nostra,

317 1279 514 1359 ecclesiam
537 1278 586 1356 de
606 1277 796 1368 Fobiuch,
823 1308 911 1357 cum
932 1279 1091 1359 decimis
1116 1297 1154 1357 et
1172 1280 1404 1388 appendiciis
1431 1283 1528 1376 suisa
1551 1287 1746 1395 cognosci-

315 1442 404 1491 mus
423 1412 541 1489 eciam
561 1410 668 1519 quod
686 1410 813 1488 eidem
831 1412 1061 1491 monasterio
1080 1441 1151 1491 suo
1172 1412 1354 1492 auxilium
1375 1414 1580 1518 debemus,
1602 1420 1742 1508 vocati,

316 1532 506 1636 conferre}
522 1570 593 1619 nec
611 1541 684 1649 ipsi
702 1541 762 1620 vel
779 1570 915 1621 eorum
931 1544 1062 1621 nuncii
1079 1560 1305 1641 traversum,
1322 1546 1529 1657 pedagium
1541 1547 1601 1624 vel
1619 1550 1744 1627 thelo-

316 1704 454 1765 neum,
474 1673 571 1751 infra
600 1672 814 1751 dominium
842 1691 1035 1768 nostrum,
1056 1674 1199 1754 debent
1222 1676 1454 1782 persolvere3
1477 1678 1659 1787 quicquid
1679 1710 1745 1759 au-

316 1827 396 1886 tem
429 1806 470 1882 in
501 1805 659 1883 decimis
686 1804 881 1912 acquirere
912 1822 1095 1912 poterunt
1127 1806 1181 1885 eis
1210 1808 1474 1901 concedimus3
1508 1812 1741 1903 exacciones,

316 1936 608 2047 procuraciones
635 1952 674 2014 et
698 1935 850 2030 taillias,
873 1937 1049 2015 monachi
1073 1936 1133 2015 vel
1161 1939 1338 2018 homines
1367 1967 1518 2035 eorum,
1546 1941 1656 2021 nobis
1680 1961 1744 2020 aut

317 2069 596 2149 successoribus
613 2069 753 2146 nostris
770 2068 931 2147 minime
952 2068 1180 2176 persolvaut;
1211 2072 1242 2147 si
1265 2099 1333 2178 pro
1362 2074 1578 2150 reverencia
1603 2073 1661 2151 sui
1680 2105 1746 2181 pa-

314 2203 417 2282 troni
433 2201 653 2280 aisiamenta
665 2200 706 2277 in
723 2199 903 2278 omnibus
918 2198 1012 2279 locis
1030 2200 1072 2274 in
1086 2200 1229 2305 quibus
1244 2202 1476 2309 quandoque
1494 2204 1634 2281 habere
1656 2234 1745 2283 con·

316 2350 532 2424 sueverant,
556 2331 675 2409 libere
700 2330 880 2421 habeant,
905 2332 946 2408 in
975 2331 1220 2438 expedicione
1247 2362 1317 2439 pro
1347 2332 1601 2411 deffendenda
1625 2338 1744 2441 patria

315 2485 444 2545 tamen
454 2461 629 2541 homines
644 2460 799 2539 ecclesie
812 2478 943 2540 contra
956 2460 1221 2541 malefactores
1232 2492 1319 2539 cum
1338 2463 1610 2541 communitate
1622 2466 1744 2543 tocius

316 2596 438 2704 patrie
467 2593 658 2683 resistant,
685 2610 724 2669 et
745 2620 824 2670 non
851 2594 926 2671 nisi
952 2592 1098 2672 abbatis
1127 2594 1254 2671 banno
1283 2593 1475 2671 obediant.
1506 2593 1646 2672 Datum
1677 2624 1745 2703 per

321 2756 478 2805 manum
496 2725 649 2804 Rilardi
670 2723 834 2832 Anglici,
850 2725 987 2803 notarii
1006 2724 1147 2815 nostri,
1163 2753 1263 2805 anno
1284 2724 1398 2806 Verbi
1420 2724 1602 2803 incarnati
1622 2726 1746 2804 mille-

316 2860 417 2937 simo
447 2857 652 2935 centesimo
683 2854 970 2963 quadragesimo
997 2851 1143 2963 quinto.
1173 2856 1308 2933 Testes
1338 2882 1452 2961 super
1487 2854 1560 2933 hoc
1591 2855 1746 2935 fuerunt

318 2990 526 3069 Heufridus
552 2986 710 3096 dapifer,
731 2986 920 3065 Rohertus
936 2986 1094 3094 dapifer,
1114 2987 1311 3067 Eustacius
1330 2988 1377 3064 de
1394 2988 1424 3065 F
1427 2985 1565 3080 ieules,
1587 2988 1745 3068 Willer-

322 3153 409 3203 mus
430 3139 469 3201 et
487 3120 685 3231 Rogerius,
706 3092 838 3197 fratres
857 3119 933 3210 sui,
950 3118 1166 3197 Bernardu's
1184 3086 1406 3207 vicecomes,
1426 3117 1535 3207 Ouo,
1551 3120 1745 3199 Eustacius

318 3255 367 3333 de
386 3254 567 3342 Cortona,
587 3251 700 3361 Hugo
719 3249 976 3341 marescallus,
1002 3249 1226 3356 Radulphus
1247 3247 1479 3354 capellanus,
1502 3251 1672 3357 Rogerus
1698 3252 1744 3331 de

318 3386 514 3477 Lemesio,
529 3381 730 3471 Ilvrardus,
747 3380 968 3469 fulbertus,
984 3380 1108 3461 Bauso
1125 3378 1238 3457 etalii
1254 3378 1383 3473 multi,
1400 3396 1477 3455 tam
1490 3378 1616 3457 clerici
1632 3410 1745 3487 quam

319 3519 438 3626 laycy.
459 3516 534 3594 Nos
558 3518 700 3602 autem,
722 3512 763 3589 in
785 3511 1050 3592 testimonium
1068 3511 1341 3618 premissorum
1363 3527 1401 3587 et
1428 3527 1473 3587 ut
1497 3527 1577 3588 rata
1596 3525 1744 3618 perma-

318 3665 436 3729 neant
454 3648 495 3723 in
512 3646 703 3736 futurum,
726 3642 967 3751 presentibus
991 3642 1128 3721 litteris
1148 3658 1322 3721 nostrum
1350 3638 1508 3719 fecimus
1532 3643 1672 3749 apponi
1698 3644 1745 3721 si-

318 3781 466 3891 gillum.
481 3776 796 3857 Actum‘Parisius
817 3802 918 3853 anno
936 3774 1093 3853 Domini
1114 3773 1315 3852 millesimo
1344 3772 1611 3851 ducentesimo
1628 3800 1744 3853 nona-

321 3913 467 4019 gesimo
488 3936 609 4001 nono,
629 3932 759 3985 mense
777 3903 1040 3986 Decembris.»

377 4176 567 4257 XXXVIII.
597 4176 696 4255 Cum
712 4174 997 4255 interabbstem
1013 4193 1052 4254 et
1063 4193 1289 4253 conventum
1304 4172 1619 4252 Sancti-Cornelii
1632 4174 1745 4251 Com-

318 4304 556 4415 pendiensis,
578 4337 624 4385 ex
649 4325 754 4415 parte
780 4336 873 4398 una,
895 4322 934 4385 et
957 4308 1140 4415 maJ'orem
1166 4325 1203 4385 et
1225 4306 1373 4413 juratos
1401 4303 1743 4410 Compendienses,

320 4440 476 4518 nomine
490 4435 708 4540 communie
726 4437 899 4547 ejusdem
912 4438 1024 4529 tilla,
1039 4467 1084 4515 ex
1103 4437 1236 4526 altera,
1255 4435 1369 4527 olim,
1384 4434 1431 4513 de
1447 4434 1625 4523 mandato
1641 4435 1744 4512 curie

321 4588 467 4662 nostre,
485 4572 581 4650 facta
601 4572 719 4651 fuerit
737 4571 902 4681 quedam
921 4571 1096 4679 inquesta
1114 4597 1230 4675 super
1249 4566 1426 4675 pluribus
1453 4581 1491 4644 et
1510 4566 1667 4646 diversis
1690 4596 1746 4644 ar-

318 4703 446 4781 ticulis
464 4703 661 4781 hincinde
681 4701 901 4811 propositis,
917 4730 959 4779 ac
975 4700 1080 4780 curie
1099 4717 1227 4779 nostre
1250 4715 1438 4806 reportata
1454 4715 1492 4775 et
1501 4681 1690 4805 judicala,
1709 4716 1747 4776 et

322 4830 371 4910 ad
385 4834 679 4942 requisicionem
698 4833 869 4941 parcium
883 4833 1159 4941 predictarum,
1174 4830 1341 4942 quedam
1361 4828 1637 4909 declaraciones
1651 4858 1747 4936 quo-

321 4967 498 5044 rumdam
529 4983 796 5045 contentorum
826 4965 867 5042 in
899 4965 1025 5073 primo
1052 4964 1225 5075 judicato
1256 4962 1351 5041 facte
1381 4961 1524 5041 fuerint
1547 4961 1589 5038 in
1619 4977 1746 5039 nostra

322 5096 443 5191 curia,
462 5114 576 5203 prout
590 5092 814 5175 'continetur
833 5096 874 5173 in
889 5096 1061 5205 judicato
1082 5112 1122 5173 et
1141 5094 1397 5175 declaratione
1416 5092 1610 5201 predictis3
1632 5092 1748 5167 inter·
