4450 6209
512 729 586 805 too
1092 725 1184 797 ons
1213 724 1355 799 otiu.
1458 832 1462 837 Ι

284 885 415 939 rursm
428 884 470 944 tv,
567 870 619 947 M.
637 868 684 949 G:
704 866 756 947 de
775 868 914 945 Landri
933 867 1148 974 reportavit.

346 977 409 1019 lm.

566 1132 690 1210 XCllI.
721 1130 817 1209 Cum
829 1129 1051 1236 Radulpbus
1064 1129 1115 1207 de
1128 1128 1271 1237 Nigella
1284 1129 1439 1207 domim
1452 1130 1542 1237 flagi
1555 1128 1820 1207 denunciasset
1830 1130 1930 1235 quod

509 1262 699 1344 lohannes
720 1262 770 1340 de
791 1261 910 1351 Fulvi,
939 1260 1103 1351 scutifer,
1134 1260 1230 1339 duos
1254 1261 1372 1369 ipsius
1393 1260 1582 1367 Radulphi
1605 1260 1760 1339 valletos
1783 1259 1931 1337 vilenia-

508 1413 624 1484 verat‚
649 1393 825 1472 videlieet
851 1396 1033 1472 Joanneto
1062 1396 1207 1471 Komot
1229 1420 1363 1472 nervos
1384 1393 1612 1501 jarretorum
1637 1409 1675 1469 et
1696 1390 1863 1470 Mabieto
1885 1391 1930 1469 de

509 1526 606 1603 Mori
626 1554 758 1601 aurem
778 1525 989 1603 absciderat
1009 1540 1047 1601 et
1063 1523 1219 1633 injuste,
1238 1523 1466 1630 requirendo
1486 1524 1578 1601 sacta
1594 1524 1817 1631 hujusmodi
1832 1551 1930 1601 com-

507 1674 679 1762 petenter
692 1657 903 1744 emendari,
920 1673 973 1745 et,
987 1654 1080 1731 sacta
1091 1684 1205 1762 super
1217 1656 1305 1743 boc,
1323 1656 1394 1733 sub
1405 1675 1505 1733 certa
1519 1654 1653 1742 forma,
1669 1656 1930 1735 commissione

505 1786 645 1864 ballivo
659 1787 964 1874 Viromandeusi‚
983 1804 1021 1863 et
1034 1785 1207 1892 inquesta
1222 1814 1334 1891 super
1349 1788 1423 1865 hoe
1436 1817 1504 1894 per
1521 1816 1608 1865 eum
1625 1787 1717 1865 facta
1732 1788 1780 1863 ad
1793 1788 1929 1863 curiam

509 1936 712 2024 reportata,
734 1918 948 1997 continente
970 1916 1223 1997 confessiones
1243 1934 1280 1995 et
1302 1916 1543 1997 defensiones
1565 1918 1653 1995 dicti
1673 1916 1868 2005 lobannis,
1890 1948 1929 1993 er

509 2067 614 2154 parte
638 2050 756 2155 ipsim
781 2049 978 2139 lobannis,
1004 2048 1134 2157 plures
1156 2047 1312 2127 fuerunt
1335 2050 1525 2157 preposite
1551 2050 1719 2128 raciones
1746 2049 1794 2125 ad
1817 2048 1928 2125 finem

509 2180 703 2259 anullandi
727 2180 866 2258 dicum
887 2181 1120 2287 inquestam‚
1142 2198 1180 2258 et
1202 2181 1320 2259 eciam
1342 2181 1539 2259 excusandi
1559 2180 1703 2258 dictum
1720 2180 1929 2257 labeonem

508 2340 623 2417 super
644 2310 749 2389 factis
767 2309 962 2419 predictis,
991 2311 1165 2416 pluribus
1190 2312 1402 2391 racionibus
1426 2340 1495 2419 per
1517 2312 1662 2391 dictum
1689 2310 1929 2417 Radulpbum

508 2443 709 2549 propositis
729 2470 773 2521 ex
794 2443 948 2521 adverso
961 2476 970 2521 z
984 2444 1175 2537 Tandem,
1199 2444 1336 2522 auditis
1357 2442 1551 2523 hincinde
1564 2444 1778 2550 propositis,
1802 2460 1840 2519 et
1860 2444 1930 2519 visa

506 2574 678 2680 inquesta
707 2573 876 2681 predicta
905 2591 945 2652 et
971 2574 1270 2653 confessionibus
1301 2576 1390 2655 dieti
1416 2576 1595 2685 lobannis
1621 2576 1658 2653 in
1689 2574 1821 2653 eadem
1851 2604 1931 2656 con-

505 2700 633 2794 tentis.
654 2734 723 2811 per
735 2706 842 2784 curie
857 2722 982 2784 nostre
993 2706 1199 2813 judicium.
1217 2707 1319 2785 idem
1342 2708 1532 2787 lohannes
1546 2706 1844 2812 condempnatus
1864 2706 1931 2783 suit

506 2836 552 2912 nd
584 2836 827 2914 reddendum
856 2837 966 2915 dictis
998 2838 1149 2917 duobus
1178 2837 1338 2927 valletis,
1371 2838 1542 2917 videlicet
1569 2838 1670 2917 dicto
1701 2838 1928 2925 Johmneto,

507 2966 728 3072 quindecim
747 2967 924 3044 denarios
943 2968 1184 3057 Parisienses‚
1204 2988 1240 3046 et
1260 2969 1358 3047 dicto
1380 2969 1558 3058 Mahieto‚
1578 2986 1664 3049 octo
1680 2970 1856 3047 denarios
1869 2970 1930 3047 Pa-

507 3096 700 3185 rbiooses,
720 3125 790 3207 pro
808 3100 908 3177 victu
931 3128 1080 3189 eorum,
1102 3100 1271 3208 qualibet
1293 3102 1373 3192 die,
1396 3104 1579 3209 quamdiu
1597 3101 1670 3207 ipsi
1689 3102 1801 3177 vitam
1822 3100 1929 3179 dure·

506 3228 581 3307 rint
600 3228 641 3305 io
661 3229 851 3321 humanis,
874 3233 980 3309 etad
999 3232 1240 3311 reddendum
1261 3234 1361 3311 dicto
1383 3234 1582 3339 [lodulpho
1602 3232 1728 3310 omnia
1750 3234 1852 3319 bona
1866 3264 1928 3311 sua

505 3388 573 3463 per
590 3362 755 3439 eundem
772 3362 986 3443 lobannem
1002 3381 1204 3469 asportata,
1221 3364 1259 3443 in
1283 3366 1381 3443 dicta
1395 3366 1567 3471 inquesta
1586 3381 1776 3455 contenta,
1799 3381 1837 3441 et
1853 3394 1929 3443 om-

506 3518 573 3567 nes
592 3492 720 3571 udaias
742 3523 836 3601 quaa
860 3495 940 3601 ipse
964 3495 1054 3572 feeit
1073 3496 1113 3574 in
1136 3495 1292 3573 medicis
1316 3513 1353 3574 et
1377 3496 1477 3584 aliis,
1501 3526 1568 3603 pro
1591 3496 1787 3573 curacione
1815 3496 1929 3575 dicto

504 3650 590 3699 rum
610 3623 833 3703 valletorum
857 3656 1015 3703 suorum
1038 3646 1076 3703 et
1096 3630 1365 3733 prosecucioue
1392 3628 1536 3736 negocii
1558 3627 1778 3733 supradicti,
1804 3645 1842 3703 ct
1864 3658 1927 3734 pro

506 3754 667 3829 emenda
688 3754 772 3832 facti
790 3758 1036 3863 hujusmodi,
1058 3760 1236 3836 domiuus
1258 3763 1331 3837 Rex
1352 3760 1510 3847 fructus,
1535 3761 1653 3837 exitus
1673 3777 1710 3837 et
1729 3778 1928 3864 proventus

504 3882 627 3959 tocius
647 3901 745 3961 terre
765 3887 853 3963 dicti
875 3888 1056 3965 lobannis
1077 3918 1120 3966 ex
1139 3892 1285 3997 integro
1306 3893 1487 3999 percipiet
1506 3909 1545 3971 et
1567 3889 1703 3969 levabit
1725 3918 1925 3995 perunum

505 4039 658 4091 annum.

558 4143 658 4220 Jovis
675 4165 761 4252 post
779 4149 1134 4229 Sanctam-Luciam.

559 4274 591 4349 J.
614 4274 661 4351 de
682 4276 802 4355 Voiesi
819 4282 1032 4385 reportavit.

559 4536 684 4616 XCIV.
717 4538 835 4629 Cum,
867 4570 888 4617 a
919 4544 1085 4650 quodam
1113 4546 1302 4653 judicato,
1333 4576 1402 4654 per
1428 4549 1660 4655 prepositum
1684 4549 1925 4627 Parisiensem

502 4665 614 4759 facto,
636 4687 765 4746 contra
788 4669 1015 4750 Gaulridum
1039 4676 1086 4752 de
1107 4664 1243 4769 Ponti,
1266 4679 1466 4761 dominum
1483 4680 1532 4757 de
1558 4680 1728 4767 Riberac,
1753 4680 1929 4759 domicel-

501 4794 598 4886 lum,
619 4825 688 4901 pro
707 4801 818 4879 Petro
839 4803 960 4893 Salas,
983 4806 1237 4911 apothecam,
1256 4810 1294 4884 in
1310 4810 1472 4917 quadam
1493 4838 1600 4891 causa
1619 4811 1834 4916 pecuniaria
1853 4838 1925 4916 que

501 4953 626 5002 coram
648 4927 749 5007 dicto
769 4935 961 5040 preposito
979 4938 1171 5043 pendebat
1190 4939 1287 5016 inter
1301 4944 1425 5045 partes
1440 4942 1641 5047 predictas,
1665 4942 1766 5021 idem
1785 4940 1926 5019 Gaulri

501 5055 574 5132 dus
604 5058 651 5133 ad
683 5079 846 5140 nostram
872 5066 1014 5141 curiam
1043 5067 1297 5173 appellasset:
1320 5073 1506 5160 Tandem,
1535 5073 1574 5150 in
1602 5101 1710 5151 eausa
1736 5072 1834 5163 dicte
1861 5098 1924 5177 ap
