4450 6209
731 711 1000 821 nrontrns
1025 729 1091 804 nr
1117 711 1325 805 rnocts.
1673 739 1743 812 roa

318 907 389 987 per
413 875 666 955 emienostre
686 871 898 982 judicium,
920 871 1062 950 dietum
1090 872 1170 950 luit
1187 889 1225 950 et
1245 851 1538 980 pronunciatum
1556 875 1747 984 predictos
1785 890 1914 946 rmum
1925 888 1970 957 rt,

318 1009 499 1117 conjuges
518 1007 775 1084 intencionem
794 1033 901 1084 suam
920 1003 1150 1082 sufficienter
1171 1031 1284 1111 snper
1305 1006 1496 1112 premissis
1516 1033 1598 1085 non
1610 1007 1747 1115 proba·

316 1141 431 1231 visse,
450 1138 681 1244 luemntque
699 1136 793 1215 dicti
809 1136 974 1247 religiosi
996 1164 1016 1211 a
1036 1134 1146 1213 dictis
1160 1136 1414 1243 peticionibus
1431 1137 1646 1248 conjugum·
1660 1169 1746 1246 pre-

318 1274 528 1361 dictorum,
539 1297 619 1376 -per
637 1267 741 1346 idem
754 1266 962 1375 judicium,
984 1267 1264 1346 sentencialiter
1280 1268 1454 1348 ahsoluti.

375 1399 533 1482 Veneris
550 1416 635 1505 post
656 1399 820 1476 mediam
839 1397 1194 1506 Quadragesimam,
1215 1427 1345 1478 mense
1363 1398 1511 1507 Aprilis.

375 1531 606 1651 Rossellctus
623 1529 837 1637 reportarit.

1845 979 1910 1022 18⁰1.

375 1800 450 1879 LV.
480 1793 729 1904 Inqnestsde
750 1791 920 1872 Miranda
945 1791 1110 1873 anullata
1132 1809 1188 1874 est
1210 1807 1249 1872 et
1271 1790 1491 1885 reficienda3
1513 1811 1553 1872 et
1574 1793 1667 1872 lecta
1688 1811 1747 1874 est

318 1957 433 2036 super
446 1929 519 2007 hoc
537 1924 773 2012 commissio,
791 1942 907 2032 prout
923 1923 960 2002 in
977 1925 1106 2004 rotulo
1121 1926 1236 2034 hujus
1246 1923 1469 2033 parlamenti
1488 1924 1640 2032 plenius
1656 1951 1745 2005 oon-

317 2061 471 2151 tinetur,
491 2058 541 2136 de
553 2085 741 2136 consensa
759 2057 943 2163 parcium.

375 2190 475 2268 loris
491 2205 579 2297 post
596 2189 826 2266 Brandones.

373 2323 422 2400 Et
432 2321 523 2398 inde
536 2319 679 2398 removi
697 2317 988 2426 quinqueparia
1006 2317 1235 2412 litterarum,
1256 2349 1350 2428 quas
1362 2321 1505 2398 tradidi
1524 2321 1746 2400 consulibus

318 2453 418 2532 dicte
437 2454 525 2532 ville
544 2470 583 2532 et
604 2452 751 2560 copiam
769 2453 972 2530 nominum
989 2452 1158 2530 testium.

375 2713 466 2794 tvl.
497 2711 728 2824 Significavit
745 2712 1031 2793 nobisPoncius
1044 2715 1093 2792 de
1108 2713 1358 2806 Castellione,
1375 2713 1504 2806 miles,
1520 2715 1642 2822 quod,
1660 2738 1746 2794 oum

320 2845 403 2953 ipsc
418 2864 520 2926 esset
533 2865 574 2924 et
590 2849 649 2925 sni
668 2847 954 2953 predecessores
971 2846 1146 2938 luissent,
1174 2861 1217 2924 ut
1235 2847 1317 2954 ipse
1334 2847 1498 2939 dicebat,
1521 2847 1573 2924 ab·
1591 2849 1746 2953 anticpro'

320 2977 363 3056 in
379 2979 614 3085 possessione
633 2978 694 3057 vel
709 2979 817 3086 qnasi
835 2977 957 3056 altam·
963 2977 1157 3085 justiciam
1177 2975 1374 3056 exercendi
1395 2980 1434 3055 in
1455 2975 1544 3056 villa
1567 2979 1617 3057 de
1631 2975 1748 3058 Ville-

319 3106 591 3200 rin·Savrrico,
611 3138 682 3218 pro
705 3126 812 3215 parte
839 3110 966 3217 ipsum
986 3111 1246 3218 contingente,
1271 3127 1399 3216 proter
1424 3135 1543 3216 quam
1567 3108 1611 3184 in·
1637 3110 1749 3198 certis

320 3241 485 3335 mihis,
503 3239 772 3349 superbajulns
788 3260 917 3319 noster
934 3239 1144 3320 Fani-lovis
1164 3241 1287 3349 ipsum
1309 3242 1408 3318 diota
1427 3269 1492 3318 sua
1514 3241 1747 3348 possessione

319 3371 378 3450 rel
393 3372 502 3480 qnasi
519 3373 690 3450 indebite
710 3372 985 3462 dessaisivcrat3
1006 3389 1047 3448 et
1063 3371 1185 3479 quod,
1206 3372 1254 3448 de
1273 3371 1452 3449 mandato
1467 3389 1613 3464 nostro,
1635 3393 1748 3477 super

319 3502 499 3610 poerlintis
521 3503 703 3610 inquesta.
722 3504 886 3610 quedam
916 3503 1012 3580 facta
1039 3501 1179 3594 luerat,
1207 3529 1287 3609 qno
1312 3502 1479 3610 judicata
1503 3527 1581 3578 non
1602 3499 1744 3589 luerat,

321 3651 365 3712 ut
381 3633 547 3721 dicebat,
565 3633 668 3741 quia,
680 3647 845 3742 ¹propter
862 3633 1002 3710 malam
1021 3627 1235 3710 custodiens
1253 3632 1388 3710 notarii
1403 3634 1469 3740 qui
1491 3657 1575 3709 eam
1588 3631 1747 3738 scripse·

205 3851 213 3860 ‚
321 3778 396 3850 ret,
422 3765 580 3870 reperiri
610 3794 688 3843 non
716 3783 886 3872 poterat,
909 3778 963 3841 nt.
980 3764 1146 3854 dicebat,
1172 3781 1331 3870 propter
1354 3764 1459 3871 quod
1487 3763 1748 3841 mandevimus

322 3895 529 3973 senescallo
553 3913 683 3975 nostro
708 3897 947 3985 Tholosano,
974 3895 1033 3974 rel
1052 3896 1135 4004 ejus
1160 3897 1286 3973 locum
1306 3896 1469 3986 tenenti,
1495 3896 1618 4002 quod,
1641 3895 1675 3973 si
1698 3895 1749 3971 ita

322 4041 436 4115 esset,
455 4055 570 4134 super
583 4023 794 4135 premissis,
816 4027 953 4105 vocatis
971 4027 1185 4116 evocandis,
1206 4027 1253 4104 de
1271 4055 1368 4105 novo
1387 4026 1596 4134 inquireret
1617 4028 1749 4108 verita·

321 4174 422 4236 tem:
452 4159 544 4238 Visa
567 4157 682 4266 igitur
708 4177 752 4236 et
775 4159 976 4268 diligenter
1001 4158 1367 4266 inspectainqnesta
1394 4185 1507 4266 super
1533 4161 1607 4237 hoo
1634 4155 1745 4248 laeta,

322 4288 656 4396 cornpertnm.luit
674 4290 780 4397 quod
804 4291 884 4396 ipsa
907 4289 1005 4367 fecta
1023 4289 1162 4378 fuerat,
1185 4288 1308 4368 forma
1329 4289 1496 4366 mandati
1519 4288 1638 4365 nostri
1661 4315 1748 4395 pre·

322 4417 415 4498 dioti
437 4421 595 4498 minime
617 4421 827 4512 observata,
854 4438 896 4498 et
917 4421 1023 4528 qnod
1046 4449 1068 4497 a
1093 4421 1207 4528 longo
1231 4438 1402 4528 tempore
1431 4419 1521 4496 citra
1541 4419 1687 4497 luimus
1710 4437 1749 4497 et

322 4579 454 4629 sumus
477 4550 518 4628 in
542 4551 778 4659 possessione
797 4551 949 4659 justicie
975 4550 1204 4658 supradicte;
1225 4549 1524 4657 propterquod,
1549 4550 1748 4656 percutio

321 4657 450 4761 nostre
466 4681 673 4790 judicium,
697 4681 796 4760 dicta
816 4682 989 4788 inquesta
1013 4681 1087 4758 luit
1105 4677 1275 4760 totaliter
1295 4676 1474 4770 enullata,
1499 4696 1536 4758 et
1555 4707 1623 4788 per
1644 4679 1748 4758 idem

318 4811 514 4921 judicium,
530 4812 825 4919 pronunciatum
851 4811 927 4890 fuit
950 4839 1023 4889 nos
1048 4812 1188 4890 debere
1214 4839 1414 4890 remanere
1436 4810 1484 4888 in·
1503 4811 1640 4889 saisina
1663 4833 1749 4918 pre-

324 4942 444 5033 deta,
468 4959 525 5033 et,
545 4942 579 5022 si
596 4943 723 5022 dictus
739 4942 852 5020 miles
871 4937 1017 5049 aliquid
1035 4971 1149 5049 super
1168 4942 1243 5022 boe
1260 4959 1397 5050 petere·
1413 4942 1592 5035 rolnsrit,
1613 4943 1688 5021 sire
1710 4943 1749 5019 in

323 5077 558 5184 possessione
583 5076 659 5154 sire
684 5075 727 5154 in
745 5075 995 5183 proprbtate,
1016 5075 1154 5154 vocatis
1182 5089 1427 5184 proomtore
1449 5091 1578 5154 nostro
1605 5071 1749 5152 et'aliis
