<?xml version="1.0" encoding="UTF-8"?>
<!DOCTYPE html PUBLIC "-//W3C//DTD XHTML 1.0 Transitional//EN"
    "http://www.w3.org/TR/xhtml1/DTD/xhtml1-transitional.dtd">
<html xmlns="http://www.w3.org/1999/xhtml" xml:lang="en" lang="en">
 <head>
  <title>
</title>
<meta http-equiv="Content-Type" content="text/html;charset=utf-8" />
  <meta name='ocr-system' content='tesseract 3.04.00' />
  <meta name='ocr-capabilities' content='ocr_page ocr_carea ocr_par ocr_line ocrx_word'/>
</head>
<body>
  <div class='ocr_page' id='page_1' title='image "./lesolimouregist00parigoog_0146.png"; bbox 0 0 4450 6209; ppageno 0'>
   <div class='ocr_carea' id='block_1_1' title="bbox 696 682 1740 819">
    <p class='ocr_par' dir='ltr' id='par_1_1' title="bbox 696 682 1740 819">
     <span class='ocr_line' id='line_1_1' title="bbox 696 682 1740 819; baseline 0.002 -19"><span class='ocrx_word' id='word_1_1' title='bbox 696 682 1002 819; x_wconf 71' lang='lat' dir='ltr'>&#39;suoosrss</span> <span class='ocrx_word' id='word_1_2' title='bbox 1027 726 1093 800; x_wconf 84' lang='lat' dir='ltr'>nr</span> <span class='ocrx_word' id='word_1_3' title='bbox 1117 708 1319 801; x_wconf 72' lang='lat' dir='ltr'>procos.</span> <span class='ocrx_word' id='word_1_4' title='bbox 1590 777 1602 796; x_wconf 94' lang='lat'><strong>.</strong></span> <span class='ocrx_word' id='word_1_5' title='bbox 1693 728 1740 803; x_wconf 77' lang='lat' dir='ltr'>rr</span> 
     </span>
    </p>
   </div>
   <div class='ocr_carea' id='block_1_2' title="bbox 237 866 1967 3998">
    <p class='ocr_par' dir='ltr' id='par_1_2' title="bbox 310 866 1967 1375">
     <span class='ocr_line' id='line_1_2' title="bbox 313 866 1967 978; baseline 0 -31"><span class='ocrx_word' id='word_1_6' title='bbox 313 885 433 947; x_wconf 86' lang='lat' dir='ltr'>easset</span> <span class='ocrx_word' id='word_1_7' title='bbox 449 866 614 975; x_wconf 88' lang='lat' dir='ltr'>dampna</span> <span class='ocrx_word' id='word_1_8' title='bbox 630 867 718 959; x_wconf 86' lang='lat' dir='ltr'>sibi,</span> <span class='ocrx_word' id='word_1_9' title='bbox 740 869 896 947; x_wconf 90' lang='lat' dir='ltr'>ecclesie</span> <span class='ocrx_word' id='word_1_10' title='bbox 914 866 979 945; x_wconf 75' lang='lat' dir='ltr'>sue</span> <span class='ocrx_word' id='word_1_11' title='bbox 993 886 1033 946; x_wconf 91' lang='lat' dir='ltr'>et</span> <span class='ocrx_word' id='word_1_12' title='bbox 1045 867 1266 947; x_wconf 87' lang='lat' dir='ltr'>bominibus</span> <span class='ocrx_word' id='word_1_13' title='bbox 1279 867 1573 978; x_wconf 85' lang='lat' dir='ltr'>justiciabilibus</span> <span class='ocrx_word' id='word_1_14' title='bbox 1589 870 1679 957; x_wconf 90' lang='lat' dir='ltr'>suis,</span> <span class='ocrx_word' id='word_1_15' title='bbox 1698 886 1743 948; x_wconf 91' lang='lat' dir='ltr'>ut</span> <span class='ocrx_word' id='word_1_16' title='bbox 1780 880 1911 935; x_wconf 63' lang='lat' dir='ltr'>Pomm</span> <span class='ocrx_word' id='word_1_17' title='bbox 1925 882 1967 947; x_wconf 83' lang='lat' dir='ltr'>tv,</span> 
     </span>
     <span class='ocr_line' id='line_1_3' title="bbox 312 974 1906 1111; baseline 0.002 -31"><span class='ocrx_word' id='word_1_18' title='bbox 312 1004 553 1092; x_wconf 86' lang='lat' dir='ltr'>dictumest,</span> <span class='ocrx_word' id='word_1_19' title='bbox 582 1001 702 1096; x_wconf 88' lang='lat' dir='ltr'>illata,</span> <span class='ocrx_word' id='word_1_20' title='bbox 723 1030 793 1109; x_wconf 90' lang='lat' dir='ltr'>per</span> <span class='ocrx_word' id='word_1_21' title='bbox 816 1003 1007 1109; x_wconf 85' lang='lat' dir='ltr'>predictos</span> <span class='ocrx_word' id='word_1_22' title='bbox 1025 1029 1147 1110; x_wconf 86' lang='lat' dir='ltr'>usque</span> <span class='ocrx_word' id='word_1_23' title='bbox 1174 1003 1223 1081; x_wconf 80' lang='lat' dir='ltr'>ad</span> <span class='ocrx_word' id='word_1_24' title='bbox 1241 1003 1413 1111; x_wconf 82' lang='lat' dir='ltr'>quinque</span> <span class='ocrx_word' id='word_1_25' title='bbox 1429 1004 1538 1082; x_wconf 87' lang='lat' dir='ltr'>milia</span> <span class='ocrx_word' id='word_1_26' title='bbox 1556 1002 1740 1083; x_wconf 88' lang='lat' dir='ltr'>librarum</span> <span class='ocrx_word' id='word_1_27' title='bbox 1844 974 1906 1015; x_wconf 56' lang='lat' dir='ltr'>lm</span> 
     </span>
     <span class='ocr_line' id='line_1_4' title="bbox 311 1132 1741 1241; baseline -0.001 -29"><span class='ocrx_word' id='word_1_28' title='bbox 311 1133 506 1212; x_wconf 87' lang='lat' dir='ltr'>emendari</span> <span class='ocrx_word' id='word_1_29' title='bbox 534 1149 572 1213; x_wconf 83' lang='lat' dir='ltr'>et</span> <span class='ocrx_word' id='word_1_30' title='bbox 601 1134 770 1211; x_wconf 84' lang='lat' dir='ltr'>resarciri</span> <span class='ocrx_word' id='word_1_31' title='bbox 803 1133 879 1211; x_wconf 90' lang='lat' dir='ltr'>sive</span> <span class='ocrx_word' id='word_1_32' title='bbox 911 1132 1042 1222; x_wconf 81' lang='lat' dir='ltr'>reddi,</span> <span class='ocrx_word' id='word_1_33' title='bbox 1071 1133 1244 1241; x_wconf 81' lang='lat' dir='ltr'>factaque</span> <span class='ocrx_word' id='word_1_34' title='bbox 1266 1133 1434 1240; x_wconf 87' lang='lat' dir='ltr'>predicta</span> <span class='ocrx_word' id='word_1_35' title='bbox 1465 1152 1542 1212; x_wconf 88' lang='lat' dir='ltr'>tam</span> <span class='ocrx_word' id='word_1_36' title='bbox 1570 1136 1741 1214; x_wconf 79' lang='lat' dir='ltr'><strong>enormia</strong></span> 
     </span>
     <span class='ocr_line' id='line_1_5' title="bbox 310 1265 1741 1375; baseline 0.001 -32"><span class='ocrx_word' id='word_1_37' title='bbox 310 1265 447 1375; x_wconf 83' lang='lat' dir='ltr'>corrigi</span> <span class='ocrx_word' id='word_1_38' title='bbox 474 1284 514 1344; x_wconf 89' lang='lat' dir='ltr'>et</span> <span class='ocrx_word' id='word_1_39' title='bbox 535 1266 664 1372; x_wconf 89' lang='lat' dir='ltr'>puniri</span> <span class='ocrx_word' id='word_1_40' title='bbox 688 1284 803 1371; x_wconf 89' lang='lat' dir='ltr'>prout</span> <span class='ocrx_word' id='word_1_41' title='bbox 823 1266 970 1374; x_wconf 87' lang='lat' dir='ltr'>justum</span> <span class='ocrx_word' id='word_1_42' title='bbox 998 1283 1096 1343; x_wconf 85' lang='lat' dir='ltr'>esset</span> <span class='ocrx_word' id='word_1_43' title='bbox 1120 1283 1158 1343; x_wconf 89' lang='lat' dir='ltr'>et</span> <span class='ocrx_word' id='word_1_44' title='bbox 1178 1292 1387 1344; x_wconf 86' lang='lat' dir='ltr'>consonum</span> <span class='ocrx_word' id='word_1_45' title='bbox 1411 1266 1571 1356; x_wconf 80' lang='lat' dir='ltr'>racioni3</span> <span class='ocrx_word' id='word_1_46' title='bbox 1595 1294 1741 1373; x_wconf 89' lang='lat' dir='ltr'>nosque</span> 
     </span>
    </p>

    <p class='ocr_par' dir='ltr' id='par_1_3' title="bbox 309 1395 1741 1505">
     <span class='ocr_line' id='line_1_6' title="bbox 309 1395 1741 1505; baseline -0.001 -29"><span class='ocrx_word' id='word_1_47' title='bbox 309 1426 425 1505; x_wconf 88' lang='lat' dir='ltr'>super</span> <span class='ocrx_word' id='word_1_48' title='bbox 440 1396 652 1475; x_wconf 74' lang='lat' dir='ltr'><strong>excessibus</strong></span> <span class='ocrx_word' id='word_1_49' title='bbox 665 1395 846 1503; x_wconf 79' lang='lat' dir='ltr'>predictis</span> <span class='ocrx_word' id='word_1_50' title='bbox 860 1396 1002 1504; x_wconf 86' lang='lat' dir='ltr'>inquiri</span> <span class='ocrx_word' id='word_1_51' title='bbox 1020 1395 1238 1489; x_wconf 78' lang='lat' dir='ltr'>fecerimus,</span> <span class='ocrx_word' id='word_1_52' title='bbox 1256 1397 1394 1477; x_wconf 85' lang='lat' dir='ltr'>vocatis</span> <span class='ocrx_word' id='word_1_53' title='bbox 1413 1398 1597 1503; x_wconf 88' lang='lat' dir='ltr'>partibus,</span> <span class='ocrx_word' id='word_1_54' title='bbox 1613 1398 1741 1475; x_wconf 84' lang='lat' dir='ltr'>verita-</span> 
     </span>
    </p>

    <p class='ocr_par' dir='ltr' id='par_1_4' title="bbox 308 1526 1741 1770">
     <span class='ocr_line' id='line_1_7' title="bbox 308 1526 1740 1636; baseline -0.001 -28"><span class='ocrx_word' id='word_1_55' title='bbox 308 1549 413 1609; x_wconf 86' lang='lat' dir='ltr'>tem:</span> <span class='ocrx_word' id='word_1_56' title='bbox 432 1527 621 1620; x_wconf 86' lang='lat' dir='ltr'>Tandem,</span> <span class='ocrx_word' id='word_1_57' title='bbox 642 1528 718 1606; x_wconf 86' lang='lat' dir='ltr'>visa</span> <span class='ocrx_word' id='word_1_58' title='bbox 734 1528 908 1636; x_wconf 88' lang='lat' dir='ltr'>inquesta</span> <span class='ocrx_word' id='word_1_59' title='bbox 926 1528 1146 1632; x_wconf 83' lang='lat' dir='ltr'>superbiis,</span> <span class='ocrx_word' id='word_1_60' title='bbox 1166 1526 1214 1604; x_wconf 92' lang='lat' dir='ltr'>de</span> <span class='ocrx_word' id='word_1_61' title='bbox 1231 1528 1408 1605; x_wconf 85' lang='lat' dir='ltr'>mandato</span> <span class='ocrx_word' id='word_1_62' title='bbox 1427 1547 1573 1617; x_wconf 83' lang='lat' dir='ltr'>nostro,</span> <span class='ocrx_word' id='word_1_63' title='bbox 1590 1526 1685 1606; x_wconf 78' lang='lat' dir='ltr'>facta</span> <span class='ocrx_word' id='word_1_64' title='bbox 1703 1547 1740 1606; x_wconf 90' lang='lat' dir='ltr'>et</span> 
     </span>
     <span class='ocr_line' id='line_1_8' title="bbox 309 1657 1741 1770; baseline 0 -31"><span class='ocrx_word' id='word_1_65' title='bbox 309 1662 510 1770; x_wconf 81' lang='lat' dir='ltr'>diligenter</span> <span class='ocrx_word' id='word_1_66' title='bbox 538 1658 764 1753; x_wconf 79' lang='lat' dir='ltr'>examinata,</span> <span class='ocrx_word' id='word_1_67' title='bbox 796 1657 1056 1764; x_wconf 87' lang='lat' dir='ltr'>omnibusque</span> <span class='ocrx_word' id='word_1_68' title='bbox 1083 1657 1338 1736; x_wconf 84' lang='lat' dir='ltr'>sollemnitate</span> <span class='ocrx_word' id='word_1_69' title='bbox 1363 1688 1440 1765; x_wconf 89' lang='lat' dir='ltr'>qua</span> <span class='ocrx_word' id='word_1_70' title='bbox 1471 1660 1644 1739; x_wconf 87' lang='lat' dir='ltr'>convenit</span> <span class='ocrx_word' id='word_1_71' title='bbox 1669 1661 1741 1739; x_wconf 89' lang='lat' dir='ltr'>rite</span> 
     </span>
    </p>

    <p class='ocr_par' dir='ltr' id='par_1_5' title="bbox 308 1786 1740 1898">
     <span class='ocr_line' id='line_1_9' title="bbox 308 1786 1740 1898; baseline 0 -29"><span class='ocrx_word' id='word_1_72' title='bbox 308 1795 418 1885; x_wconf 89' lang='lat' dir='ltr'>actis,</span> <span class='ocrx_word' id='word_1_73' title='bbox 440 1792 635 1868; x_wconf 85' lang='lat' dir='ltr'>inventum</span> <span class='ocrx_word' id='word_1_74' title='bbox 658 1808 718 1868; x_wconf 84' lang='lat' dir='ltr'>est</span> <span class='ocrx_word' id='word_1_75' title='bbox 743 1789 872 1867; x_wconf 85' lang='lat' dir='ltr'>omnia</span> <span class='ocrx_word' id='word_1_76' title='bbox 891 1805 930 1866; x_wconf 91' lang='lat' dir='ltr'>et</span> <span class='ocrx_word' id='word_1_77' title='bbox 955 1786 1102 1897; x_wconf 79' lang='lat' dir='ltr'>singula</span> <span class='ocrx_word' id='word_1_78' title='bbox 1122 1790 1333 1896; x_wconf 86' lang='lat' dir='ltr'>supradicta</span> <span class='ocrx_word' id='word_1_79' title='bbox 1352 1790 1392 1865; x_wconf 90' lang='lat' dir='ltr'>iu</span> <span class='ocrx_word' id='word_1_80' title='bbox 1412 1790 1650 1898; x_wconf 84' lang='lat' dir='ltr'>querimonia</span> <span class='ocrx_word' id='word_1_81' title='bbox 1672 1818 1740 1869; x_wconf 85' lang='lat' dir='ltr'>seu</span> 
     </span>
    </p>

    <p class='ocr_par' dir='ltr' id='par_1_6' title="bbox 306 1914 1741 2028">
     <span class='ocr_line' id='line_1_10' title="bbox 306 1914 1741 2028; baseline -0.001 -29"><span class='ocrx_word' id='word_1_82' title='bbox 306 1923 394 2001; x_wconf 84' lang='lat' dir='ltr'>sacti</span> <span class='ocrx_word' id='word_1_83' title='bbox 414 1921 633 2001; x_wconf 76' lang='lat' dir='ltr'>narracione</span> <span class='ocrx_word' id='word_1_84' title='bbox 653 1922 743 1999; x_wconf 86' lang='lat' dir='ltr'>dicti</span> <span class='ocrx_word' id='word_1_85' title='bbox 763 1920 895 1999; x_wconf 86' lang='lat' dir='ltr'>decani</span> <span class='ocrx_word' id='word_1_86' title='bbox 915 1937 1107 2011; x_wconf 76' lang='lat' dir='ltr'>contente,</span> <span class='ocrx_word' id='word_1_87' title='bbox 1129 1918 1228 1998; x_wconf 88' lang='lat' dir='ltr'>bene</span> <span class='ocrx_word' id='word_1_88' title='bbox 1249 1938 1287 1997; x_wconf 89' lang='lat' dir='ltr'>et</span> <span class='ocrx_word' id='word_1_89' title='bbox 1306 1914 1535 2001; x_wconf 83' lang='lat' dir='ltr'>sufficienter</span> <span class='ocrx_word' id='word_1_90' title='bbox 1554 1949 1636 1999; x_wconf 89' lang='lat' dir='ltr'>esse</span> <span class='ocrx_word' id='word_1_91' title='bbox 1654 1950 1741 2028; x_wconf 91' lang='lat' dir='ltr'>pro-</span> 
     </span>
    </p>

    <p class='ocr_par' dir='ltr' id='par_1_7' title="bbox 307 2052 1740 2295">
     <span class='ocr_line' id='line_1_11' title="bbox 307 2052 1740 2163; baseline 0.001 -32"><span class='ocrx_word' id='word_1_92' title='bbox 307 2054 411 2145; x_wconf 79' lang='lat' dir='ltr'>hata3</span> <span class='ocrx_word' id='word_1_93' title='bbox 425 2053 716 2162; x_wconf 90' lang='lat' dir='ltr'>propterquod,</span> <span class='ocrx_word' id='word_1_94' title='bbox 730 2080 801 2160; x_wconf 90' lang='lat' dir='ltr'>per</span> <span class='ocrx_word' id='word_1_95' title='bbox 816 2052 919 2129; x_wconf 90' lang='lat' dir='ltr'>curie</span> <span class='ocrx_word' id='word_1_96' title='bbox 933 2068 1062 2130; x_wconf 83' lang='lat' dir='ltr'>nostre</span> <span class='ocrx_word' id='word_1_97' title='bbox 1075 2052 1282 2161; x_wconf 86' lang='lat' dir='ltr'>judicimn,</span> <span class='ocrx_word' id='word_1_98' title='bbox 1303 2052 1423 2131; x_wconf 90' lang='lat' dir='ltr'>dictos</span> <span class='ocrx_word' id='word_1_99' title='bbox 1436 2052 1686 2163; x_wconf 80' lang='lat' dir='ltr'>Reginaldum</span> <span class='ocrx_word' id='word_1_100' title='bbox 1702 2071 1740 2132; x_wconf 88' lang='lat' dir='ltr'>et</span> 
     </span>
     <span class='ocr_line' id='line_1_12' title="bbox 308 2185 1739 2295; baseline -0.001 -30"><span class='ocrx_word' id='word_1_101' title='bbox 308 2187 513 2295; x_wconf 83' lang='lat' dir='ltr'>complices</span> <span class='ocrx_word' id='word_1_102' title='bbox 533 2214 621 2265; x_wconf 91' lang='lat' dir='ltr'>suos</span> <span class='ocrx_word' id='word_1_103' title='bbox 644 2185 1004 2291; x_wconf 82' lang='lat' dir='ltr'>condempnavimus</span> <span class='ocrx_word' id='word_1_104' title='bbox 1023 2185 1071 2262; x_wconf 88' lang='lat' dir='ltr'>ad</span> <span class='ocrx_word' id='word_1_105' title='bbox 1085 2186 1314 2273; x_wconf 81' lang='lat' dir='ltr'>emendam,</span> <span class='ocrx_word' id='word_1_106' title='bbox 1335 2187 1427 2263; x_wconf 87' lang='lat' dir='ltr'>item</span> <span class='ocrx_word' id='word_1_107' title='bbox 1452 2187 1499 2264; x_wconf 88' lang='lat' dir='ltr'>ad</span> <span class='ocrx_word' id='word_1_108' title='bbox 1525 2186 1739 2265; x_wconf 86' lang='lat' dir='ltr'>restitucio·</span> 
     </span>
    </p>

    <p class='ocr_par' dir='ltr' id='par_1_8' title="bbox 307 2315 1738 2423">
     <span class='ocr_line' id='line_1_13' title="bbox 307 2315 1738 2423; baseline -0.001 -28"><span class='ocrx_word' id='word_1_109' title='bbox 307 2346 396 2399; x_wconf 87' lang='lat' dir='ltr'>nem</span> <span class='ocrx_word' id='word_1_110' title='bbox 416 2346 484 2397; x_wconf 87' lang='lat' dir='ltr'>seu</span> <span class='ocrx_word' id='word_1_111' title='bbox 508 2316 753 2395; x_wconf 87' lang='lat' dir='ltr'>refectionem</span> <span class='ocrx_word' id='word_1_112' title='bbox 773 2316 1001 2403; x_wconf 68' lang='lat' dir='ltr'>birriarum,</span> <span class='ocrx_word' id='word_1_113' title='bbox 1031 2315 1236 2397; x_wconf 87' lang='lat' dir='ltr'>domorum</span> <span class='ocrx_word' id='word_1_114' title='bbox 1256 2334 1294 2393; x_wconf 86' lang='lat' dir='ltr'>et</span> <span class='ocrx_word' id='word_1_115' title='bbox 1315 2317 1530 2395; x_wconf 86' lang='lat' dir='ltr'>molendini</span> <span class='ocrx_word' id='word_1_116' title='bbox 1549 2318 1738 2423; x_wconf 89' lang='lat' dir='ltr'>predicto-</span> 
     </span>
    </p>

    <p class='ocr_par' dir='ltr' id='par_1_9' title="bbox 306 2447 1737 2555">
     <span class='ocr_line' id='line_1_14' title="bbox 306 2447 1737 2555; baseline -0.001 -30"><span class='ocrx_word' id='word_1_117' title='bbox 306 2478 412 2543; x_wconf 90' lang='lat' dir='ltr'>rum,</span> <span class='ocrx_word' id='word_1_118' title='bbox 445 2468 485 2527; x_wconf 90' lang='lat' dir='ltr'>et</span> <span class='ocrx_word' id='word_1_119' title='bbox 514 2449 562 2527; x_wconf 90' lang='lat' dir='ltr'>ad</span> <span class='ocrx_word' id='word_1_120' title='bbox 593 2448 779 2526; x_wconf 88' lang='lat' dir='ltr'>dictarum</span> <span class='ocrx_word' id='word_1_121' title='bbox 807 2448 1024 2525; x_wconf 81' lang='lat' dir='ltr'>lurcharum</span> <span class='ocrx_word' id='word_1_122' title='bbox 1048 2449 1332 2526; x_wconf 82' lang='lat' dir='ltr'>restitucionem</span> <span class='ocrx_word' id='word_1_123' title='bbox 1360 2476 1427 2525; x_wconf 89' lang='lat' dir='ltr'>seu</span> <span class='ocrx_word' id='word_1_124' title='bbox 1462 2447 1737 2555; x_wconf 89' lang='lat' dir='ltr'>reposicionem</span> 
     </span>
    </p>

    <p class='ocr_par' dir='ltr' id='par_1_10' title="bbox 305 2579 1738 2816">
     <span class='ocr_line' id='line_1_15' title="bbox 306 2579 1736 2689; baseline -0.002 -31"><span class='ocrx_word' id='word_1_125' title='bbox 306 2610 392 2658; x_wconf 88' lang='lat' dir='ltr'>cum</span> <span class='ocrx_word' id='word_1_126' title='bbox 421 2580 540 2689; x_wconf 86' lang='lat' dir='ltr'>figura</span> <span class='ocrx_word' id='word_1_127' title='bbox 567 2581 732 2657; x_wconf 90' lang='lat' dir='ltr'>duorum</span> <span class='ocrx_word' id='word_1_128' title='bbox 763 2579 968 2657; x_wconf 91' lang='lat' dir='ltr'>hominum</span> <span class='ocrx_word' id='word_1_129' title='bbox 995 2579 1036 2654; x_wconf 91' lang='lat' dir='ltr'>in</span> <span class='ocrx_word' id='word_1_130' title='bbox 1066 2580 1121 2655; x_wconf 89' lang='lat' dir='ltr'>eis</span> <span class='ocrx_word' id='word_1_131' title='bbox 1147 2606 1437 2684; x_wconf 87' lang='lat' dir='ltr'>suspensorum,</span> <span class='ocrx_word' id='word_1_132' title='bbox 1472 2579 1736 2683; x_wconf 83' lang='lat' dir='ltr'>dictorumque</span> 
     </span>
     <span class='ocr_line' id='line_1_16' title="bbox 305 2709 1738 2816; baseline -0.003 -28"><span class='ocrx_word' id='word_1_133' title='bbox 305 2709 496 2790; x_wconf 81' lang='lat' dir='ltr'>bonorum</span> <span class='ocrx_word' id='word_1_134' title='bbox 522 2710 812 2789; x_wconf 75' lang='lat' dir='ltr'>combustorum</span> <span class='ocrx_word' id='word_1_135' title='bbox 836 2727 873 2788; x_wconf 86' lang='lat' dir='ltr'>et</span> <span class='ocrx_word' id='word_1_136' title='bbox 898 2726 1091 2816; x_wconf 88' lang='lat' dir='ltr'>raptorum</span> <span class='ocrx_word' id='word_1_137' title='bbox 1118 2712 1403 2788; x_wconf 89' lang='lat' dir='ltr'>restitucionem</span> <span class='ocrx_word' id='word_1_138' title='bbox 1431 2738 1498 2787; x_wconf 90' lang='lat' dir='ltr'>seu</span> <span class='ocrx_word' id='word_1_139' title='bbox 1526 2710 1738 2787; x_wconf 86' lang='lat' dir='ltr'>estimacio-</span> 
     </span>
    </p>

    <p class='ocr_par' dir='ltr' id='par_1_11' title="bbox 304 2840 1738 3211">
     <span class='ocr_line' id='line_1_17' title="bbox 305 2840 1738 2948; baseline -0.001 -29"><span class='ocrx_word' id='word_1_140' title='bbox 305 2870 393 2920; x_wconf 87' lang='lat' dir='ltr'>nem</span> <span class='ocrx_word' id='word_1_141' title='bbox 421 2844 665 2930; x_wconf 90' lang='lat' dir='ltr'>eorumdem,</span> <span class='ocrx_word' id='word_1_142' title='bbox 687 2868 836 2919; x_wconf 86' lang='lat' dir='ltr'>necnon</span> <span class='ocrx_word' id='word_1_143' title='bbox 855 2842 905 2919; x_wconf 81' lang='lat' dir='ltr'>ad</span> <span class='ocrx_word' id='word_1_144' title='bbox 923 2841 1099 2920; x_wconf 80' lang='lat' dir='ltr'>omriium</span> <span class='ocrx_word' id='word_1_145' title='bbox 1119 2840 1280 2919; x_wconf 88' lang='lat' dir='ltr'>aliorum</span> <span class='ocrx_word' id='word_1_146' title='bbox 1306 2840 1560 2948; x_wconf 86' lang='lat' dir='ltr'>dampnorum</span> <span class='ocrx_word' id='word_1_147' title='bbox 1588 2840 1738 2917; x_wconf 87' lang='lat' dir='ltr'>restitu-</span> 
     </span>
     <span class='ocr_line' id='line_1_18' title="bbox 304 2971 1737 3080; baseline -0.002 -30"><span class='ocrx_word' id='word_1_148' title='bbox 304 2972 455 3051; x_wconf 86' lang='lat' dir='ltr'>eionem</span> <span class='ocrx_word' id='word_1_149' title='bbox 474 3000 549 3080; x_wconf 86' lang='lat' dir='ltr'>que</span> <span class='ocrx_word' id='word_1_150' title='bbox 570 2972 691 3049; x_wconf 86' lang='lat' dir='ltr'>dictos</span> <span class='ocrx_word' id='word_1_151' title='bbox 710 2972 898 3050; x_wconf 87' lang='lat' dir='ltr'>decanum</span> <span class='ocrx_word' id='word_1_152' title='bbox 918 2971 1153 3050; x_wconf 80' lang='lat' dir='ltr'>et&#39;homines</span> <span class='ocrx_word' id='word_1_153' title='bbox 1165 2971 1412 3078; x_wconf 85' lang='lat' dir='ltr'>justiciabiles</span> <span class='ocrx_word' id='word_1_154' title='bbox 1432 3001 1520 3050; x_wconf 88' lang='lat' dir='ltr'>suos</span> <span class='ocrx_word' id='word_1_155' title='bbox 1540 2999 1607 3077; x_wconf 90' lang='lat' dir='ltr'>pro</span> <span class='ocrx_word' id='word_1_156' title='bbox 1629 2972 1737 3049; x_wconf 87' lang='lat' dir='ltr'>dictis</span> 
     </span>
     <span class='ocr_line' id='line_1_19' title="bbox 304 3102 1735 3211; baseline 0.001 -32"><span class='ocrx_word' id='word_1_157' title='bbox 304 3102 513 3196; x_wconf 78' lang='lat' dir='ltr'>violenciis,</span> <span class='ocrx_word' id='word_1_158' title='bbox 549 3103 729 3181; x_wconf 89' lang='lat' dir='ltr'>incendio</span> <span class='ocrx_word' id='word_1_159' title='bbox 760 3120 803 3181; x_wconf 87' lang='lat' dir='ltr'>et·</span> <span class='ocrx_word' id='word_1_160' title='bbox 830 3103 1042 3183; x_wconf 80' lang='lat' dir='ltr'>excessibus</span> <span class='ocrx_word' id='word_1_161' title='bbox 1073 3103 1243 3211; x_wconf 86' lang='lat' dir='ltr'>legitime</span> <span class='ocrx_word' id='word_1_162' title='bbox 1277 3104 1488 3183; x_wconf 84' lang='lat' dir='ltr'>constiterit</span> <span class='ocrx_word' id='word_1_163' title='bbox 1522 3104 1735 3182; x_wconf 85' lang='lat' dir='ltr'>incurrisse.</span> 
     </span>
    </p>

    <p class='ocr_par' dir='ltr' id='par_1_12' title="bbox 291 3234 1738 3473">
     <span class='ocr_line' id='line_1_20' title="bbox 291 3234 1736 3343; baseline -0.001 -30"><span class='ocrx_word' id='word_1_164' title='bbox 291 3237 416 3328; x_wconf 78' lang='lat' dir='ltr'>item,</span> <span class='ocrx_word' id='word_1_165' title='bbox 436 3235 579 3313; x_wconf 82' lang='lat' dir='ltr'>dictum</span> <span class='ocrx_word' id='word_1_166' title='bbox 599 3235 849 3343; x_wconf 86' lang='lat' dir='ltr'>Reginaldum</span> <span class='ocrx_word' id='word_1_167' title='bbox 866 3236 913 3312; x_wconf 90' lang='lat' dir='ltr'>de</span> <span class='ocrx_word' id='word_1_168' title='bbox 930 3237 1051 3312; x_wconf 89' lang='lat' dir='ltr'>Ponte</span> <span class='ocrx_word' id='word_1_169' title='bbox 1064 3235 1442 3341; x_wconf 84' lang='lat' dir='ltr'>condempnavimus,</span> <span class='ocrx_word' id='word_1_170' title='bbox 1463 3251 1591 3313; x_wconf 84' lang='lat' dir='ltr'>contra</span> <span class='ocrx_word' id='word_1_171' title='bbox 1613 3234 1736 3340; x_wconf 86' lang='lat' dir='ltr'>ipsum</span> 
     </span>
     <span class='ocr_line' id='line_1_21' title="bbox 303 3365 1738 3473; baseline -0.001 -30"><span class='ocrx_word' id='word_1_172' title='bbox 303 3367 505 3455; x_wconf 83' lang='lat' dir='ltr'>emendam</span> <span class='ocrx_word' id='word_1_173' title='bbox 524 3367 685 3444; x_wconf 81' lang='lat' dir='ltr'>taxando</span> <span class='ocrx_word' id='word_1_174' title='bbox 705 3366 928 3473; x_wconf 89' lang='lat' dir='ltr'>predictam,</span> <span class='ocrx_word' id='word_1_175' title='bbox 949 3366 989 3442; x_wconf 91' lang='lat' dir='ltr'>in</span> <span class='ocrx_word' id='word_1_176' title='bbox 1007 3367 1175 3472; x_wconf 87' lang='lat' dir='ltr'>quinque</span> <span class='ocrx_word' id='word_1_177' title='bbox 1192 3365 1365 3443; x_wconf 88' lang='lat' dir='ltr'>millibus</span> <span class='ocrx_word' id='word_1_178' title='bbox 1376 3366 1484 3444; x_wconf 88' lang='lat' dir='ltr'>libris</span> <span class='ocrx_word' id='word_1_179' title='bbox 1503 3368 1738 3443; x_wconf 86' lang='lat' dir='ltr'>Turonensi-</span> 
     </span>
    </p>

    <p class='ocr_par' dir='ltr' id='par_1_13' title="bbox 237 3472 1792 3998">
     <span class='ocr_line' id='line_1_22' title="bbox 237 3472 1735 3606; baseline 0 -33"><span class='ocrx_word' id='word_1_180' title='bbox 237 3503 242 3509; x_wconf 82' lang='grc'><strong>’</strong></span> <span class='ocrx_word' id='word_1_181' title='bbox 302 3496 378 3574; x_wconf 89' lang='lat' dir='ltr'>bus</span> <span class='ocrx_word' id='word_1_182' title='bbox 403 3497 532 3590; x_wconf 90' lang='lat' dir='ltr'>nobis,</span> <span class='ocrx_word' id='word_1_183' title='bbox 564 3514 603 3574; x_wconf 90' lang='lat' dir='ltr'>et</span> <span class='ocrx_word' id='word_1_184' title='bbox 631 3498 731 3575; x_wconf 84' lang='lat' dir='ltr'>dicto</span> <span class='ocrx_word' id='word_1_185' title='bbox 762 3497 904 3575; x_wconf 76' lang='lat' dir='ltr'>ducam</span> <span class='ocrx_word' id='word_1_186' title='bbox 933 3497 974 3574; x_wconf 90' lang='lat' dir='ltr'>in</span> <span class='ocrx_word' id='word_1_187' title='bbox 1001 3496 1108 3575; x_wconf 88' lang='lat' dir='ltr'>mille</span> <span class='ocrx_word' id='word_1_188' title='bbox 1135 3495 1243 3576; x_wconf 89' lang='lat' dir='ltr'>libris</span> <span class='ocrx_word' id='word_1_189' title='bbox 1270 3472 1438 3606; x_wconf 89' lang='lat' dir='ltr'>ejusdem</span> <span class='ocrx_word' id='word_1_190' title='bbox 1466 3512 1636 3585; x_wconf 83' lang='lat' dir='ltr'>monete,</span> <span class='ocrx_word' id='word_1_191' title='bbox 1665 3525 1735 3602; x_wconf 91' lang='lat' dir='ltr'>pro</span> 
     </span>
     <span class='ocr_line' id='line_1_23' title="bbox 302 3625 1734 3735; baseline 0.001 -30"><span class='ocrx_word' id='word_1_192' title='bbox 302 3629 464 3706; x_wconf 88' lang='lat' dir='ltr'>emenda</span> <span class='ocrx_word' id='word_1_193' title='bbox 486 3629 656 3735; x_wconf 89' lang='lat' dir='ltr'>predicta</span> <span class='ocrx_word' id='word_1_194' title='bbox 683 3625 894 3717; x_wconf 77' lang='lat' dir='ltr'>solvendis3</span> <span class='ocrx_word' id='word_1_195' title='bbox 918 3644 1065 3705; x_wconf 87' lang='lat' dir='ltr'>retenta</span> <span class='ocrx_word' id='word_1_196' title='bbox 1091 3627 1203 3707; x_wconf 90' lang='lat' dir='ltr'>nobis</span> <span class='ocrx_word' id='word_1_197' title='bbox 1231 3629 1423 3707; x_wconf 78' lang='lat' dir='ltr'>taracione</span> <span class='ocrx_word' id='word_1_198' title='bbox 1453 3627 1552 3705; x_wconf 87' lang='lat' dir='ltr'>dicte</span> <span class='ocrx_word' id='word_1_199' title='bbox 1574 3629 1734 3705; x_wconf 89' lang='lat' dir='ltr'>emende</span> 
     </span>
     <span class='ocr_line' id='line_1_24' title="bbox 303 3757 1736 3867; baseline 0 -32"><span class='ocrx_word' id='word_1_200' title='bbox 303 3777 433 3837; x_wconf 86' lang='lat' dir='ltr'>contra</span> <span class='ocrx_word' id='word_1_201' title='bbox 451 3758 546 3836; x_wconf 82' lang='lat' dir='ltr'>alios</span> <span class='ocrx_word' id='word_1_202' title='bbox 564 3760 737 3866; x_wconf 88' lang='lat' dir='ltr'>superios</span> <span class='ocrx_word' id='word_1_203' title='bbox 756 3760 973 3836; x_wconf 87' lang='lat' dir='ltr'>nominatos</span> <span class='ocrx_word' id='word_1_204' title='bbox 995 3757 1188 3848; x_wconf 78' lang='lat' dir='ltr'>facienda,</span> <span class='ocrx_word' id='word_1_205' title='bbox 1211 3788 1297 3842; x_wconf 85' lang='lat' dir='ltr'>cum</span> <span class='ocrx_word' id='word_1_206' title='bbox 1320 3760 1367 3837; x_wconf 90' lang='lat' dir='ltr'>de</span> <span class='ocrx_word' id='word_1_207' title='bbox 1388 3760 1597 3867; x_wconf 84' lang='lat' dir='ltr'>quantitate</span> <span class='ocrx_word' id='word_1_208' title='bbox 1615 3757 1736 3836; x_wconf 89' lang='lat' dir='ltr'>bono-</span> 
     </span>
     <span class='ocr_line' id='line_1_25' title="bbox 302 3888 1792 3998; baseline -0.001 -30"><span class='ocrx_word' id='word_1_209' title='bbox 302 3920 391 3968; x_wconf 86' lang='lat' dir='ltr'>rum</span> <span class='ocrx_word' id='word_1_210' title='bbox 410 3890 614 3998; x_wconf 86' lang='lat' dir='ltr'>cujuslibet</span> <span class='ocrx_word' id='word_1_211' title='bbox 627 3890 851 3969; x_wconf 84' lang='lat' dir='ltr'>eorumdem</span> <span class='ocrx_word' id='word_1_212' title='bbox 869 3890 1056 3969; x_wconf 83' lang='lat' dir='ltr'>fuerimus</span> <span class='ocrx_word' id='word_1_213' title='bbox 1074 3888 1280 3973; x_wconf 81' lang='lat' dir='ltr'>informati.</span> <span class='ocrx_word' id='word_1_214' title='bbox 1788 3888 1792 3897; x_wconf 81' lang='grc'>’</span> 
     </span>
    </p>
   </div>
   <div class='ocr_carea' id='block_1_3' title="bbox 360 4017 699 4101">
    <p class='ocr_par' dir='ltr' id='par_1_14' title="bbox 360 4017 699 4101">
     <span class='ocr_line' id='line_1_26' title="bbox 360 4017 699 4101; baseline -0.009 -1"><span class='ocrx_word' id='word_1_215' title='bbox 360 4017 489 4101; x_wconf 82' lang='lat' dir='ltr'>ltlense</span> <span class='ocrx_word' id='word_1_216' title='bbox 508 4022 699 4099; x_wconf 75' lang='lat' dir='ltr'>ianuario.</span> 
     </span>
    </p>
   </div>
   <div class='ocr_carea' id='block_1_4' title="bbox 302 4283 1738 5187">
    <p class='ocr_par' dir='ltr' id='par_1_15' title="bbox 302 4283 1738 5187">
     <span class='ocr_line' id='line_1_27' title="bbox 358 4283 1736 4397; baseline 0.003 -32"><span class='ocrx_word' id='word_1_217' title='bbox 358 4285 420 4365; x_wconf 84' lang='lat' dir='ltr'>XI.</span> <span class='ocrx_word' id='word_1_218' title='bbox 450 4287 547 4367; x_wconf 89' lang='lat' dir='ltr'>Cum</span> <span class='ocrx_word' id='word_1_219' title='bbox 573 4284 798 4365; x_wconf 89' lang='lat' dir='ltr'>senescallus</span> <span class='ocrx_word' id='word_1_220' title='bbox 822 4303 951 4364; x_wconf 89' lang='lat' dir='ltr'>noster</span> <span class='ocrx_word' id='word_1_221' title='bbox 979 4283 1311 4395; x_wconf 82' lang='lat' dir='ltr'>Petregoricensis,</span> <span class='ocrx_word' id='word_1_222' title='bbox 1341 4316 1454 4395; x_wconf 88' lang='lat' dir='ltr'>super</span> <span class='ocrx_word' id='word_1_223' title='bbox 1480 4286 1644 4397; x_wconf 88' lang='lat' dir='ltr'>injuriis,</span> <span class='ocrx_word' id='word_1_224' title='bbox 1673 4320 1736 4369; x_wconf 84' lang='lat' dir='ltr'>ex-</span> 
     </span>
     <span class='ocr_line' id='line_1_28' title="bbox 304 4417 1737 4524; baseline 0.003 -27"><span class='ocrx_word' id='word_1_225' title='bbox 304 4418 470 4499; x_wconf 84' lang='lat' dir='ltr'>cessibus</span> <span class='ocrx_word' id='word_1_226' title='bbox 485 4437 523 4497; x_wconf 88' lang='lat' dir='ltr'>et</span> <span class='ocrx_word' id='word_1_227' title='bbox 539 4419 695 4499; x_wconf 80' lang='lat' dir='ltr'>vulnere</span> <span class='ocrx_word' id='word_1_228' title='bbox 709 4417 947 4496; x_wconf 80' lang='lat' dir='ltr'>denuncietis</span> <span class='ocrx_word' id='word_1_229' title='bbox 960 4446 1029 4524; x_wconf 87' lang='lat' dir='ltr'>per</span> <span class='ocrx_word' id='word_1_230' title='bbox 1043 4418 1295 4496; x_wconf 84' lang='lat' dir='ltr'>Guillelmum</span> <span class='ocrx_word' id='word_1_231' title='bbox 1311 4419 1489 4498; x_wconf 85' lang='lat' dir='ltr'>Grabaldi</span> <span class='ocrx_word' id='word_1_232' title='bbox 1504 4438 1633 4499; x_wconf 83' lang='lat' dir='ltr'>contra</span> <span class='ocrx_word' id='word_1_233' title='bbox 1646 4423 1737 4502; x_wconf 84' lang='lat' dir='ltr'>Gas-</span> 
     </span>
     <span class='ocr_line' id='line_1_29' title="bbox 302 4548 1734 4661; baseline 0.004 -35"><span class='ocrx_word' id='word_1_234' title='bbox 302 4548 454 4627; x_wconf 82' lang='lat' dir='ltr'>bertnm</span> <span class='ocrx_word' id='word_1_235' title='bbox 475 4550 522 4629; x_wconf 90' lang='lat' dir='ltr'>ds</span> <span class='ocrx_word' id='word_1_236' title='bbox 543 4550 656 4641; x_wconf 84' lang='lat' dir='ltr'>Salis,</span> <span class='ocrx_word' id='word_1_237' title='bbox 678 4549 821 4657; x_wconf 85' lang='lat' dir='ltr'>inquiri</span> <span class='ocrx_word' id='word_1_238' title='bbox 838 4549 1004 4639; x_wconf 82' lang='lat' dir='ltr'>ferisset,</span> <span class='ocrx_word' id='word_1_239' title='bbox 1026 4566 1066 4626; x_wconf 87' lang='lat' dir='ltr'>et</span> <span class='ocrx_word' id='word_1_240' title='bbox 1083 4550 1239 4626; x_wconf 87' lang='lat' dir='ltr'>taudem</span> <span class='ocrx_word' id='word_1_241' title='bbox 1256 4550 1402 4627; x_wconf 88' lang='lat' dir='ltr'>dictum</span> <span class='ocrx_word' id='word_1_242' title='bbox 1419 4552 1645 4631; x_wconf 82' lang='lat' dir='ltr'>Gasbsrtum</span> <span class='ocrx_word' id='word_1_243' title='bbox 1666 4582 1734 4661; x_wconf 87' lang='lat' dir='ltr'>pro</span> 
     </span>
     <span class='ocr_line' id='line_1_30' title="bbox 303 4680 1735 4791; baseline 0.008 -34"><span class='ocrx_word' id='word_1_244' title='bbox 303 4680 413 4759; x_wconf 87' lang='lat' dir='ltr'>dictis</span> <span class='ocrx_word' id='word_1_245' title='bbox 426 4680 591 4791; x_wconf 87' lang='lat' dir='ltr'>injuriis,</span> <span class='ocrx_word' id='word_1_246' title='bbox 609 4682 820 4759; x_wconf 82' lang='lat' dir='ltr'>excessibus</span> <span class='ocrx_word' id='word_1_247' title='bbox 836 4698 875 4759; x_wconf 90' lang='lat' dir='ltr'>et</span> <span class='ocrx_word' id='word_1_248' title='bbox 887 4680 1043 4759; x_wconf 82' lang='lat' dir='ltr'>vulnere</span> <span class='ocrx_word' id='word_1_249' title='bbox 1055 4708 1124 4787; x_wconf 90' lang='lat' dir='ltr'>per</span> <span class='ocrx_word' id='word_1_250' title='bbox 1140 4681 1263 4786; x_wconf 90' lang='lat' dir='ltr'>ipsum</span> <span class='ocrx_word' id='word_1_251' title='bbox 1278 4680 1393 4760; x_wconf 86' lang='lat' dir='ltr'>illatis</span> <span class='ocrx_word' id='word_1_252' title='bbox 1411 4683 1511 4762; x_wconf 85' lang='lat' dir='ltr'>dicto</span> <span class='ocrx_word' id='word_1_253' title='bbox 1526 4686 1735 4768; x_wconf 87' lang='lat' dir='ltr'>Guillelmo</span> 
     </span>
     <span class='ocr_line' id='line_1_31' title="bbox 302 4812 1738 4925; baseline 0.005 -36"><span class='ocrx_word' id='word_1_254' title='bbox 302 4830 459 4918; x_wconf 79' lang='lat' dir='ltr'>pensato</span> <span class='ocrx_word' id='word_1_255' title='bbox 479 4812 619 4892; x_wconf 86' lang='lat' dir='ltr'>insidio</span> <span class='ocrx_word' id='word_1_256' title='bbox 642 4844 710 4893; x_wconf 89' lang='lat' dir='ltr'>seu</span> <span class='ocrx_word' id='word_1_257' title='bbox 731 4842 775 4890; x_wconf 79' lang='lat' dir='ltr'>ex</span> <span class='ocrx_word' id='word_1_258' title='bbox 797 4812 992 4919; x_wconf 89' lang='lat' dir='ltr'>proposito</span> <span class='ocrx_word' id='word_1_259' title='bbox 1018 4840 1109 4890; x_wconf 84' lang='lat' dir='ltr'>eum</span> <span class='ocrx_word' id='word_1_260' title='bbox 1133 4812 1402 4907; x_wconf 71' lang='lat' dir='ltr'>interficiendi,</span> <span class='ocrx_word' id='word_1_261' title='bbox 1424 4818 1738 4925; x_wconf 81' lang='lat' dir='ltr'>condempnasset</span> 
     </span>
     <span class='ocr_line' id='line_1_32' title="bbox 302 4943 1737 5058; baseline 0.006 -39"><span class='ocrx_word' id='word_1_262' title='bbox 302 4944 341 5019; x_wconf 89' lang='lat' dir='ltr'>in</span> <span class='ocrx_word' id='word_1_263' title='bbox 357 4961 512 5023; x_wconf 88' lang='lat' dir='ltr'>centum</span> <span class='ocrx_word' id='word_1_264' title='bbox 531 4944 802 5053; x_wconf 82' lang='lat' dir='ltr'>quinquaginta</span> <span class='ocrx_word' id='word_1_265' title='bbox 816 4944 922 5024; x_wconf 88' lang='lat' dir='ltr'>libris</span> <span class='ocrx_word' id='word_1_266' title='bbox 938 4943 1064 5033; x_wconf 88' lang='lat' dir='ltr'>nobis,</span> <span class='ocrx_word' id='word_1_267' title='bbox 1087 4962 1129 5021; x_wconf 85' lang='lat' dir='ltr'>et</span> <span class='ocrx_word' id='word_1_268' title='bbox 1143 4944 1247 5023; x_wconf 93' lang='lat' dir='ltr'>dicto</span> <span class='ocrx_word' id='word_1_269' title='bbox 1258 4946 1468 5025; x_wconf 88' lang='lat' dir='ltr'>Guillelmo</span> <span class='ocrx_word' id='word_1_270' title='bbox 1488 4949 1528 5025; x_wconf 91' lang='lat' dir='ltr'>in</span> <span class='ocrx_word' id='word_1_271' title='bbox 1550 4952 1737 5058; x_wconf 80' lang='lat' dir='ltr'>quinqua·</span> 
     </span>
     <span class='ocr_line' id='line_1_33' title="bbox 302 5074 1736 5187; baseline 0.006 -38"><span class='ocrx_word' id='word_1_272' title='bbox 302 5078 405 5181; x_wconf 84' lang='lat' dir='ltr'>ginta</span> <span class='ocrx_word' id='word_1_273' title='bbox 425 5074 551 5167; x_wconf 88' lang='lat' dir='ltr'>libris,</span> <span class='ocrx_word' id='word_1_274' title='bbox 574 5108 659 5155; x_wconf 88' lang='lat' dir='ltr'>oum</span> <span class='ocrx_word' id='word_1_275' title='bbox 679 5075 789 5187; x_wconf 86' lang='lat' dir='ltr'>gagio</span> <span class='ocrx_word' id='word_1_276' title='bbox 807 5076 923 5184; x_wconf 81' lang='lat' dir='ltr'>bajuli</span> <span class='ocrx_word' id='word_1_277' title='bbox 944 5076 993 5153; x_wconf 92' lang='lat' dir='ltr'>de</span> <span class='ocrx_word' id='word_1_278' title='bbox 1011 5075 1161 5154; x_wconf 73' lang='lat' dir='ltr'>Sarlato</span> <span class='ocrx_word' id='word_1_279' title='bbox 1180 5076 1311 5159; x_wconf 82' lang='lat' dir='ltr'>dmtdis</span> <span class='ocrx_word' id='word_1_280' title='bbox 1334 5107 1400 5155; x_wconf 87' lang='lat' dir='ltr'>seu</span> <span class='ocrx_word' id='word_1_281' title='bbox 1426 5078 1633 5171; x_wconf 78' lang='lat' dir='ltr'>solvendis3</span> <span class='ocrx_word' id='word_1_282' title='bbox 1657 5082 1736 5157; x_wconf 88' lang='lat' dir='ltr'>dic-</span> 
     </span>
    </p>
   </div>
   <div class='ocr_carea' id='block_1_5' title="bbox 0 0 2230 6209">
    <p class='ocr_par' dir='ltr' id='par_1_16' title="bbox 0 0 2230 6209">
     <span class='ocr_line' id='line_1_34' title="bbox 0 0 2230 6209; baseline 0 5"><span class='ocrx_word' id='word_1_283' title='bbox 0 0 2230 6209; x_wconf 95' lang='lat' dir='ltr'> </span> 
     </span>
    </p>
   </div>
  </div>
 </body>
</html>
