4450 6209
496 713 569 784 232
1076 711 1168 786 Lus
1199 711 1337 787 OLIM.
1420 777 1422 781 ,

260 857 390 912 ramma
409 857 456 923 IV·
492 850 636 930 litteras
645 851 851 934 senescallo
862 851 1085 934 Bellitadri
1099 852 1282 932 dabamus
1293 855 1332 930 in
1342 853 1527 933 mandatis
1541 871 1585 932 ut
1595 856 1808 963 predicorm
1819 887 1919 938 man·

330 950 394 994 leot.

495 983 626 1063 datum
636 1003 809 1065 nostrum
821 982 1062 1091 adimpleret,
1077 983 1254 1091 predictis
1269 985 1557 1091 inquisitoribus
1567 985 1796 1067 sufficienter
1805 1018 1918 1098 super

494 1118 567 1196 hoc
586 1116 773 1224 requisitis
793 1133 830 1195 et
847 1115 1091 1194 existentibus
1107 1117 1148 1192 in
1168 1115 1333 1208 defectu,
1355 1115 1548 1224 predictus
1566 1117 1794 1198 Guillelmus
1814 1121 1917 1201 dicto

492 1249 696 1327 senescallo
722 1246 942 1354 supplicavit
964 1247 1088 1354 quod,
1110 1247 1296 1354 cumipse
1320 1265 1418 1328 esset
1442 1265 1480 1326 ot
1501 1249 1549 1328 sit
1573 1249 1747 1341 clericus,
1770 1269 1808 1330 et
1828 1254 1917 1334 dicti

491 1379 748 1486 inquisitores,
767 1376 928 1457 formam
947 1379 1143 1484 potestatis
1160 1407 1227 1456 sue
1247 1379 1484 1468 excedentes,
1504 1379 1672 1485 predicta
1689 1385 1914 1488 gravamina,

492 1509 573 1590 sine
579 1510 682 1618 justa
697 1539 824 1600 causa,
835 1510 961 1588 eidem
973 1509 1209 1602 intulissent,
1222 1511 1301 1618 ipse
1313 1511 1580 1617 pronunciaret
1589 1509 1772 1618 predicta,
1788 1532 1916 1594 contra

492 1669 598 1731 eum,
615 1669 684 1748 per
698 1620 831 1719 doctos
849 1641 1110 1747 inquisitores,
1128 1656 1260 1748 utpote
1280 1671 1301 1718 a
1316 1640 1446 1749 judice
1463 1668 1539 1719 non
1560 1643 1788 1748 competenti
1803 1643 1915 1735 facta,

492 1799 570 1850 non
588 1771 727 1863 valere,
750 1787 787 1848 et
807 1769 902 1848 lacta
919 1770 968 1848 ab
985 1770 1148 1862 eisdem,
1165 1788 1242 1847 tam
1260 1772 1307 1848 de
1324 1798 1483 1878 persona
1503 1799 1616 1878 quam
1637 1771 1811 1851 debonis
1827 1775 1916 1854 dicti

493 1902 708 1994 Guillelmi,
718 1903 768 1980 ad
778 1919 916 1980 statum
930 1901 1104 1980 debitum
1116 1901 1254 1979 debere
1264 1903 1416 2008 reponi3
1428 1917 1672 2008 procuratore
1686 1922 1828 1995 nostro,
1843 1935 1918 1984 ma-

492 2034 609 2144 gistro
624 2033 777 2113 Matheo
792 2033 840 2112 de
856 2033 1041 2122 Mantina,
1058 2033 1098 2110 in
1118 2032 1193 2110 illis
1211 2033 1380 2139 partibus
1397 2033 1545 2112 anobis
1559 2033 1754 2140 deputato,
1773 2053 1918 2114 contra-

493 2166 594 2244 rium
615 2166 780 2255 dicente,
806 2181 844 2243 et
863 2180 1100 2271 proponente
1122 2164 1291 2271 predicta
1313 2161 1396 2242 lieri
1420 2191 1499 2242 non
1525 2163 1682 2254 debere,
1705 2180 1743 2242 et
1764 2165 1916 2244 tandem

494 2296 723 2376 senescallus
745 2295 939 2402 predictus
962 2323 1032 2373 seu
1056 2296 1138 2404 ejus
1163 2296 1457 2388 commissarius,
1485 2295 1622 2374 auditis
1646 2295 1862 2376 melonibus
1881 2316 1918 2378 et

494 2430 784 2541 allegacionibus
797 2430 994 2536 utriusque
1010 2429 1141 2537 partis,
1163 2457 1311 2506 causam
1327 2427 1552 2537 predictam,
1572 2427 1620 2505 de
1635 2455 1819 2506 consensu
1833 2457 1918 2535 pan-

494 2563 611 2652 cium,
634 2562 683 2641 ad
698 2579 865 2642 nostram
881 2561 1024 2640 curiam
1040 2561 1261 2638 instructam
1278 2559 1466 2638 remiserit
1481 2591 1490 2637 r
1506 2559 1595 2638 Viso
1613 2559 1729 2670 igitur
1742 2587 1917 2666 processu

495 2723 622 2794 coram
642 2694 744 2773 dicto
765 2692 970 2772 senescallo
989 2721 1058 2770 seu
1082 2693 1165 2800 ejus
1188 2691 1444 2769 commissario
1469 2717 1585 2798 super
1603 2689 1677 2768 hoc
1694 2688 1808 2778 lacto,
1829 2715 1917 2796 pro-

494 2825 717 2902 nunciatum
734 2825 823 2914 fuit,
840 2852 910 2930 per
923 2822 1026 2900 curie
1040 2838 1166 2900 nostre
1178 2822 1388 2930 judicium,
1406 2821 1507 2900 bona
1523 2821 1649 2899 omnia
1666 2820 1756 2899 dicti
1774 2820 1915 2914 clerici,

494 2954 654 3034 mobilia
664 2970 703 3031 et
714 2954 944 3045 immobilia,
962 2952 1011 3030 ad
1025 2981 1181 3030 manum
1197 2969 1380 3042 nostram,
1397 2952 1445 3030 de
1461 2952 1639 3032 mandato
1655 2951 1845 3032 dictorum
1860 2951 1917 3028 in-

495 3086 721 3194 quisitorum
740 3084 878 3191 posita,
901 3084 1027 3162 eidem
1048 3084 1188 3163 debere
1209 3083 1439 3192 integraliter
1457 3083 1615 3162 restitui.

551 3215 727 3293 Mercurii
746 3215 926 3322 predicta.

551 3347 711 3426 Cuillier
728 3345 942 3454 reportavit.

550 3612 642 3692 lllll.
674 3612 808 3692 Coram
828 3613 1000 3690 lohanne
1021 3611 1070 3690 de
1089 3611 1310 3721 Arreblayo,
1332 3612 1470 3706 milite,
1492 3609 1697 3690 senescallo
1711 3609 1917 3718 Petragori-

495 3744 595 3822 censi
618 3762 657 3820 et
672 3742 908 3831 Caturcensi,
931 3742 1130 3849 proposuit
1148 3742 1324 3852 magister
1343 3742 1460 3822 Fulco
1481 3742 1529 3820 de
1546 3743 1679 3850 Surys,
1700 3757 1920 3848 procurator

496 3890 626 3950 noster
644 3873 685 3948 in
703 3871 923 3949 senescallia
941 3873 1128 3978 predicta,
1150 3891 1278 3953 contra
1295 3875 1470 3952 abbatem
1496 3891 1535 3951 et
1558 3888 1786 3952 conventum
1804 3875 1920 3950 Bran·

495 4002 1155 4110 tholmenses,quodcumipsi,cum
1167 4004 1702 4096 multitudinehominum,ad
1714 4004 1918 4112 quemdam

496 4151 622 4214 ortum
641 4161 758 4240 prope
777 4134 1084 4225 Brantholmum,
1100 4152 1294 4244 tamquam
1313 4135 1458 4214 domini
1474 4133 1701 4242 temporales
1720 4133 1811 4212 dicti
1828 4133 1917 4222 loci,

353 4309 363 4318 ·
496 4293 606 4344 causa
626 4265 805 4342 diruendi
825 4294 893 4344 seu
913 4264 1145 4344 demoliendi
1164 4268 1367 4374 quamdam
1388 4267 1546 4346 domum
1567 4282 1605 4344 et
1628 4265 1822 4374 quoddam
1841 4283 1919 4344 tro-

459 4413 466 4426 ·
495 4396 590 4474 lium
611 4423 679 4502 per
691 4394 899 4474 Arnaldum
915 4397 1087 4476 Saunerii
1106 4397 1250 4476 ibidem
1272 4398 1507 4488 edificatum,
1525 4397 1762 4475 accessissent
1779 4397 1829 4473 ad
1846 4397 1920 4474 ins·

495 4527 657 4605 tanciam
676 4528 776 4605 Petri
795 4528 886 4606 dicti
906 4528 1063 4617 Batelat‚
1081 4529 1278 4608 asserentis
1298 4555 1337 4608 se
1358 4529 1502 4606 dictum
1524 4525 1652 4605 locum
1668 4527 1863 4634 possidere
1884 4542 1921 4604 et

496 4658 633 4765 injuste
647 4687 669 4733 a
685 4658 788 4745 dicto
803 4658 969 4737 Arnaldo
987 4656 1204 4737 edificatum
1218 4687 1315 4748 esse,
1332 4677 1370 4736 et
1385 4660 1464 4767 ipse
1479 4657 1680 4748 Arnaldus,
1696 4657 1769 4737 hoc
1781 4657 1919 4748 sciens,

496 4787 640 4866 adictis
659 4788 793 4866 abbate
813 4807 851 4867 et
870 4809 1072 4879 conventu,
1090 4819 1139 4868 ne
1161 4791 1376 4868 dirueretur
1396 4789 1540 4868 dictum
1561 4787 1772 4878 edificium,
1791 4788 1840 4866 ad
1852 4777 1938 4865 nos¹

495 4916 554 4994 vel
571 4917 619 4994 ad
637 4919 881 4997 senescallum
900 4921 1129 5027 predictum,
1144 4923 1184 4998 in
1203 4921 1394 5028 presencia
1413 4920 1602 4997 dictorum
1620 4918 1764 4998 abbatis
1781 4935 1820 4996 et
1835 4946 1922 4996 con-

495 5060 646 5140 ventus,
668 5049 906 5156 appellasset,
928 5069 965 5130 et
989 5052 1134 5131 eisdem
1155 5053 1280 5132 abbati
1300 5067 1339 5130 et
1358 5051 1577 5142 conventui,
1599 5079 1642 5128 ex
1665 5066 1769 5158 parte
1793 5063 1920 5128 nostra
