4450 6209
471 720 544 792 224
1044 722 1149 791 'LES
1179 718 1318 792 OLtM.

240 872 370 925 eninm
385 870 426 931 Ν,
467 864 531 969 qui
553 864 696 941 dictum
721 864 1037 969 impedimentum
1063 879 1288 967 apposuerat
1304 862 1343 936 in
1368 861 1562 967 predictis,
1584 863 1672 966 quia
1698 864 1892 941 inventum

303 963 364 1004 iant.

468 1013 524 1072 est
540 995 769 1072 sufficienter
782 993 981 1100 probatum
997 993 1117 1070 dictos
1130 990 1325 1099 religiosos
1336 1020 1416 1069 esse
1431 1008 1469 1069 et
1483 991 1598 1069 fuisse
1613 993 1653 1068 in
1666 993 1799 1071 saisina
1814 1024 1893 1099 pre

468 1126 673 1215 dictorum,
697 1152 765 1229 per
785 1122 885 1199 curie
908 1142 1031 1200 nostre
1049 1123 1258 1230 judicium,
1285 1124 1428 1200 dictum
1452 1122 1524 1199 fuit
1544 1140 1583 1199 et
1600 1125 1891 1229 pronunciatum

466 1256 678 1362 predictum
697 1253 1015 1360 impedimentum
1038 1254 1179 1332 debere
1195 1255 1380 1343 amoveri,
1399 1253 1593 1361 dictosque
1611 1255 1807 1361 religiosos
1825 1256 1892 1333 de-

465 1388 553 1465 bere
580 1388 618 1462 in
641 1414 706 1461 sua
730 1386 863 1461 saisina
885 1387 1145 1492 predictorum
1167 1414 1380 1473 remanere,
1402 1386 1622 1492 dictumque
1645 1387 1892 1492 impedimen·

462 1536 544 1595 tum
575 1518 676 1595 curia
701 1533 826 1593 nostra
853 1518 1010 1609 amovit,
1040 1518 1137 1595 salva
1166 1518 1205 1592 in
1229 1517 1406 1625 predictis
1430 1518 1628 1623 questione
1652 1521 1891 1624 proprietatis

464 1649 620 1727 domino
637 1649 739 1756 Regi.

521 1784 561 1857 In
583 1781 678 1858 festo
694 1780 794 1857 beati
814 1780 976 1857 Andree.

521 1914 643 1989 Monoi
665 1914 877 2017 reportavit.

521 2183 563 2256 ΙΙ.
596 2182 692 2259 Cum
715 2200 943 2287 conquestus
965 2182 1094 2259 suisset
1110 2209 1235 2258 coram
1252 2180 1363 2257 nobis
1380 2157 1641 2257 Anselmusde
1653 2180 1887 2272 {todi-Vitta,

465 2312 591 2402 miles,
616 2314 663 2389 de
679 2312 815 2390 ballivo
837 2312 1126 2404 Silvanectensi‚
1148 2340 1261 2418 super
1285 2313 1455 2418 eoquod
1475 2311 1599 2389 dictus
1620 2311 1730 2389 miles
1748 2340 1890 2390 assere-

462 2443 526 2519 bat
545 2472 601 2531 se‚
625 2445 773 2521 racione
786 2446 979 2529 messario,
992 2445 1176 2550 quasdam
1188 2444 1322 2549 prisias
1335 2444 1589 2551 quorumdam
1600 2442 1818 2520 animalium
1839 2441 1891 2517 so

462 2574 753 2668 rissaciencium‚
766 2578 901 2654 virtute
918 2577 1111 2685 cujusdam
1125 2575 1300 2684 judicati,
1314 2603 1385 2681 pro
1401 2576 1483 2681 ipso
1492 2573 1644 2682 prolati,
1661 2602 1729 2679 per
1743 2574 1890 2651 dictum

460 2703 641 2783 bailivum
653 2706 752 2783 inter
766 2708 908 2813 ipsum,
927 2736 969 2783 ex
986 2736 1061 2783 una
1079 2724 1205 2811 parte,
1223 2724 1261 2780 et
1280 2734 1349 2782 nos
1367 2735 1409 2781 ac
1429 2706 1613 2781 decanum
1633 2721 1673 2781 et
1681 2703 1888 2811 capitulum

462 2836 813 2914 Sancti-Frambaldi
840 2839 1128 2915 Silvanectensis
1152 2866 1194 2913 ac
1218 2837 1529 2914 communitatem
1548 2835 1636 2913 ville
1656 2835 1823 2945 Angiaci‚
1845 2864 1890 2911 ex

463 2966 597 3057 altera,
615 2970 715 3075 juste
742 2986 780 3045 et
804 2970 905 3046 licite
931 2969 1087 3056 secisse,
1110 2986 1149 3045 et
1174 2967 1278 3075 quod
1302 2968 1423 3046 dictus
1447 2967 1607 3045 ballivus
1630 2968 1755 3075 ipsum
1778 2995 1891 3073 super

464 3096 535 3173 boc
550 3098 778 3205 impediebat
793 3101 947 3209 injuste,
970 3101 1259 3209 requirebatque
1282 3100 1427 3194 dictum
1436 3098 1649 3207 judicatum
1669 3099 1795 3176 debite
1811 3126 1890 3173 exe

464 3230 611 3307 cucioni
639 3232 876 3325 demandari,
901 3250 939 3309 et
959 3233 1276 3339 impedimentum
1302 3260 1416 3338 super
1435 3231 1509 3309 boc
1527 3259 1595 3337 per
1614 3230 1761 3306 dictum
1780 3227 1890 3304 balli-

463 3392 548 3438 vum
568 3362 639 3440 sibi
657 3366 869 3470 appositum
893 3366 1058 3443 amoveri
1078 3398 1087 3441 :
1103 3365 1292 3452 Tandem,
1307 3364 1480 3470 inquesta
1498 3391 1611 3467 super
1625 3362 1698 3438 boc
1719 3360 1766 3437 de
1782 3388 1890 3435 man-

465 3494 552 3572 dato
580 3514 709 3574 nostro
729 3495 824 3573 facta
851 3498 925 3573 visa
946 3514 983 3573 et
1004 3496 1208 3603 diiigenter
1229 3495 1456 3578 examinata,
1477 3494 1556 3567 viso
1584 3492 1701 3568 eciam
1716 3491 1888 3597 judicato

462 3626 633 3729 predicto
650 3642 688 3701 et
710 3628 964 3702 declaracione
982 3626 1153 3731 ejusdem
1163 3622 1338 3729 judicati,
1355 3624 1444 3725 quia
1460 3623 1654 3696 inventum
1675 3637 1731 3695 est
1743 3621 1889 3696 dictum

462 3756 621 3829 militem
644 3753 775 3827 secisse
796 3755 912 3828 dictas
932 3753 1062 3857 prisias
1083 3770 1213 3827 contra
1231 3768 1401 3825 tenorem
1424 3751 1514 3826 dicti
1529 3748 1688 3856 judicqti
1707 3764 1745 3822 ct
1764 3747 1889 3822 decla·

462 3882 650 3956 racionem
664 3881 852 3986 ejusdem,
871 3882 1015 3957 dictum
1030 3881 1103 3958 fuit
1118 3899 1157 3957 et
1168 3862 1475 3986 pronunciatum,
1488 3906 1556 3986 per
1567 3878 1670 3955 curie
1684 3892 1812 3953 nostre
1822 3878 1889 3983 ju-

464 4009 622 4097 dicium,
647 4010 784 4085 dictam
810 4030 1022 4117 requestam
1044 4011 1203 4117 predicti
1226 4008 1356 4087 militis
1382 4038 1498 4117 super
1518 4007 1739 4115 hujusmodi
1763 4008 1888 4115 prisiis

461 4166 535 4216 non
558 4168 637 4216 esse
658 4140 728 4217 sibi
750 4139 974 4232 faciendam,
995 4159 1032 4218 et
1050 4142 1195 4219 dictum
1211 4139 1423 4250 judicatum
1443 4169 1531 4217 cum
1551 4139 1610 4217 sui
1631 4139 1886 4216 declaracione

460 4274 498 4349 in
517 4301 586 4350 suo
602 4273 739 4351 robore
759 4302 953 4351 remanere
970 4274 1123 4353 debere.

516 4405 558 4481 In
578 4402 672 4482 sesto
691 4405 791 4483 beati
811 4404 974 4483 Andree.

517 4536 690 4614 Boceilus
710 4538 922 4641 reportavit.

519 4794 578 4869 ΙΙΙ.
601 4798 696 4873 Cum
711 4818 808 4877 esset
817 4820 917 4879 mota
929 4803 1119 4879 discordia
1129 4830 1254 4880 coram
1267 4802 1484 4878 nobisinter
1495 4802 1689 4879 dominam
1700 4802 1749 4877 de
1763 4802 1887 4881 Cban-

464 4921 624 5011 tilliaco‚
645 4952 688 5000 er
709 4956 781 5004 una
802 4949 932 5035 parte,
955 4950 994 5009 et
1018 4932 1197 5009 comitem
1216 4931 1530 5023 Donni-Martini,
1553 4960 1596 5007 er
1617 4932 1750 5020 altera,
1771 4958 1886 5037 super

464 5078 509 5128 eo
527 5052 633 5157 quod
646 5053 795 5132 dicebat
810 5059 909 5134 dicta
923 5060 1076 5137 domina
1091 5063 1197 5167 quod
1213 5062 1336 5139 dictus
1349 5090 1476 5139 comes
1496 5063 1634 5169 injuste
1655 5090 1737 5139 eam
1754 5061 1886 5139 turba·
