4450 6209
272 925 336 970 tttt,

441 685 510 758 rsa
858 679 1281 754 saussssocm.
1335 693 1452 768 vu«

210 834 398 895 nummu,
493 826 672 906 Mercurii
691 840 777 931 post
796 823 1029 931 quiu'de'nam
1048 821 1360 934 hathumarus!
1590 869 1594 897 =
1719 852 1722 861 ¹

494 957 831 1065 Royareportavit.
1174 1001 1178 1022 ι
1234 983 1252 1026 u
1275 999 1290 1013 ιι
1325 975 1328 984 ’

493 1224 601 1301 XLV.
627 1223 808 1326 lnquesta
827 1244 895 1324 per
911 1216 1092 1296 ballivum
1112 1213 1387 1294 Bituricensem
1408 1245 1476 1296 sou
1493 1217 1574 1325 ejus
1591 1220 1867 1301 commissarios

436 1355 547 1442 lacta,
571 1379 684 1458 super
709 1351 884 1456 eoquod
907 1350 1100 1428 abbatissa.
1116 1366 1154 1426 et
1172 1365 1379 1426 conventus
1404 1349 1454 1425 de
1474 1351 1704 1429 Karautonio
1731 1352 1876 1432 adron*¹

437 1501 564 1562 verant
589 1511 628 1560 se
646 1483 795 1560 esseio
816 1483 951 1560 saisina
971 1482 1078 1589 quod
1100 1479 1319 1589 gardientur
1337 1483 1406 1586 p'er
1419 1480 1624 1560 omnum
1645 1485 1803 1593 Regem,
1830 1502 1869 1562 et

438 1617 640 1692 dominum
663 1617 803 1723 Regem
816 1637 905 1692 'esse
927 1614 968 1690 in
988 1611 1123 1690 saisina
1141 1611 1336 1720 gardiandi
1356 1612 1524 1704 easdem
1547 1614 1684 1690 comite
1708 1615 1757 1690 de
1774 1616 1868 1694 San-

436 1776 524 1825 cero
536 1776 557 1825 e
567 1746 759 1824 contrario
773 1762 962 1825 asserente
976 1745 1075 1822 dicte
1087 1744 1204 1855 garde
1216 1745 1390 1822 saisinam
1402 1745 1452 1822 ad
1464 1773 1552 1822 eum
1562 1744 1750 1850 pertinere
1760 1779 1768 1823 :
1779 1748 1869 1828 Visa

438 1879 485 1954 ad
512 1879 623 1955 illum
649 1879 767 1955 finem
794 1877 1061 1953 tantummodo
1086 1893 1217 1952 utrum
1246 1876 1343 1954 dicta
1368 1875 1542 1955 advoacio
1567 1895 1665 1954 esset
1689 1906 1785 1956 nova
1807 1879 1868 1956 rel

438 2011 609 2116 antiqua,
627 2009 822 2086 inventum
839 2022 897 2084 est
908 2005 1137 2084 sufficienter
1151 2035 1230 2084 esse
1244 2007 1445 2113 probatum
1460 2008 1566 2113 quod
1578 2007 1676 2086 dicu
1690 2009 1868 2087 advoacio

439 2169 534 2220 nova
555 2157 627 2227 est,
650 2169 720 2216 nec
738 2139 927 2216 invenitur
943 2139 1048 2246 quod
1071 2138 1170 2216 dicte
1190 2138 1365 2247 religiose
1387 2137 1512 2245 aliqua
1532 2137 1727 2246 privilegio
1743 2157 1868 2217 osten-

439 2274 565 2349 derint
580 2299 737 2377 perque
754 2287 947 2376 appareret
962 2297 1023 2346 eas
1039 2297 1119 2346 esse
1143 2270 1191 2346 de
1212 2268 1325 2377 garda
1345 2267 1490 2346 domini
1511 2268 1638 2376 Regis,
1652 2287 1690 2346 et
1709 2269 1866 2359 idcirco,

437 2431 506 2508 per
525 2419 712 2478 arrestum
733 2399 1172 2488 nummulariorum
1196 2399 1271 2478 luit
1289 2401 1395 2507 quod
1415 2429 1549 2479 munus
1569 2399 1713 2481 domini
1736 2403 1865 2510 Regis,

436 2536 587 2610 racione
604 2532 705 2610 dicte
718 2532 959 2610 advoacionis
973 2550 1088 2638 super
1100 2533 1380 2638 hocepposita,
1396 2532 1489 2611 inde
1503 2532 1748 2624 amovebitur,
1766 2532 1869 2612 salvo

433 2668 520 2774 jure
540 2664 688 2742 domini
708 2665 878 2771 Regiset
895 2663 1083 2741 dictannn
1102 2663 1365 2771 religiosarum
1386 2691 1499 2770 super
1514 2665 1607 2752 hoc,
1628 2681 1706 2742 tam
1725 2665 1766 2742 iu
1783 2683 1870 2772 puu-

438 2798 605 2874 session’e
624 2823 739 2902 quam
759 2793 1060 2900 improprietate
1118 2832 1136 2858 ··
1173 2823 1177 2836 ¹

495 2931 607 3005 Luue
624 2942 711 3032 post
732 2926 967 3033 quindenam
977 2925 1281 3004 Pentheoostas..

495 3058 731 3136 ltleulleutus
746 3055 959 3163 reportavit.
989 3114 994 3124 -
1037 3085 1042 3154 ξ
1126 3116 1129 3122 ,
1247 3114 1251 3127 .
1325 3119 1329 3128 .
1358 3097 1362 3107 ·

496 3322 639 3401 XLVI).
652 3323 750 3401 Cum
778 3347 823 3399 ex
844 3338 952 3428 parte
976 3318 1114 3428 prioris
1130 3321 1319 3428 primatus
1341 3321 1869 3402 Molendini-Pissini.·balliro

441 3471 570 3532 nostro
581 3450 769 3531 :Arvernis
790 3452 906 3531 luerit
917 3453 1076 3560 graviter
1091 3453 1359 3559 conquerendo
1374 3469 1625 3532 monstratum
1641 3452 1871 3560 quod‚‘lr'c,et¹

441 3585 565 3662 dictus
584 3585 699 3690 prior,
722 3586 804 3692 ejus
823 3585 1011 3691 prioratus
1031 3602 1069 3661 et
1082 3583 1185 3662 bona
1204 3585 1338 3679 sint-in
1358 3600 1486 3662 nostra
1506 3583 1634 3691 gardia
1650 3581 1818 3689 speciali,
1833 3602 1872 3662 et

441 3715 562 3793 dictus
575 3715 764 3819 prioratus
774 3732 871 3792 esset
881 3715 1108 3822 palhonatus
1120 3731 1159 3791 et
1170 3714 1428 3827 brandouatus
1442 3743 1486 3792 ex
1498 3731 1604 3821 parte
1616 3697 1758 3804 nostra,
1771 3723 1872 3794 certa

441 3847 489 3923 dc
510 3874 638 3939 causa,
653 3847 695 3923 in
713 3849 906 3952 presencia
924 3848 1121 3924 Bertrautli
1135 3847 1183 3924 de
1203 3847 1381 3953 [ioppe—F
1382 3848 1476 3939 orti,
1493 3847 1641 3936 militis,
1665 3848 1810 3928 domini
1822 3849 1870 3926 de

440 3977 603 4064 Aurora,
626 3995 664 4054 et
679 3975 762 4084 ipso
781 3979 941 4066 sciente,
962 3979 1065 4061 idern
1084 3978 1334 4068 Romanum,
1357 3977 1562 4056 familiares
1574 3981 1869 4060 seuservisntcs

439 4112 513 4200 sui,
531 4134 617 4186 cum
632 4109 762 4200 armis,
780 4110 925 4188 dictum
938 4111 1148 4217 prioratum
1162 4111 1348 4189 violenter
1362 4111 1593 4194 intraverunt
1608 4129 1646 4190 et
1661 4110 1789 4218 plures
1809 4141 1871 4190 ex-

439 4268 565 4321 cessus
589 4243 1044 4333 commiseruntihideru,
1072 4273 1117 4322 oc
1136 4245 1176 4320 in
1196 4244 1356 4323 crastino
1377 4245 1600 4334 redeuntes,
1626 4244 1757 4320 armati
1780 4271 1869 4321 cum

440 4374 587 4452 malleis
602 4373 735 4452 ferreis
747 4392 788 4454 et
799 4374 1013 4467 securibus,
1033 4401 1216 4453 eameram
1234 4371 1324 4454 dicti
1340 4375 1477 4483 prioris
1491 4350 1703 4484 fregemnt‚
1721 4391 1760 4452 et
1777 4376 1871 4454 cele-

440 4506 580 4583 rarium
598 4505 689 4584 dicti
704 4507 858 4613 prioris,
871 4507 1061 4615 jacentem
1076 4505 1273 4586 infirmum
1288 4510 1328 4586 in
1344 4535 1414 4586 suo
1431 4507 1547 4596 lecto,
1562 4505 1747 4588 uiolenter
1761 4533 1870 4612 oepe-

441 4653 547 4724 runt,
564 4653 603 4713 et
614 4654 765 4742 captum
784 4639 976 4716 duxerunt
990 4639 1094 4745 apud
1108 4639 1337 4716 cestrumvde
1352 4639 1512 4726 Aurora,
1526 4615 1572 4714 ¹ac
1586 4637 1709 4742 ipsum
1725 4634 1870 4714 ibidem

441 4767 480 4842 in
499 4793 645 4843 carcere
661 4767 752 4845 dicti
769 4769 957 4846 militis-in
970 4767 1221 4876 compedibus
1236 4769 1461 4877 posuerunt,
1480 4785 1518 4846 et
1526 4795 1598 4875 per
1615 4783 1700 4846 octo
1717 4767 1799 4848 dics
1814 4786 1871 4846 tu-

439 4914 624 4988 nuerunt‚
641 4900 863 4990 monachos,
880 4899 1081 4980 familiares
1100 4919 1140 4980 ct
1156 4897 1331 4981 honines
1347 4899 1436 4980 dicti
1453 4901 1639 5008 prioratus
1654 4899 1871 4978 vulnerate·
1964 4873 1969 4884 ἱ

440 5046 547 5119 runt,
571 5030 776 5134 quemdam
796 5060 842 5108 ex
860 5032 915 5138 eis
932 5034 1247 5141 precipitaverunt
1267 5050 1305 5111 ot
1324 5033 1568 5141 quamplures
1589 5060 1634 5112 ex
1656 5030 1782 5139 ipsitl
1842 5029 1850 5046 '
1908 5041 1924 5137 J
2030 5102 2033 5109 .
