4450 6209
727 759 994 870 anutrus
1019 777 1085 850 ur
1112 760 1322 854 raucus
1693 784 1741 855 aa

313 924 379 1013 vit,
403 949 474 1029 pro
499 921 809 1000 eo'solummodo
834 923 925 1029 quia
943 921 1172 1025 senescallus
1194 922 1499 1021 Carcassonensis
1525 924 1744 1003 reeordatus
1778 932 1963 999 Perimam,

312 1052 385 1131 luit
399 1052 439 1130 in
454 1053 556 1130 curia
571 1053 676 1159 quod
693 1052 785 1131 dicti
799 1052 992 1131 auditores
1011 1051 1177 1131 fecerant
1191 1054 1312 1153 dictos
1331 1056 1527 1161 processus
1541 1072 1741 1162 postquam
1842 1016 1904 1070 lm

311 1186 392 1291 ipse
419 1184 609 1291 revocavit.
618 1185 843 1264 mandatum
867 1212 1001 1287 suum,
1030 1201 1069 1262 et
1086 1183 1257 1262 inhibuit
1281 1214 1333 1263 ne
1359 1186 1609 1291 procederent
1627 1184 1744 1295 ¹super

312 1318 403 1407 hoc;
424 1316 677 1393 et⁰commisit
702 1317 803 1393 ouria
825 1316 1157 1425 negociumistius
1176 1342 1287 1393 cause
1307 1318 1366 1393 Mn
1379 1319 1422 1395 R.
1445 1318 1656 1407 Russelleti,
1678 1319 1744 1393 ad-

307 1446 440 1555 juncto
468 1473 596 1523 seeum
624 1445 698 1522 alio
726 1445 848 1552 probo
875 1446 1041 1539 viroset
1069 1445 1227 1553 probata
1254 1445 1451 1525 fuit'ouaia
1484 1466 1522 1525 et
1548 1452 1745 1525 reservavit

314 1577 469 1654 domino
496 1577 588 1683 Regi
612 1576 719 1683 quod
743 1604 984 1684 quecumque
1011 1576 1196 1654 dictarum
1217 1578 1386 1683 parcium
1408 1577 1646 1667 succumbat,
1668 1606 1745 1655 non

312 1707 564 1815 prejudieabit
582 1708 739 1785 domino
757 1708 849 1815 Regi
868 1708 962 1814 quin
981 1708 1042 1785 isti
1061 1708 1228 1801 nobiles,
1252 1709 1349 1786 sient
1364 1708 1506 1787 debent
1520 1710 1559 1785 in
1580 1712 1686 1816 equis
1707 1726 1745 1787 et

313 1839 443 1928 armis,
463 1854 663 1916 teneantur
680 1837 818 1915 servire
839 1838 994 1917 domino
1010 1839 1114 1947 Regi.
1132 1838 1269 1917 Actum
1280 1839 1377 1947 jovis
1393 1839 1432 1914 in
1450 1840 1590 1917 octabis
1612 1841 1746 1917 nativi-¹

312 1970 398 2046 tatis
416 1970 525 2047 beate
545 1967 723 2077 Virgin'm,
744 1994 841 2046 anuo
860 1968 1015 2047 Domini
1034 1968 1240 2047 millesimo
1260 1970 1539 2066 trepentesimo‘.

371 2228 605 2336 (Judioatum
625 2230 728 2308 istud
746 2230 852 2338 quod
869 2230 1053 2339 sequitur,
1075 2232 1123 2311 de
1137 2232 1179 2309 P.
1197 2232 1244 2310 de
1259 2222 1459 2325 Bouchon,
1480 2232 1592 2313 scribi
1610 2232 1743 2311 debuit

313 2365 354 2441 in
372 2362 507 2470 pagina
525 2362 771 2469 subsequenti
790 2362 900 2441 istius
917 2362 1016 2454 lolii,
1037 2363 1086 2440 ad
1105 2364 1209 2443 istud
1228 2364 1432 2473 signumt)

371 2628 445 2703 LV.
477 2625 576 2703 (lum
603 2626 740 2702 Petrus
764 2625 812 2702 de
845 2624 1048 2715 Boucbon,
1081 2594 1290 2731 presbyter,
1327 2652 1347 2700 a
1380 2622 1546 2727 quodam
1573 2622 1748 2729 judicato

315 2774 444 2835 eontra
462 2782 501 2831 se
521 2753 620 2832 laeto
634 2782 703 2861 pro
716 2755 885 2831 lobanne
901 2754 948 2831 de
969 2730 1282 2844 Senatu-Albino,
1303 2752 1459 2830 domino
1476 2750 1523 2831 da
1541 2744 1741 2842 Bouali'on,

314 2916 385 2995 per
401 2887 576 2965 homines
595 2887 698 2964 curia
717 2905 844 2965 nostre
863 2885 1141 2975 Ambianensis,
1158 2892 1226 2991 per'
1246 2885 1352 2990 quod
1364 2884 1434 2989 ipsi
1448 2882 1623 2960 homines
1638 2882 1744 2990 judi-

314 3034 439 3099 catum
468 2997 672 3124 quoddam
690 3016 830 3094 factum
856 3015 1089 3095 interdictas
1113 3032 1239 3127 partes
1258 3041 1329 3126 per
1346 3014 1744 3121 prepositumSaneti-

313 3150 497 3241 Richarii,
523 3148 603 3256 qui·
608 3148 841 3258 judicaverat
859 3147 1024 3257 legatum
1048 3146 1156 3254 quod·
1173 3139 1296 3223 dietus
1314 3144 1509 3252 presbyter
1535 3144 1669 3221 lecerat
1696 3144 1742 3221 de

314 3280 544 3388 quibusdam
573 3280 688 3357 rebus
717 3275 1000 3370 immobilibus,
1033 3277 1113 3355 sitis
1143 3276 1215 3354 sub
1247 3276 1347 3354 dicto
1378 3276 1554 3363 domino,
1582 3274 1743 3353 lohanni

315 3410 475 3489 lloustin
490 3428 529 3487 et
542 3413 682 3519 Burge,
700 3410 782 3517 ejus
795 3408 920 3500 uxori,
937 3437 979 3485 nc
995 3405 1146 3486 filiabus
1162 3431 1314 3494 eorum,
1332 3432 1412 3484 esse
1427 3423 1660 3484 contractum
1675 3406 1745 3485 do·-

315 3542 483 3619 naeionis
501 3559 540 3619 et
557 3569 635 3619 non
652 3536 899 3632 vendicionis,
921 3540 961 3616 in
980 3568 1091 3617 causa
1109 3536 1374 3647 appellaeionis
1389 3536 1590 3647 superbae
1603 3537 1652 3613 ad
1664 3534 1747 3613 bal-

316 3672 433 3751 livum
453 3671 744 3750 Ambianensem
762 3700 784 3748 a
802 3670 905 3749 dicto
926 3648 1323 3776 dominointerposite
1350 3667 1645 3760 infirmaverunt,
1665 3684 1746 3743 tan·
1857 3656 1866 3673 '

316 3832 430 3911 quam
451 3784 479 3880 'a
503 3803 596 3882 falso
622 3822 663 3882 et
681 3814 792 3909 pravo'
812 3802 861 3879 nd
880 3830 951 3881 nos
979 3800 1220 3911 appellasset,
1247 3812 1490 3907 peteretque,
1519 3814 1596 3876 tam
1619 3816 1746 3877 eontra

315 3934 461 4013 dictum
481 3936 680 4013 dominnm
693 3943 809 4041 quam
823 3950 953 4013 contra
966 3933 1087 4011 dictos
1104 3932 1296 4025 homines,
1310 3958 1380 4042 per
1392 3949 1559 4009 nostram
1574 3958 1745 4037 pronun-

316 4068 406 4145 ciari
426 4068 569 4145 curiam
588 4046 687 4144 male
701 4046 915 4177 judicatum
934 4044 1064 4143 eontra
1081 4092 1122 4143 se
1142 4090 1211 4173 per
1227 4064 1345 4141 dictos
1363 4062 1539 4141 homines
1553 4060 1687 4153 fuisse,
1708 4078 1746 4138 et

316 4226 356 4275 se
380 4198 480 4275 bene
507 4197 728 4305 appellasse3
756 4216 795 4275 et
820 4226 842 4275 e
868 4212 997 4275 contra
1022 4196 1153 4275 dictus
1172 4196 1349 4274 domiuus
1366 4223 1437 4302 pro
1457 4222 1496 4271 se
1513 4190 1746 4301 proponeret

317 4330 465 4415 dietum
482 4329 694 4437 judicatum
712 4357 788 4435 pro
808 4356 848 4405 se
867 4328 1007 4406 laetum
1028 4356 1108 4407 esse
1134 4327 1345 4435 legitimum
1371 4342 1408 4403 et
1432 4326 1597 4412 bonnm,
1618 4322 1746 4429 requi-

316 4488 406 4536 rens
433 4460 539 4566 quod
563 4470 760 4565 prooessus
783 4438 966 4566 sigillatus
985 4471 1101 4565 quem
1121 4456 1285 4535 babebat
1305 4456 1425 4533 dietus
1448 4453 1608 4531 ballivus
1633 4478 1747 4557 snper

319 4592 392 4669 hoc
406 4590 615 4683 videretur;
633 4590 798 4699 dictique
822 4576 1015 4696 homines,
1033 4616 1102 4697 pro
1118 4598 1223 4695 parte
1239 4614 1322 4675 sua,
1340 4582 1515 4692 pluribus
1532 4580 1747 4659 maioribus

317 4739 575 4828 proponerent
593 4720 738 4798 dietum
751 4721 967 4829 judiaatum
988 4746 1100 4797 suum
1121 4744 1202 4796 esse
1220 4715 1432 4826 legitimum
1452 4730 1562 4821 atque
1582 4714 1743 4803 bonum,

318 4868 357 4929 et
373 4851 588 4958 predictum
606 4851 860 4958 presbiterum
880 4851 978 4928 mala
997 4877 1113 4957 super
1132 4848 1207 4927 hoo
1225 4845 1454 4955 appellasse:
1476 4844 1668 4929 Tandem,
1686 4871 1746 4920 au·

267 4993 269 4996 ’
319 4982 410 5059 ditis
426 4981 599 5089 partibus
616 4981 706 5059 bino
724 4981 763 5059 et
781 4982 890 5073 inde,
911 4980 1073 5088 visisque
1087 5006 1266 5116 procepsu
1280 4977 1448 5084 predicto
1467 4993 1504 5052 et
1518 4968 1747 5082 quibusdam

366 5155 373 5184 ¹
397 5154 491 5239 Voyez
503 5177 531 5239 p.
546 5159 596 5223 dn.
