4450 6209
519 681 592 756 582
1100 675 1189 748 LES
1218 675 1358 749 OLIM.

292 835 421 890 Partim
434 834 477 898 tv,
571 819 679 902 Creci
698 817 911 924 reportavit.
1052 857 1061 872 =

352 927 415 970 1³1⁰.

573 1081 742 1162 LXXVII.
775 1079 857 1157 Lite
872 1093 990 1167 mota,
1006 1105 1132 1154 coram
1146 1075 1337 1184 preposito
1351 1076 1560 1166 Parisiensi,
1578 1076 1678 1153 inter
1689 1075 1939 1185 Reginaldmn

516 1213 681 1302 Barbou,
699 1210 907 1319 juniorem,
930 1224 968 1286 et
991 1207 1217 1288 Gamerinm
1240 1206 1288 1284 de
1312 1205 1561 1314 Trambloyo,
1586 1235 1632 1284 an
1656 1225 1762 1314 parte
1786 1237 1880 1296 una,
1902 1227 1939 1286 et

515 1345 632 1424 Adam
647 1344 798 1451 Coquin
818 1361 856 1420 et
875 1343 956 1450 ejus
976 1369 1133 1419 uxorem
1158 1369 1201 1418 ac
1224 1367 1356 1418 eorum
1373 1359 1584 1429 consortes,
1607 1369 1652 1418 ex
1669 1342 1806 1430 altera,
1828 1370 1936 1449 snper

516 1505 560 1555 eo
580 1476 685 1584 qnod
700 1475 791 1554 dicti
813 1471 1041 1580 Reginaldus
1060 1472 1209 1550 Barbou
1229 1488 1268 1550 et
1286 1469 1509 1560 Gamerius,
1529 1489 1702 1579 tempore
1722 1501 1854 1550 cursus
1874 1473 1937 1549 de·

513 1606 602 1684 bilis
634 1622 802 1694 monete,
836 1619 1120 1682 accensarerant
1145 1601 1347 1709 qnamdam
1380 1601 1540 1680 domum
1570 1631 1591 1679 a
1620 1603 1724 1681 dicto
1753 1601 1873 1680 Adam
1901 1621 1936 1680 et

515 1738 598 1844 ejus
626 1736 860 1815 consortibus
890 1735 1086 1840 predictis,
1114 1759 1185 1840 pro
1209 1733 1342 1841 majori
1369 1733 1496 1839 precio
1521 1759 1636 1840 quam
1661 1732 1816 1820 valeret,
1842 1752 1937 1812 tenr-

514 1894 606 1972 pore
626 1895 758 1944 cursus
774 1882 924 1943 monete
940 1863 1061 1952 fortis,
1081 1881 1125 1940 ut
1142 1863 1333 1951 dicebant,
1355 1880 1393 1939 et
1409 1862 1516 1970 quod
1529 1879 1696 1968 gravmos
1710 1891 1750 1940 se
1764 1863 1936 1941 dicebant

515 1999 553 2075 in
569 1998 828 2076 accensacione
842 1995 1025 2103 predicta,
1045 2011 1200 2100 propter
1217 2021 1370 2073 cursum
1387 2010 1538 2072 monete
1549 1993 1663 2087 ⁴sortis
1677 1995 1934 2101 supervenien-

513 2130 577 2215 tis,
597 2156 644 2204 eo
663 2127 767 2234 qarod
786 2125 984 2232 petebatur
1002 2124 1049 2202 ab
1070 2124 1160 2231 ipsis
1180 2124 1271 2202 solvi
1292 2124 1459 2230 predicta
1478 2123 1584 2202 [irma
1605 2126 1644 2200 in
1662 2123 1750 2202 forti
1766 2143 1930 2214 moneta,

514 2257 710 2362 petebant,
727 2256 938 2334 secundum
954 2255 1238 2333 ordinacionem
1255 2255 1398 2332 domini
1416 2257 1527 2362 Regis
1541 2284 1655 2361 super
1670 2256 1760 2345 boc,
1776 2273 1819 2333 ut
1837 2255 1933 2334 dicc-

514 2387 620 2475 bant,
637 2385 788 2477 factam,
809 2414 875 2492 per
895 2385 1038 2462 dictum
1055 2385 1289 2491 prepositum
1306 2402 1647 2490 temperamentum
1660 2387 1816 2492 apponi,
1834 2386 1931 2463 dicto

509 2517 633 2598 'Adam
650 2534 688 2596 et
708 2518 789 2624 ejus
802 2515 979 2622 predictis
1002 2516 1260 2603 consortibus,
1275 2515 1325 2591 ad
1338 2515 1454 2594 finem
1469 2517 1574 2623 quod
1590 2516 1735 2596 dictum
1749 2533 1932 2623 tempera-

516 2667 684 2727 mentum
700 2649 856 2726 minime
871 2675 986 2753 super
999 2647 1072 2725 boc
1091 2645 1175 2723 beri
1191 2645 1365 2734 deberet,
1379 2645 1506 2753 plura,
1521 2646 1640 2725 adsui
1654 2645 1929 2734 defensionem,

513 2779 830 2886 proponentibus,
853 2805 898 2855 ox
914 2777 1089 2864 adversm
1111 2776 1233 2854 dictus
1247 2777 1475 2882 prepositus,
1491 2777 1641 2884 cognito
1662 2776 1710 2855 de
1729 2777 1930 2884 premissis,

513 2910 771 3014 pronunciavit
781 2907 885 3015 quod
896 2924 1240 3012 temperamentum
1252 2907 1464 3013 predictum
1479 2935 1562 2986 non
1572 2925 1824 3014 apponeretur
1831 2908 1871 2984 iu
1882 2935 1933 2983 ao

514 3066 624 3116 censa
640 3039 806 3146 predicta
826 3065 872 3116 eo
893 3035 1011 3114 modo
1026 3065 1103 3144 quo
1121 3035 1243 3114 luerat
1256 3037 1434 3143 patitum3
1451 3066 1472 3114 a
1490 3065 1569 3144 quo
1584 3037 1741 3144 quidem
1751 3038 1929 3146 judicato,

458 3261 463 3274 1
513 3168 605 3246 dicti
625 3167 774 3248 Barbou
795 3183 833 3246 et
853 3165 1079 3255 Garnerius,
1107 3184 1300 3274 tamquam
1319 3197 1339 3244 a
1359 3168 1450 3245 falso
1477 3187 1516 3244 et
1542 3197 1674 3274 pravo,
1704 3169 1753 3247 ad
1770 3185 1932 3248 nostum

513 3300 655 3378 curiam
674 3298 910 3406 appellammt
924 3329 933 3374 s
948 3299 1045 3378 Visis
1060 3299 1177 3404 igitur
1194 3299 1432 3404 processibus
1450 3301 1566 3406 partis
1578 3300 1774 3407 utriusque
1792 3317 1831 3378 et
1849 3299 1932 3376 dili·

512 3446 644 3538 genter
664 3430 894 3519 examinatis,
911 3457 980 3536 per
994 3430 1096 3508 curie
1112 3447 1239 3508 nostre
1250 3429 1456 3538 judicium,
1475 3430 1620 3508 dictarm
1634 3429 1707 3508 fnit
1721 3429 1930 3536 predictum

512 3561 745 3669 prepositum
759 3561 858 3638 male
879 3560 1143 3666 pronunciasse
1160 3577 1199 3637 et
1217 3559 1338 3639 dictos
1356 3560 1585 3668 appellantes
1601 3561 1700 3640 bene
1714 3560 1930 3669 appellasse,

513 3707 551 3765 et
577 3691 681 3796 quod
708 3719 819 3797 super
848 3691 948 3768 dicto
972 3708 1288 3796 temperamento,
1317 3693 1484 3798 partibus
1508 3693 1665 3782 auditis,
1696 3693 1799 3772 curia
1828 3690 1932 3768 faciet

509 3819 661 3924 justicie
680 3822 1009 3927 complementum.

571 3949 671 4026 Iovis
685 3967 770 4027 ante
785 3951 1068 4028 Pentbecosten.
1136 4017 1140 4020 .

567 4077 676 4155 Greci
690 4078 900 4183 reportarit.

569 4208 759 4298 Preterea‚
775 4235 845 4316 pro
857 4208 961 4288 bono
977 4211 1092 4318 pacis,
1107 4211 1180 4289 luit
1194 4213 1428 4303 ordinatum,
1444 4241 1513 4320 per
1526 4214 1674 4322 aliquos
1686 4215 1735 4292 de
1750 4214 1931 4322 magistris

513 4339 630 4430 ctuie,
653 4339 701 4417 de
716 4339 874 4448 negocio
891 4340 1076 4446 predicto,
1094 4370 1164 4419 nec
1182 4342 1467 4422 ordinacionem
1487 4344 1621 4434 habui,
1642 4362 1681 4423 et
1697 4343 1792 4422 facta
1809 4344 1880 4422 luit
1893 4345 1930 4420 in

512 4467 762 4573 parlamentn,
784 4498 882 4548 anno
901 4473 1165 4552 trecentesimo
1184 4474 1424 4553 duodecimo.

569 4731 755 4810 LXXVIII.
787 4733 884 4811 Cum
898 4734 1008 4812 nobis
1019 4735 1261 4842 supplicasset
1273 4737 1404 4816 Dulcia
1417 4737 1464 4815 de
1475 4738 1694 4827 Cambellis,
1707 4738 1795 4817 citis
1806 4739 1929 4818 Catiu-

515 4859 649 4947 ccnsis,
664 4863 770 4967 quod
783 4863 1012 4972 inquestam,
1029 4893 1097 4972 per
1109 4865 1282 4946 consules
1294 4885 1333 4946 et
1343 4869 1522 4948 vicarium
1531 4871 1789 4960 caturcenses,
1806 4885 1930 4949 contn

515 5017 613 5078 eam,
640 5018 684 5067 ex
707 4991 830 5071 officio
850 5022 937 5087 suo,
961 5023 1073 5103 super
1095 4997 1261 5105 quodam
1281 5000 1438 5078 crimine
1458 5001 1599 5109 dequo
1621 5000 1830 5080 habebatur
1851 5028 1930 5078 sus-
