4450 6209
673 714 679 721 ’
766 735 1037 846 ssouerrs
1063 757 1128 837 nr
1155 743 1359 833 mosas.
1701 764 1773 839 ros

405 897 506 977 lovis
520 913 608 1004 post
623 895 756 976 Letnre
771 897 990 977 Jerusalem.

406 1027 609 1113 Mellentus
624 1030 836 1137 reperavit.

407 1294 568 1374 Lllell.
597 1292 736 1373 Audita
758 1295 997 1403 querimonia
1017 1296 1172 1405 majoris
1193 1316 1232 1375 et
1249 1298 1465 1408 juratorum
1488 1298 1576 1381 ville
1594 1299 1642 1379 de
1664 1300 1779 1383 Com-

350 1425 509 1532 pendio,
522 1441 561 1503 et
568 1425 727 1532 insuper
734 1425 1009 1506 nonnullorum
1019 1426 1262 1527 subditorum
1273 1429 1512 1537 prepositure
1529 1429 1728 1511 Belvacinii
1744 1453 1780 1512 et

352 1553 401 1633 de
413 1556 668 1663 Compendio,
689 1558 1010 1667 conquerencium
1031 1558 1080 1637 de
1093 1558 1294 1668 Radulpho
1317 1561 1366 1639 de
1382 1562 1572 1655 Farniers,
1589 1565 1780 1672 preposito

352 1685 548 1765 firmarum
561 1686 653 1765 dieti
666 1686 755 1778 loci,
770 1706 809 1767 et
821 1690 1073 1769 asserentium
1090 1691 1258 1773 eundem
1270 1694 1326 1787 R„
1342 1692 1473 1772 multis
1486 1692 1610 1774 modis
1623 1694 1777 1783 illicitis,

300 1896 304 1906 ,
350 1816 399 1896 ab
414 1816 557 1895 eisdem
572 1816 702 1937 plures
716 1819 876 1927 pecunie
889 1850 1056 1901 mammas
1074 1823 1288 1912 extorsisse,
1310 1841 1348 1901 et
1368 1826 1470 1931 ipsos
1491 1824 1781 1933 quamplurimis

351 1946 501 2055 injuriis
514 1966 553 2026 et
567 1949 876 2056 oppressionibus
889 1980 1121 2061 aggravasse,
1132 1953 1218 2063 jura
1233 1953 1350 2033 esiam
1367 1956 1513 2033 domini
1525 1955 1636 2064 Regis
1649 1984 1719 2064 per
1731 1958 1782 2065 ip

350 2106 435 2160 sum
453 2082 496 2157 R.
517 2078 777 2187 multiplieiter
794 2101 974 2190 usurpata
986 2082 1123 2177 'brisse,
1142 2111 1257 2193 super
1271 2086 1481 2193 premissis,
1496 2086 1673 2197 magistro
1690 2086 1784 2166 Mar.

350 2210 431 2292 tino
450 2210 498 2291 de
514 2210 664 2319 Crepon
678 2225 716 2291 et
727 2213 890 2293 Henrico
908 2215 1130 2307 Trousselli,
1150 2216 1261 2294 militi
1285 2217 1430 2296 domini
1451 2219 1577 2328 Regis,
1593 2218 1665 2296 suit
1680 2248 1782 2297 eom-

352 2344 508 2424 missum
523 2344 717 2423 veritatem
736 2344 876 2453 inquiri
888 2364 930 2424 et
944 2347 1048 2426 curie
1067 2364 1195 2425 nostre
1212 2346 1375 2438 rellerri,
1394 2366 1432 2426 et
1445 2350 1715 2428 nichilominus
1728 2352 1781 2429 eis

352 2472 564 2583 injunctum
579 2476 703 2583 quod,
719 2476 925 2584 peripsum
934 2477 1170 2585 prepositum
1183 2477 1389 2556 oonlsssata
1404 2477 1463 2557 vel
1472 2477 1617 2587 liquide
1627 2480 1782 2588 probata

352 2632 477 2688 eoram
502 2606 573 2696 eis,
599 2607 747 2687 restitui
767 2606 937 2709 lacerent
959 2608 1117 2687 indilate
1136 2640 1145 2687 a
1166 2608 1348 2699 Demum,
1375 2610 1547 2716 inquesta
1570 2640 1640 2718 per
1663 2606 1782 2690 diulus

352 2738 642 2830 sommiasarios,
659 2739 797 2819 uocans
813 2740 1001 2847 partibus,
1016 2768 1131 2849 super
1147 2740 1221 2819 hiis
1235 2738 1328 2819 faota
1346 2756 1384 2819 et
1400 2757 1527 2819 nostra
1542 2742 1645 2819 curie
1660 2770 1784 2849 repor-

352 2888 443 2960 tata,
461 2870 537 2949 risa
556 2889 595 2949 et
611 2870 814 2978 diligenter
832 2872 1057 2963 examinata,
1075 2872 1263 2980 pereurie
1287 2890 1414 2951 nostre
1429 2872 1618 2981 judicium
1639 2873 1782 2951 dietum

353 3000 425 3081 luit
437 3003 559 3111 quod,
576 3031 646 3111 pro
660 3003 953 3096 extorsionibus,
974 3004 1150 3112 dampnis
1167 3022 1207 3082 et
1225 3003 1533 3112 oppressionibus
1552 3034 1620 3114 per
1640 3003 1782 3085 dictum

351 3134 588 3242 prepositum
602 3133 732 3227 illatis,
748 3135 996 3213 restituentur
1006 3136 1270 3243 personisque
1287 3154 1482 3244 sequntur,
1500 3137 1547 3214 de
1564 3136 1676 3215 bonis
1693 3137 1782 3215 dieti

352 3265 552 3373 prepositi,
567 3264 745 3364 videlieet
759 3264 889 3343 relicte
907 3283 947 3342 et
963 3265 1172 3344 heredibus
1187 3264 1231 3345 G.
1253 3267 1300 3344 de
1316 3260 1494 3356 Prurino,
1512 3297 1627 3376 quem
1644 3269 1782 3377 injuste

354 3394 442 3478 lenit
456 3395 706 3503 questionari,
723 3412 875 3477 centnm
889 3395 987 3473 libre
999 3395 1224 3473 Parisienses
1235 3397 1336 3473 bone
1352 3413 1526 3487 monete;
1543 3398 1651 3487 item,
1665 3399 1782 3504 priori

1814 913 1944 970 Perenne
1957 916 2000 981 lv,

1877 1008 1939 1053 taos.

356 3525 719 3637 Sancti-Leodegarii
737 3526 984 3635 qradraginta
997 3525 1110 3605 solidi
1125 3527 1351 3605 Parisienses
1365 3526 1466 3604 hone
1482 3545 1657 3618 monete;
1674 3529 1782 3621 item,
1886 3528 1888 3533 ’

357 3658 518 3741 Murano
531 3657 684 3748 Gaarel,
702 3686 821 3737 unum
835 3657 1010 3736 modium
1024 3684 1156 3749 avenes
1175 3658 1339 3736 iohanni
1353 3659 1520 3749 Gaunes,
1537 3658 1669 3736 decem
1689 3659 1784 3738 libre

356 3789 581 3873 Parisienses
596 3790 890 3879 bonomonete,
909 3788 942 3866 si
957 3788 1087 3897 jurare
1105 3788 1268 3867 voluerit
1286 3816 1325 3867 se
1345 3788 1655 3898 dampnificatum
1670 3789 1784 3869 fuisse

356 3922 396 4001 in
414 3933 584 4013 tantum;
601 3924 710 4011 item,
727 3922 898 4001 Huberto
915 3922 964 4001 de
980 3921 1122 4011 Uneul‚
1140 3950 1259 4001 unum
1278 3921 1452 4001 modium
1467 3948 1582 3999 avene
1600 3940 1638 4001 et
1653 3923 1785 4002 decem

357 4052 453 4133 libre
470 4052 696 4132 Parisienses
713 4050 814 4133 bone
833 4071 1003 4143 monete,
1026 4081 1096 4161 pro
1114 4053 1287 4161 dampnis
1307 4053 1400 4144 suis,
1423 4054 1452 4133 si
1475 4053 1577 4131 idem
1596 4053 1786 4132 Hubertus

357 4211 398 4262 se
415 4184 455 4262 in
474 4200 623 4263 mutum
642 4181 951 4289 dampnificatum
968 4182 1083 4261 brisso
1097 4184 1225 4292 jurare
1244 4183 1428 4274 voluerit3
1450 4183 1625 4261 Michaeli
1648 4184 1788 4262 Kenes-

357 4316 427 4405 tel,
447 4332 534 4395 octo
558 4314 654 4393 libre
676 4314 809 4393 decem
829 4313 941 4393 solidi
961 4314 1186 4415 Parisienses
1206 4314 1305 4393 bone
1325 4332 1498 4407 monete,
1516 4341 1560 4391 er
1575 4340 1651 4389 una
1664 4332 1783 4420 parte,

360 4464 413 4539 et,
432 4476 477 4527 ex
496 4445 567 4525 alis
586 4464 710 4554 parte,
733 4475 795 4525 sex
816 4446 912 4524 libre
932 4444 1070 4524 debilis
1088 4463 1263 4536 monete,
1281 4474 1349 4554 pro
1367 4445 1541 4553 expensis
1561 4444 1657 4537 suis,
1675 4445 1784 4536 item,

359 4577 559 4688 leprosarie
573 4578 621 4657 de
637 4580 784 4668 Mauso,
800 4578 990 4685 octoginta
1003 4576 1101 4655 libre
1118 4577 1344 4655 Parisienses
1359 4574 1495 4655 debilis
1510 4590 1663 4653 monete
1675 4608 1685 4667 ς
1699 4576 1788 4655 Fre-

360 4710 503 4789 mondo
524 4710 571 4788 de
587 4709 714 4801 Ulmo,
730 4710 975 4819 quadraginta
991 4707 1102 4787 solidi
1118 4708 1344 4787 Parisienses
1363 4707 1464 4785 bone
1483 4724 1659 4799 monete,
1675 4707 1784 4801 item,

362 4840 554 4947 Stephano
574 4841 689 4920 Hsale
709 4841 758 4919 de
782 4840 1006 4920 Heulioourt
1025 4858 1065 4919 et
1087 4840 1198 4919 sociis
1223 4839 1317 4928 suis,
1339 4856 1426 4917 ooto
1449 4837 1544 4915 libre
1563 4837 1788 4918 Parisienses

361 4973 462 5051 bone
484 4989 654 5063 monete,
680 4991 734 5063 et,
758 5002 828 5081 pro
854 4971 1026 5079 dampnis
1048 4972 1143 5061 suis,
1167 4968 1410 5081 qnadraginta
1432 4968 1543 5050 solidi
1565 4970 1788 5077 Parisienses

361 5103 462 5183 bone
481 5120 651 5195 monete,
666 5104 698 5183 si
712 5105 841 5213 jurare
855 5104 1045 5183 voluerint
1063 5104 1201 5182 dictam
1218 5130 1423 5193 summam3
1443 5102 1552 5194 item,
1570 5101 1722 5179 Matheo
1741 5101 1786 5177 de

470 5280 523 5323 sss
544 5280 625 5324 ossas.
649 5282 695 5325 ιιι.
1622 5257 1660 5339 59
