4450 6209
522 718 569 789 to
1105 712 1195 785 Les
1220 712 1361 786 OLIM.

295 866 425 921 Pnum
439 866 481 929 Ν,
576 859 620 937 V.
652 860 826 963 lnquesta
849 880 920 962 pro
943 850 1151 931 Guillelmo
1177 853 1225 931 de
1254 854 1440 943 Damam,
1472 851 1690 942 domicello,
1715 881 1827 960 super
1850 884 1936 963 qua-

357 958 418 1001 ¹⁸⁰¹'
522 988 609 1065 dam
629 986 878 1067 associacione
898 984 992 1061 facta
1010 984 1110 1072 inter
1128 1010 1217 1062 suos
1230 984 1512 1091 predecessores
1528 1001 1567 1061 et
1580 982 1773 1091 quondam
1789 986 1935 1063 Francis

520 1148 667 1228 regem,
688 1117 783 1195 lacta
802 1146 870 1224 per
893 1115 1133 1193 castellanum
1155 1117 1203 1194 de
1223 1114 1439 1207 Hermeinc,
1462 1115 1510 1193 de
1530 1114 1706 1192 mandato
1729 1114 1856 1195 ballivi
1874 1116 1936 1193 Ar·

519 1250 663 1339 seroie,
685 1250 751 1355 qui
771 1246 1077 1325 commissionem
1097 1244 1244 1323 domini
1265 1246 1374 1354 Regis
1394 1271 1508 1352 super
1525 1244 1819 1351 hocreceperat‚
1837 1275 1938 1352 prop·

519 1400 578 1459 ter
597 1380 678 1487 ejus
702 1378 883 1457 deffectus
903 1404 981 1455 non
1000 1376 1072 1453 luit
1085 1376 1268 1482 judicata,
1292 1394 1330 1453 et
1356 1375 1515 1453 maxime
1534 1404 1604 1481 pro
1624 1404 1670 1453 eo
1697 1376 1803 1481 quod
1823 1377 1935 1455 dictus

519 1510 678 1589 ballivus
696 1538 776 1587 non
794 1508 922 1616 potuit
940 1507 1196 1597 committere,
1217 1535 1287 1585 nec
1302 1522 1454 1613 apparet
1470 1506 1576 1613 quod
1592 1505 1645 1585 ibi
1668 1524 1819 1585 vocatus
1832 1506 1937 1586 fuerit

519 1640 655 1749 aliquis
673 1666 743 1745 pro
763 1638 921 1716 domino
941 1640 1054 1744 Rege.

577 1769 740 1850 Sabbato
761 1787 847 1874 post
863 1767 1098 1844 Nativitatem
1119 1767 1284 1845 Domini.

577 1905 625 1979 Et
644 1900 737 1977 dixit
759 1900 862 1977 curia
880 1899 986 2005 quod
1004 1898 1221 1977 commissio
1242 1898 1331 1977 dicti
1351 1896 1548 1977 Guiltetmi
1569 1926 1683 2005 super
1700 1900 1774 1977 hoc
1794 1930 1861 2007 per
1880 1930 1937 1977 cu-

521 2033 616 2107 riam
637 2058 714 2108 non
733 2028 986 2108 renovabitur.

578 2293 640 2371 Vl.
672 2293 758 2369 Visa
783 2293 974 2398 inquens,
1000 2290 1048 2369 ad
1072 2291 1292 2369 instanciam
1316 2291 1467 2369 llenrici
1490 2291 1539 2367 de
1561 2290 1678 2371 Bobic
1696 2290 1810 2381 lacta,
1832 2320 1937 2397 super

523 2423 753 2529 quibusdam
771 2420 1000 2527 attemptatis
1018 2439 1104 2527 post
1123 2420 1419 2527 appellacionem
1440 2420 1487 2496 ab
1510 2421 1591 2527 ipso
1614 2422 1872 2526 interpositam
1897 2422 1939 2497 de

523 2555 662 2661 quibus
691 2551 994 2661 conquerebatur
1023 2553 1069 2630 de
1093 2552 1269 2659 episcopo
1297 2550 1503 2643 Leonensi,
1533 2552 1729 2630 inventum
1757 2568 1815 2629 est
1843 2552 1940 2658 quod

523 2687 618 2792 ipse,
633 2702 718 2791 post
730 2682 1028 2791 appellacionem
1043 2712 1168 2770 suam,
1184 2682 1382 2759 desaisitus
1395 2680 1467 2759 fuit
1478 2681 1527 2758 de
1539 2682 1769 2788 quibusdam
1784 2682 1894 2759 terris
1908 2698 1941 2757 et

522 2815 634 2893 bonis
650 2844 719 2921 per
733 2832 863 2922 gentes
877 2814 967 2890 dicti
984 2813 1166 2919 episcopi,
1186 2829 1225 2890 et
1241 2813 1346 2919 quod
1366 2812 1445 2919 ipse
1460 2813 1644 2893 llenricus
1657 2830 1743 2921 post
1760 2812 1861 2890 eade
1876 2814 1941 2889 die

523 2947 572 3022 tis
585 2942 696 3021 terris
716 2960 753 3020 et
769 2943 880 3021 bonis
898 2941 972 3019 fuit
987 2942 1194 3033 resaisitus;
1213 2943 1316 3021 unde
1335 2944 1554 3022 mandatum
1575 2961 1631 3022 est
1651 2943 1736 3021 duci
1756 2944 1940 3021 Britannia

525 3075 630 3183 quod
648 3074 827 3150 eumdem
845 3073 1051 3150 Henricum
1068 3102 1184 3151 manu
1204 3090 1333 3153 teneat
1350 3074 1390 3149 in
1408 3073 1540 3151 saisina
1563 3102 1649 3165 sna,
1674 3074 1864 3180 pendente
1884 3101 1941 3177 ap

525 3204 734 3312 pellacione
750 3203 936 3313 predicta,
959 3234 1029 3281 nec
1046 3205 1241 3312 permittat
1258 3204 1403 3311 aliquid
1421 3221 1548 3283 contra
1566 3232 1653 3283 enm
1672 3205 1883 3311 attemptari
1904 3202 1938 3277 in

524 3335 778 3445 prejudicium
797 3334 1063 3442 appellacionis
1078 3336 1260 3442 predicte.

580 3469 738 3547 Veneris
755 3484 841 3574 post
851 3465 1086 3545 Nativitatem
1098 3465 1268 3543 Domini.

582 3731 658 3808 Vll.
687 3727 991 3836 ThomasEgidii
1004 3727 1242 3819 devictam,
1260 3756 1374 3835 super
1387 3746 1509 3807 morte
1523 3729 1711 3817 dohanas,
1725 3727 1851 3807 uxoris
1861 3754 1937 3814 sne,

525 3860 615 3947 luit,
643 3874 830 3965 quantum
846 3857 894 3933 ad
912 3858 1070 3949 curiam,
1099 3858 1311 3950 absolutus,
1339 3876 1454 3965 prout
1479 3858 1518 3936 in
1542 3858 1668 3938 rotulo
1690 3858 1806 3966 hujus
1831 3856 1940 3964 parla-

528 3989 647 4067 menti
668 3987 819 4094 plenius
839 3988 1067 4067 continetur.

585 4121 627 4197 ln
641 4120 802 4198 crastino
821 4118 1042 4227 Epiphanie.

584 4386 674 4463 Vlll.
705 4382 792 4464 Visa
810 4381 1081 4461 informacione
1106 4409 1175 4488 per
1191 4382 1439 4463 senescallum
1457 4383 1711 4462 Pictavensem
1726 4380 1821 4459 facta
1838 4407 1942 4485 super

527 4516 661 4594 saisina
682 4514 755 4593 alte
777 4515 929 4623 justicie
947 4515 1240 4605 Lemovicensis‚
1262 4517 1406 4594 dictum
1429 4514 1517 4607 fuit,
1536 4542 1605 4621 per
1623 4529 1808 4591 anesum
1827 4510 1941 4597 curie,

527 4646 631 4751 quod
652 4646 750 4723 dicta
773 4645 1011 4735 informacio‚
1030 4663 1187 4752 propter
1209 4645 1290 4752 ejus
1311 4645 1508 4736 deffectus,
1528 4672 1606 4721 non
1617 4642 1864 4752 judicabitur,
1884 4637 1945 4719 sed

528 4776 661 4853 iterato
678 4775 744 4853 fiet
764 4777 813 4852 ad
827 4793 974 4854 certum
993 4775 1128 4868 finem,
1148 4794 1261 4884 prout
1281 4776 1494 4855 continetur
1509 4776 1661 4882 plenius
1675 4775 1715 4853 in
1732 4774 1861 4853 rotulo
1878 4775 1944 4853 hu·

525 4907 588 5014 jus
604 4906 838 5013 parlamenti.

584 5036 683 5113 Jovis
699 5054 786 5141 post
801 5034 952 5115 octabas
969 5036 1190 5143 Epiphanio.
