4450 6209
737 722 1005 830 anunrss
1029 736 1095 811 nr
1121 719 1328 813 proces,
1672 744 1743 816 527

323 882 476 963 cosdem
494 878 677 990 impediat
696 882 744 959 de
764 898 891 959 cetero
909 881 950 957 in
965 879 1098 958 saisina
1112 877 1301 987 predicta,
1324 897 1362 957 et
1381 881 1485 987 quod
1506 881 1603 958 dicta
1621 908 1744 961 recre-
1780 907 1911 962 rurum
1923 904 1967 971 lv,

321 1015 454 1094 dencia
473 1014 563 1121 ipsis
571 1014 625 1091 -ad
641 1012 959 1091 deliberacionem
973 1029 1218 1105 convertatur,
1240 1012 1338 1089 salva
1357 1012 1554 1119 questione
1573 1013 1745 1119 proprie-

320 1147 425 1236 tatis,
447 1172 562 1253 super
581 1144 670 1235 hoc,
692 1145 868 1251 episcopo
884 1140 1066 1251 predicto.

376 1276 478 1355 lovis
493 1293 582 1383 post
598 1272 862 1354 Reminiscere.

333 1429 337 1438 '
376 1400 539 1516 Mangon
558 1408 769 1514 reportavit.

1842 1000 1904 1042 1³10.

375 1668 501 1759 XXVI.
532 1667 616 1747 Lite
630 1687 748 1764 mota,
766 1669 806 1744 in
817 1668 921 1745 curia
932 1666 1090 1745 seculari
1102 1667 1234 1747 decani
1249 1684 1287 1745 et
1300 1666 1452 1775 capituli
1465 1669 1744 1776 Sancti-Reguli

317 1796 619 1891 silvanectensis,
649 1799 750 1875 inter
775 1814 1054 1904 procuratorem
1077 1796 1215 1905 prioris
1240 1816 1276 1875 et
1301 1814 1504 1876 conventus
1528 1803 1743 1879 monasterii

317 1926 634 2005 Smcti-Mauricii
650 1926 821 2035 ejusdem
836 1927 925 2016 loci,
947 1926 1103 2005 nomine
1119 1928 1303 2034 ipsorum,
1326 1956 1369 2005 ex
1384 1946 1596 2035 unaparte,
1613 1950 1651 2007 et
1666 1933 1745 2009 Ma-

315 2058 427 2147 riam,
441 2054 599 2153 uxorem
620 2059 797 2135 Bertaudi
814 2058 853 2137 le
872 2059 1093 2137 Coustnrier
1112 2074 1151 2136 et
1166 2058 1307 2136 dictum
1326 2061 1574 2152 Bertaudum,
1591 2061 1744 2139 Ysabcl-

315 2187 403 2278 lim,
426 2188 627 2295 conjugem
646 2188 748 2264 Petri
769 2190 937 2275 Leclerc,
961 2205 999 2264 et
1021 2190 1145 2294 ipsum
1170 2191 1341 2279 Petrum,
1372 2218 1414 2266 ex
1438 2189 1573 2280 alters3
1595 2193 1744 2270 dicebat

313 2336 537 2424 procurator
564 2318 753 2394 dictorum
779 2318 1058 2425 religiosorum,
1087 2319 1241 2395 nomine
1269 2346 1346 2425 quo
1372 2346 1501 2423 supra,
1527 2321 1742 2427 quodcum

314 2450 410 2527 olim
430 2451 620 2528 lohannes
637 2450 760 2528 dicum
773 2447 1002 2526 Malebaesse
1023 2465 1062 2524 et
1080 2448 1257 2537 Odelins,
1281 2448 1362 2555 ejus
1382 2444 1486 2538 uxor,
1512 2449 1609 2529 cives
1630 2452 1743 2530 Silve-

310 2596 533 2672 nectenses,
549 2578 728 2686 ‘tempore
751 2607 829 2685 quo
848 2579 1036 2669 vivebant,
1064 2594 1242 2656 tenerent
1262 2594 1299 2655 et
1325 2578 1562 2685 possiderent
1581 2583 1742 2687 quedam

310 2711 567 2822 bereditagia,
586 2729 763 2817 tanquam
787 2739 922 2789 eorum
946 2711 1096 2817 propria
1118 2711 1223 2788 etde
1244 2711 1414 2817 ipsorum
1434 2711 1636 2820 conjugum
1654 2744 1743 2820 pro-

313 2846 400 2951 prio
415 2860 625 2951 conquestu
646 2843 857 2932 existencia,
881 2842 928 2920 de
949 2841 1089 2949 quibus
1109 2842 1203 2921 lacta
1220 2840 1293 2918 fuit
1311 2842 1487 2931 ostensio,
1510 2860 1548 2921 et
1563 2843 1634 2949 ipsi
1651 2874 1741 2923 con·

310 2977 437 3084 juges,
460 2992 613 3082 propter
627 2974 802 3053 affectum
820 3002 935 3082 quem
950 2973 1139 3051 habebant
1158 2974 1206 3051 ad
1220 2970 1413 3051 ecclesiam
1428 2974 1740 3056 Sancti-Mauricii

314 3107 615 3197 Silvanectensis,
640 3107 741 3183 dicta
754 3105 856 3183 bona
875 3105 1109 3185 donaverunt
1128 3122 1167 3183 et
1186 3122 1451 3183 concesserunt
1477 3105 1630 3184 ecclesie
1655 3136 1741 3215 pre-

314 3238 428 3326 dicte,
450 3255 490 3315 et
503 3239 542 3313 in
557 3264 641 3315 eam
656 3256 799 3315 extunc
812 3237 851 3312 in
863 3252 1101 3343 perpetuum,
1119 3235 1327 3314 donacione
1343 3234 1437 3313 facta
1453 3236 1741 3316 irrevocabiliter

312 3369 418 3444 inter
434 3369 535 3447 vivos
554 3386 593 3445 et
609 3366 724 3445 titulo
751 3365 985 3454 donacionis,
1006 3365 1280 3444 transtulerunt
1302 3365 1525 3443 eommdem
1548 3366 1739 3445 bonorum

314 3500 548 3592 dominium,
564 3500 841 3607 possessionem
857 3515 896 3574 et
909 3497 1177 3603 proprietatem
1194 3524 1268 3601 que
1285 3494 1472 3573 hebebant
1484 3496 1523 3572 in
1536 3494 1647 3575 bonis
1661 3528 1742 3605 pre·

314 3630 442 3720 dictis,
463 3625 613 3708 retento
632 3631 723 3736 ipsis
746 3628 970 3736 conjugibus
994 3644 1032 3703 et
1054 3629 1181 3716 Petro,
1205 3652 1336 3702 eorum
1358 3624 1458 3716 filio,
1484 3625 1680 3707 usufructu
1700 3632 1740 3707 iu

314 3762 425 3840 dietis
443 3761 572 3851 bonis,
595 3760 778 3867 quamdiu
803 3758 875 3864 ipsi
893 3757 953 3835 vel
972 3756 1067 3833 alter
1084 3756 1255 3862 ipsorum
1271 3756 1452 3848 viverent,
1472 3774 1549 3833 tam
1566 3762 1743 3867 conjunc-

310 3894 384 3970 tim
404 3918 518 3997 quem
542 3889 707 3979 divisim,
730 3906 769 3966 et
790 3905 1057 3994 postmortem
1077 3885 1183 3965 illius
1206 3914 1322 3993 quem
1346 3886 1482 3965 ultimo
1507 3888 1742 3999 contingeret

315 4019 516 4108 decedere,
532 4016 764 4096 consolidato
774 4015 972 4095 usufructu
982 4046 1071 4095 cum
1084 4019 1326 4124 proprietate,
1343 4016 1556 4096 dominium
1570 4019 1740 4126 ipsorum

312 4152 506 4241 bonorum
523 4150 571 4227 ad
587 4148 777 4255 predictos
797 4140 962 4253 priorem
977 4166 1017 4225 et
1028 4165 1256 4225 conventum
1273 4165 1454 4226 eteorum
1470 4152 1739 4227 monasterium

316 4280 577 4360 devolveretur
598 4278 713 4384 pleno
726 4279 812 4386 jure
828 4312 838 4368 3
860 4277 1009 4356 dicebat
1031 4278 1146 4354 eciam
1169 4277 1290 4356 dictus
1308 4295 1530 4383 procurator
1548 4280 1653 4384 quod
1671 4282 1741 4357 Pe-

312 4431 411 4501 trus,
434 4412 624 4489 dictorum
648 4410 852 4519 conjugum
877 4406 996 4498 lilius,
1017 4423 1284 4514 postmortem
1308 4407 1489 4487 Johennis
1512 4408 1739 4487 Malebeasse

316 4562 354 4620 et
377 4542 495 4651 ipsius
514 4542 659 4630 uxoris,
677 4558 858 4648 tanquam
884 4539 995 4617 heres
1017 4539 1186 4647 ipsorum
1212 4537 1435 4645 conjugum,
1462 4537 1598 4615 dictam
1626 4540 1742 4617 done-

317 4673 464 4751 cionem
481 4672 697 4780 approbavit
716 4686 754 4749 et
768 4688 885 4749 ratam
900 4669 1049 4759 habuit,
1070 4686 1108 4745 et
1122 4666 1353 4747 renunciavit
1367 4667 1470 4745 omni
1485 4666 1564 4777 juri
1583 4669 1740 4750 dominii

318 4819 356 4880 et
363 4804 601 4910 proprietatis
616 4804 656 4881 in
669 4802 813 4881 eisdem
826 4802 954 4892 bonis,
969 4819 1024 4892 et,
1042 4828 1086 4879 ex
1100 4799 1351 4891 habundanti,
1368 4818 1649 4909 procuratorem
1663 4801 1740 4879 dic-

316 4952 444 5013 torum
460 4934 735 5043 religiosorum,
754 4934 907 5014 nomine
927 4934 1114 5041 ipsorum,
1138 4930 1185 5010 de
1206 4932 1259 5009 eis
1275 4932 1461 5011 investivit
1479 4960 1547 5039 por
1564 4933 1742 5012 tradicio-

318 5089 407 5145 nem
429 5064 697 5158 sufficientem,
717 5084 757 5147 et
774 5066 931 5173 pluries,
949 5094 1073 5145 coram
1091 5063 1221 5172 probis
1240 5064 1407 5171 predicta
1426 5065 1641 5173 recognovit
1661 5090 1755 5141 esse*
