4450 6209
753 706 1022 816 nnounnns
1048 724 1112 796 nn
1139 704 1345 797 pnocns.
1685 715 1759 791 579

342 869 412 950 sihi
433 868 622 976 justiciam
646 867 854 957 exhiberet,
880 867 1006 973 ipsum
1024 883 1153 944 manen
1180 863 1351 943 indebite
1374 863 1559 940 recusarit
1579 861 1757 944 liberare,
1799 860 1984 994 ΡΙἪΝ,

340 1027 538 1108 quousque
558 998 661 1076 idem
679 999 882 1088 lohannes,
904 998 938 1074 vi
960 1012 998 1075 et
1020 1014 1126 1075 metu
1147 995 1325 1103 prisionis
1344 992 1579 1102 hujusmodi,
1598 1019 1685 1069 cum
1705 1017 1763 1065 ca-

322 1130 489 1238 'pellano
519 1128 607 1206 dicti
630 1128 773 1219 ballivi,
802 1129 851 1250 de
876 1145 1028 1208 centum
1052 1144 1090 1205 et
1115 1127 1361 1236 quadraginta
1378 1122 1484 1206 libris
1503 1122 1633 1200 finavit
1656 1119 1761 1200 etde

340 1261 431 1366 ipsis
454 1259 630 1337 satisfecit
653 1259 797 1348 eidem,
819 1277 862 1337 ut
881 1257 988 1346 dicit,
1015 1275 1053 1336 et
1076 1286 1146 1336 nos
1170 1285 1284 1364 super
1301 1255 1484 1363 predictis
1501 1271 1540 1331 et
1557 1281 1670 1360 super
1688 1250 1762 1326 hiis

340 1392 459 1468 eciam
479 1418 554 1497 quc
575 1390 697 1468 dictus
716 1389 890 1479 ballivus,
913 1407 1040 1468 contra
1061 1389 1275 1495 predictum
1299 1388 1527 1475 lohannem,
1551 1409 1763 1492 proponere

341 1520 468 1611 vellet,
488 1535 524 1598 et
540 1521 676 1628 quade
692 1549 800 1599 causa
816 1549 904 1599 eum
920 1519 1087 1597 tenuerit
1101 1520 1142 1595 in
1157 1520 1344 1626 prisione,
1360 1546 1403 1594 ac
1417 1544 1532 1623 super
1548 1539 1682 1592 eornm
1698 1513 1766 1588 cir·

340 1651 560 1728 constanciis
586 1651 769 1729 universis
791 1650 931 1758 inquiri
956 1650 1212 1727 mandavimus
1235 1649 1450 1737 veritatem
1475 1647 1565 1724 hinc
1584 1661 1640 1722 est
1659 1643 1765 1751 quod

341 1782 529 1889 inquesita,
554 1781 797 1860 demandato
817 1797 958 1868 nostro,
976 1779 1070 1857 facta
1087 1807 1201 1886 super
1223 1777 1296 1856 hiis
1317 1805 1394 1884 quc
1408 1777 1507 1855 dicte
1530 1793 1654 1883 partes
1676 1801 1765 1882 pro·

340 1939 483 2017 ponere
508 1910 728 1998 volucrunt,
753 1910 887 1990 visast
909 1909 1111 2016 diligenter
1136 1908 1359 1994 examinata,
1382 1907 1476 2013 quia
1496 1906 1691 1989 inventum
1710 1919 1766 1980 est

341 2041 571 2120 sufficienter
588 2040 790 2148 probatum
810 2041 953 2118 dictum
974 2041 1184 2118 lohannem
1202 2039 1384 2127 Puohois,
1402 2038 1503 2146 justa
1516 2036 1565 2114 de
1581 2064 1708 2122 causa,
1725 2035 1766 2110 in

341 2170 487 2250 manate
505 2172 688 2277 prisione,
704 2200 771 2278 per
783 2170 999 2277 predictum
1012 2170 1196 2276 temporis
1212 2169 1396 2274 spacium,
1420 2168 1621 2246 detentum
1630 2165 1763 2252 finisse,

341 2301 514 2378 videlicet
528 2331 597 2407 pro
617 2329 662 2380 eo
678 2302 784 2408 quod
797 2301 911 2378 salsos
923 2317 1039 2378 testes
1053 2302 1297 2406 produxerat,
1313 2299 1353 2377 in
1366 2327 1476 2376 cansa
1487 2298 1686 2406 cujusdam
1696 2297 1767 2374 ho-

342 2431 484 2510 micidii
495 2461 564 2537 per
575 2434 700 2540 ipsum
713 2431 945 2521 denunciati3
958 2431 1067 2520 item,
1080 2431 1187 2538 quod
1200 2429 1373 2538 predicto
1385 2428 1483 2507 facto
1494 2430 1596 2506 dicto
1604 2429 1766 2506 lohanni

300 2615 302 2618 -
343 2563 528 2668 exposito,
550 2563 649 2668 ipse,
672 2587 941 2669 recognoscens
967 2561 1112 2639 dictum
1136 2561 1294 2650 factum,
1319 2561 1393 2638 hoc
1418 2560 1680 2638 emendaverat
1695 2587 1768 2665 pu-

342 2693 457 2783 hlicc,
479 2694 518 2771 in
539 2721 653 2770 manu
670 2692 798 2772 ballivi
817 2693 993 2800 predicti,
1015 2694 1063 2771 ad
1078 2692 1313 2771 voluntatem
1338 2708 1518 2780 nostram,
1541 2707 1581 2768 et
1598 2689 1647 2767 de
1668 2689 1767 2766 dicta

344 2826 503 2904 emenda
524 2841 646 2903 certos
666 2825 822 2902 dederat
839 2823 1098 2932 fidejussores,
1119 2851 1188 2929 per
1204 2823 1308 2900 curie
1327 2838 1455 2900 nostre
1467 2821 1675 2930 judicium,
1694 2818 1769 2896 dic·

342 2975 405 3036 tus
423 2957 612 3034 lohannes
631 2956 793 3034 Puchois
808 2956 849 3032 in
862 2954 967 3034 mille
985 2954 1092 3033 libris
1109 2954 1416 3043 Turonensibus,
1434 2951 1546 3031 nobis
1560 2950 1765 3040 solvendis,

342 3087 463 3165 extitit
488 3086 801 3191 condempnatus,
824 3102 862 3162 et
887 3086 976 3191 quia
1000 3085 1196 3162 inventum
1219 3101 1278 3163 est
1294 3084 1598 3191 perinqucstam
1622 3082 1768 3188 predic·

342 3235 437 3305 tam,
456 3217 562 3322 quod
578 3216 700 3295 dictus
719 3215 930 3322 capellanus
946 3215 1076 3292 ballivi
1089 3215 1265 3320 predicti,
1286 3215 1336 3291 de
1350 3215 1450 3290 dicta
1465 3240 1613 3290 summe
1626 3213 1768 3319 sepcies

344 3347 473 3452 viginti
500 3346 683 3424 librarum
703 3346 1003 3432 Turonensium,
1030 3345 1166 3422 habuit
1192 3361 1230 3421 et
1252 3345 1397 3451 recapit
1417 3359 1571 3420 contum
1596 3360 1636 3420 et
1655 3343 1769 3448 quin·

345 3505 420 3582 que
440 3476 553 3554 libras
571 3475 815 3565 Parisienses,
838 3502 907 3582 pro
929 3474 1029 3552 dicto
1049 3474 1228 3564 Puchois,
1252 3475 1293 3550 in
1312 3473 1486 3552 fraudem
1512 3492 1551 3551 et
1572 3474 1770 3550 detractio-

345 3634 434 3686 nem
453 3608 549 3715 juris
575 3606 692 3684 nostri
720 3622 759 3683 ct
783 3605 1065 3684 subversionem
1080 3605 1233 3712 justicie
1252 3603 1437 3694 faciende,
1458 3631 1528 3710 per
1547 3604 1649 3682 idem
1665 3603 1771 3711 judi-

347 3739 465 3828 cium,
489 3737 632 3816 dictum
656 3737 729 3816 suit
746 3736 854 3844 quod
872 3736 971 3814 dicte
991 3752 1147 3813 centum
1166 3753 1205 3812 et
1223 3734 1391 3842 quinque
1410 3734 1507 3812 libre
1526 3733 1767 3822 parisienses,
1829 3806 1832 3813 .

345 3887 537 3974 tamquam
567 3869 784 3958 commisse,
814 3868 926 3947 nobis
953 3865 1261 3974 applicabuntur,
1284 3883 1323 3942 et
1349 3895 1438 3944 cum
1463 3867 1585 3945 dican
1610 3863 1770 3942 ballivus

347 4001 386 4074 in
406 3997 584 4104 predictis
608 4015 781 4104 repertus
807 3999 923 4076 luerit
947 3999 1144 4105 culpabilis
1163 4022 1277 4104 super
1298 3998 1445 4087 multis,
1471 4012 1555 4075 tum
1579 3996 1668 4103 quia
1693 3993 1772 4072 dic·

347 4144 430 4205 tum
453 4127 684 4214 lohannem,
712 4155 822 4204 suum
848 4128 1029 4204 delictum
1054 4145 1406 4234 recognoscentem,
1426 4128 1466 4203 in
1486 4143 1625 4204 certam
1643 4153 1772 4204 emen·

348 4259 437 4336 dam
464 4286 540 4335 non
569 4257 874 4362 condempnavit,
899 4273 982 4333 tum
1003 4258 1113 4364 aquia,
1140 4258 1244 4363 lapso
1271 4257 1393 4334 multo
1419 4257 1602 4364 temporis
1627 4257 1768 4361 spacio,

349 4389 397 4466 de
419 4389 516 4467 dicta
535 4387 692 4494 pecunia
716 4388 818 4466 dicto
839 4387 1030 4494 capellano
1056 4385 1197 4474 soluta,
1220 4386 1326 4493 cujus
1349 4404 1537 4492 receptam
1562 4385 1772 4462 verisimili·

348 4538 406 4598 ter
429 4547 509 4596 non
534 4518 657 4624 potuit
681 4519 868 4627 ignorare
890 4547 967 4596 non
992 4517 1221 4623 computavit
1244 4499 1466 4595 in'camera
1490 4532 1767 4620 compotorum

350 4666 432 4727 tum
455 4650 544 4757 quia
563 4647 703 4726 lactum
730 4649 951 4758 hujusmodi
970 4649 1040 4726 diu
1059 4647 1177 4726 tacuit
1199 4665 1238 4724 et
1256 4647 1494 4754 impunitum
1514 4643 1676 4734 dimisit,
1702 4646 1773 4724 do·

351 4780 475 4860 minus
494 4784 570 4859 Rex
593 4782 718 4886 ipsum
740 4781 898 4860 omnino
917 4779 1073 4888 privavit
1093 4809 1113 4856 a
1133 4805 1203 4857 suo
1228 4778 1400 4866 servicio,
1423 4796 1460 4857 et
1477 4779 1647 4886 precepit
1667 4775 1773 4885 quod

352 4909 687 5015 adinquirendum
708 4929 837 4990 contra
858 4913 997 5017 ipsum,
1020 4909 1203 4988 adfinem
1228 4909 1392 5002 civilem,
1415 4911 1504 4988 certi
1527 4908 1771 4987 commissarii

354 5040 589 5144 deputentur,
610 5059 648 5118 et
661 5041 765 5148 quod
786 5071 829 5120 ex
850 5069 951 5120 nunc
970 5042 1095 5120 omnia
1109 5041 1210 5120 bona
1224 5069 1290 5118 sua
1308 5041 1349 5118 in
1367 5068 1481 5119 manu
1500 5037 1644 5119 domini
1663 5038 1773 5142 Regis

1615 5195 1664 5275 73.
