4450 6209
513 704 588 780 bld
1093 708 1185 780 LES
1215 707 1354 781 OLlM.

288 869 472 935 Percontv,
569 849 640 927 lste
661 875 856 955 processus
876 846 947 926 fuit
968 847 1100 926 iterato
1116 848 1216 926 visus
1233 867 1270 926 et
1284 848 1474 955 judicatus
1488 850 1527 926 in
1540 850 1774 955 parlamento
1788 868 1932 929 trecen·

349 963 411 1006 ¹³¹¹·
512 981 648 1059 tesimo
670 980 817 1058 decimo
837 995 956 1066 sexto,
978 996 1016 1054 et
1034 995 1089 1056 cst
1104 1008 1302 1085 processus
1319 981 1358 1057 in
1376 1009 1480 1058 sacco
1499 981 1587 1058 dicti
1607 981 1840 1088 parlamenti.

568 1111 750 1218 Sequitur
767 1129 876 1188 tenor
892 1110 1166 1188 commissionis
1185 1139 1299 1217 super
1317 1111 1391 1189 hoc
1409 1110 1517 1190 laete.

568 1243 780 1349 Philippus,
801 1259 870 1319 etc.
897 1241 1102 1318 senescallo
1130 1242 1298 1320 Tholose
1318 1241 1502 1320 salutem:
1527 1243 1644 1333 Cum,
1665 1273 1734 1350 per
1752 1262 1925 1322 arrestum

511 1390 638 1450 nostre
652 1373 754 1450 curie
767 1373 806 1448 in
821 1373 985 1479 presenti
1003 1370 1235 1478 parlamento
1248 1371 1403 1462 lactum,
1420 1375 1551 1452 Petrus
1565 1373 1705 1453 Natalis
1722 1375 1769 1452 de
1783 1376 1927 1452 Biterris

510 1504 806 1610 condempnatus
826 1502 940 1582 luerit
955 1504 1002 1580 ad
1018 1502 1259 1582 reddendum
1271 1505 1463 1584 Bernardo
1480 1505 1529 1584 de
1540 1507 1715 1598 Devezia,
1727 1506 1796 1584 civi
1811 1506 1928 1612 Agen-
2031 1577 2038 1589 .

510 1637 631 1726 nensi,
661 1653 737 1712 tarn
767 1663 827 1713 res
846 1635 963 1741 ipsius
992 1635 1174 1713 Bernardi
1199 1665 1291 1744 quas
1319 1637 1422 1714 idern
1447 1638 1580 1716 Petrus
1603 1638 1739 1745 injuste
1765 1638 1863 1743 cepit
1893 1656 1927 1714 et

510 1795 637 1845 secum
654 1767 829 1874 portavit,
849 1764 1037 1856 videlicet,
1058 1783 1135 1844 tam
1157 1766 1380 1846 confessatas
1398 1797 1512 1874 quam
1533 1797 1610 1848 non
1627 1767 1864 1857 confessam,
1883 1768 1926 1846 de

510 1897 648 2004 quibus
680 1915 847 1977 constare
875 1898 1031 2003 poterit,
1062 1897 1121 1976 vel
1149 1927 1277 1976 earum
1305 1898 1486 1987 valorem,
1518 1900 1630 1977 etad
1656 1898 1927 1978 resarciendum

511 2029 634 2106 eidem
665 2030 822 2136 dampna
854 2045 974 2106 cetera
1001 2027 1071 2122 sibi
1097 2053 1166 2136 per
1193 2029 1265 2108 hoc
1291 2031 1416 2108 minus
1442 2030 1717 2108 racionabiliter
1745 2029 1863 2121 illata,
1883 2031 1927 2106 de

510 2159 647 2266 quibus
666 2161 859 2249 constabit,
874 2187 942 2266 per
954 2160 1164 2267 inquestarn
1179 2160 1226 2238 de
1240 2162 1353 2268 plano
1367 2189 1481 2268 super
1493 2163 1581 2250 boc,
1599 2161 1736 2240 vocatis
1747 2160 1924 2268 partibus,

508 2289 735 2382 faciendam,
758 2309 797 2369 et
810 2292 977 2398 precepit
993 2291 1147 2398 insuper
1166 2293 1266 2370 curia
1286 2310 1413 2370 nostra
1432 2293 1537 2399 quod
1556 2293 1603 2368 de
1622 2292 1792 2372 ducentis
1807 2290 1925 2380 libris,

507 2451 575 2529 per
594 2423 734 2500 dictum
754 2424 907 2501 Petrum
933 2421 979 2501 ab
1002 2423 1163 2501 inimicis
1182 2424 1271 2502 dicti
1289 2425 1467 2502 Bernardi
1488 2424 1647 2530 receptis
1663 2441 1703 2500 et
1719 2422 1871 2510 habitis,
1889 2441 1927 2499 ut

509 2553 661 2643 dicitur,
690 2555 827 2632 vocatis
846 2581 1010 2660 quorum
1030 2555 1201 2644 interest,
1221 2555 1354 2634 veritas
1373 2556 1595 2662 inquiratur,
1620 2556 1669 2634 ad
1688 2554 1798 2632 illum
1817 2553 1926 2632 linem

508 2684 613 2791 quod
631 2685 730 2764 dicta
748 2686 904 2792 pecunia
925 2684 1050 2774 nobis,
1073 2687 1103 2764 si
1122 2705 1161 2764 et
1175 2704 1289 2792 prout
1309 2686 1534 2764 racionabile
1554 2683 1686 2774 suerit,
1707 2685 1924 2792 applicetur,

506 2833 621 2919 prout
652 2816 721 2892 hec
751 2817 876 2894 omnia
903 2818 1097 2922 premissa,
1124 2818 1163 2893 in
1190 2835 1330 2895 arresto
1358 2816 1545 2922 predicto,
1582 2816 1758 2895 videbitis
1782 2815 1926 2923 plenius

508 2946 708 3036 contineri,
741 2947 959 3026 mandamus
984 2966 1021 3024 et
1045 2949 1315 3026 committimus
1341 2947 1462 3038 vobis,
1495 2948 1687 3056 quatinus,
1715 2948 1796 3024 viso
1831 2949 1925 3024 dicto

507 3094 663 3164 arresto,
687 3093 724 3153 et
743 3078 824 3185 ejus
849 3093 981 3155 tenore
1011 3096 1171 3168 servam,
1194 3108 1262 3186 per
1280 3108 1361 3168 vos,
1381 3079 1439 3157 vel
1456 3109 1525 3185 per
1539 3079 1655 3158 alium
1672 3080 1865 3186 ydoneum
1882 3079 1926 3155 ad

508 3207 580 3284 hoc
595 3235 615 3283 a
628 3207 733 3285 vobis
749 3207 1022 3313 deputandum,
1045 3210 1182 3287 vocatis
1198 3209 1306 3287 dictis
1323 3208 1493 3314 partibus
1508 3226 1547 3285 et
1560 3209 1643 3288 aliis
1655 3209 1867 3297 evocandis,
1881 3209 1925 3285 de

506 3337 668 3444 predctis
699 3338 875 3416 omnibus
905 3338 1100 3446 inquiratis
1132 3369 1219 3418 cum
1258 3337 1457 3447 diligencia
1482 3339 1687 3431 veritatem
1716 3341 1923 3446 inquestam

507 3499 618 3576 quam
635 3470 723 3547 inde
743 3468 924 3559 feceritis,
950 3469 1021 3548 sub
1042 3470 1167 3577 sigillo
1191 3488 1313 3548 vestro
1331 3471 1513 3558 clausam,
1534 3487 1660 3549 nostre
1680 3471 1783 3548 curie
1801 3470 1925 3547 remis·

505 3602 599 3693 suri,
619 3601 666 3678 ad
688 3601 791 3680 diem
810 3601 1025 3680 senescallie
1041 3620 1160 3679 vestre
1175 3599 1292 3678 futrui
1306 3603 1477 3708 proximo
1490 3602 1730 3707 parlamenti,
1747 3601 1924 3706 partesad

505 3730 624 3837 ipsam
649 3732 750 3810 diem
778 3731 873 3810 inibi
893 3731 1142 3838 adjornando,
1164 3733 1324 3809 eandem
1337 3731 1658 3835 judicarivisure,
1680 3732 1822 3808 curiam
1842 3760 1923 3808 nos·

504 3879 599 3938 tram
612 3861 863 3950 certificando,
877 3891 946 3968 per
958 3879 1094 3940 vestras
1105 3862 1264 3952 litteras,
1282 3864 1329 3940 de
1344 3863 1625 3970 adjornameuto
1636 3862 1822 3969 predict03
1837 3879 1873 3938 et
1886 3863 1922 3937 in

505 3991 683 4096 predictis
711 3993 757 4068 ab
782 3993 959 4069 omnibus
986 3990 1088 4070 vobis
1120 3995 1242 4100 pareri
1271 3993 1444 4076 volumus
1468 4013 1506 4072 et
1534 3995 1763 4072 mandamus.
1792 3994 1923 4070 Datum

505 4123 681 4214 Parisios,
704 4124 774 4202 sub
795 4122 918 4230 sigillo
939 4123 1148 4219 Castelleti,
1173 4127 1213 4202 in
1230 4124 1403 4204 absencia
1417 4128 1547 4234 magni
1573 4124 1684 4234 sigilli
1708 4126 1844 4214 nostri,
1865 4124 1921 4200 die

506 4273 605 4334 sexta
621 4256 765 4362 aprilis,
789 4284 889 4333 anno
908 4256 1060 4334 Domini
1081 4256 1283 4335 millesimo
1297 4257 1560 4336 trecentesimo
1574 4255 1814 4335 duodecimo.

559 4521 635 4598 XV.
659 4521 765 4597 ¹Cum
790 4518 890 4598 inter
909 4521 1120 4598 Jobannem
1141 4521 1190 4598 de
1203 4521 1351 4630 ‘Falevi,
1370 4521 1633 4613 domicellum,
1654 4548 1698 4598 ex
1712 4547 1787 4594 una
1803 4533 1919 4623 parte,

504 4667 541 4725 et
561 4651 803 4757 Radulphum
820 4651 867 4727 de
882 4649 1041 4759 Nigella,
1063 4669 1237 4757 patruum
1255 4683 1387 4744 suum„
1401 4681 1451 4730 ⁴eu
1465 4653 1581 4732 altera
1593 4715 1602 4742 ,
1616 4668 1717 4730 mota
1729 4650 1920 4757 questione

503 4809 616 4886 super
641 4781 774 4857 saisina
797 4781 987 4858 bonorum
1008 4809 1083 4888 que
1103 4783 1295 4888 quondam
1317 4782 1471 4860 luerunt
1497 4781 1762 4860 defunctorum
1781 4777 1921 4857 comitis

503 4911 648 4987 Pontivi
668 4928 704 4986 et
721 4911 917 5001 lobannis,
942 4911 1023 5018 ejus
1039 4912 1300 5021 primogeniti,
1319 4915 1436 5019 patris
1451 4914 1542 4990 dicti
1558 4910 1772 5002 domicelli,
1788 4909 1921 4986 [ratris-

504 5069 577 5150 que
595 5040 682 5118 dicti
697 5041 901 5146 Radulphi,
918 5070 990 5147 per¹
999 5043 1101 5120 curie
1120 5060 1247 5121 nostre
1257 5043 1466 5151 judicium,
1481 5045 1520 5119 in
1534 5042 1733 5120 novissime
1746 5038 1918 5146 preterito
