4450 6209
753 718 1350 833 rrounrns-srrnocss.
1693 740 1765 813 tro

396 886 584 969 LXXXVI.
615 884 714 965 Cum
734 883 1006 963 denunciatum
1024 881 1158 959 fuisset
1175 899 1305 960 contra
1325 880 1581 961 Guillelmum
1600 884 1646 960 de
1668 886 1766 963 Mes-
1806 895 1935 950 Parum
1950 896 1993 955 tv.

339 1018 447 1110 nno,
464 1016 789 1124 <levansque
805 1014 1131 1123 ipsosmnnmn
1150 1013 1339 1104 nessus,
1355 1013 1767 1122 firmumque.
1867 986 1931 1030 ¹⁸⁰⁹·

311 1143 504 1242 'cebatun
526 1180 613 1230 cum
634 1149 864 1258 quibusdum
882 1149 960 1225 suis
974 1147 1240 1254 complicibus,
1260 1148 1488 1226 interfecisse
1504 1148 1699 1227 Calvetum
1719 1152 1765 1226 de

335 1284 455 1376 lulio,
469 1283 673 1391 receptavit
685 1284 725 1360 in
743 1311 813 1359 sua
829 1282 963 1369 domo,
976 1308 1052 1358 uua
1067 1310 1155 1358 cum
1167 1280 1413 1387 complicibus
1426 1281 1620 1387 predictis,
1634 1282 1672 1356 in
1685 1298 1767 1358 tan·

336 1433 421 1493 tum
444 1415 552 1523 quod
573 1413 726 1522 bajulus
748 1431 877 1492 noster
896 1431 934 1491 et
956 1412 1131 1491 consules
1153 1412 1200 1490 de
1220 1414 1363 1501 Veuro,
1385 1413 1626 1519 insequentes
1645 1414 1766 1491 dictos

337 1546 613 1636 malefactores,
637 1548 796 1625 domum
814 1544 1023 1652 predictum
1047 1546 1186 1622 intrare
1213 1572 1290 1621 non
1311 1560 1535 1651 potuerunt,
1559 1544 1695 1623 eodem
1720 1544 1763 1623 G.

337 1678 516 1785 predictis
530 1676 661 1785 bajulo
672 1695 712 1755 et
722 1676 944 1756 consulibus
955 1677 995 1753 iu
1007 1677 1081 1754 hoo
1094 1676 1348 1753 resistsnciarn
1363 1674 1539 1767 faciente,
1555 1678 1650 1753 adeo
1664 1678 1767 1783 quod

338 1811 429 1889 dicti
447 1808 723 1899 malefectores,
743 1807 991 1916 postmodum
1012 1808 1151 1887 dictem
1172 1810 1330 1887 domurn
1353 1824 1548 1900 exeuntes,
1571 1828 1767 1886 evaserunt

334 1940 543 2029 immutasse
560 1941 669 2027 item,
686 1957 723 2017 et
735 1939 844 2047 quod
861 1938 984 2017 dictus
1003 1938 1237 2044 Guillelmus
1255 1938 1354 2015 dicto
1376 1939 1544 2027 Calveto,
1560 1966 1629 2046 per
1641 1942 1767 2019 modi-

336 2099 423 2149 cum
436 2088 592 2178 tempus
603 2089 690 2155 ente
700 2071 820 2177 ipsius
832 2087 1013 2162 mortem,
1025 2071 1150 2149 mines
1163 2071 1357 2161 intuleram
1371 2071 1482 2161 item,
1497 2087 1535 2149 et
1545 2073 1650 2178 quod
1663 2073 1765 2150 idem

335 2204 500 2294 Brunus,
522 2219 609 2281 ente
628 2204 774 2280 dictum
794 2230 1005 2289 excessum,
1023 2203 1281 2307 emancipatus
1302 2200 1423 2280 fuerat
1442 2232 1510 2308 per
1536 2204 1678 2281 dictum
1701 2234 1766 2311 pe-

335 2352 434 2413 trem
453 2364 588 2425 suum3
608 2335 723 2427 item,
745 2350 785 2411 et
803 2333 909 2441 quod
927 2334 1051 2412 dictus
1069 2337 1235 2425 Brunus,
1263 2350 1464 2440 postquam
1491 2335 1570 2439 ipse
1599 2336 1767 2444 confugit

245 2494 253 2498 ·
336 2466 387 2544 ed
405 2466 687 2545 immunitatem
707 2465 884 2555 ecclesie,
905 2482 1118 2573 receptatus
1133 2464 1206 2544 fuit
1223 2482 1353 2573 postea
1370 2494 1437 2572 per
1457 2465 1601 2543 dictum
1621 2484 1765 2571 patrem

336 2592 449 2675 surim
468 2597 509 2675 iu
530 2598 648 2676 domo
668 2612 788 2676 suaet
806 2596 1005 2675 abeodem
1024 2614 1130 2704 patre
1150 2624 1219 2675 suo
1239 2624 1358 2704 equos
1376 2596 1609 2674 habuitcum
1627 2597 1767 2704 quibus
1809 2610 1814 2617 “

336 2729 415 2835 ipse
427 2730 556 2821 evasit3
572 2729 681 2819 item,
694 2745 732 2806 et
744 2727 852 2835 quod
865 2727 987 2807 dictus
999 2727 1046 2807 G.
1060 2727 1187 2805 eidem
1201 2727 1283 2805 lilio
1298 2756 1384 2817 suo,
1403 2728 1495 2805 dum
1510 2746 1590 2805 erut
1604 2729 1643 2805 in
1660 2729 1764 2837 fuga,

336 2858 435 2940 duos
454 2888 611 2967 mugnus
632 2887 751 2968 equos
769 2859 995 2951 trans-isit,
1018 2878 1056 2937 et
1074 2860 1207 2967 quod,
1224 2860 1317 2937 dum
1337 2878 1417 2937 eret
1435 2859 1538 2937 idem
1558 2862 1709 2938 Brunus
1729 2862 1766 2944 in

336 2991 508 3084 ecclesie,
521 2992 689 3100 prelatus
703 2991 940 3071 Guille‘rinus
956 2991 1082 3071 eidem
1099 2994 1230 3071 Bruno
1241 2992 1463 3069 victualiset
1480 2992 1550 3069 alia
1561 2994 1767 3071 necessaria

335 3121 559 3202 ministravit
573 3156 583 3201 ε
597 3124 722 3230 Super
738 3124 940 3230 predictis,
950 3124 1351 3216 demandetonostro,
1364 3124 1500 3203 vocetis
1515 3124 1713 3203 evocandis
1731 3144 1767 3203 et

336 3256 475 3336 auditis
495 3254 789 3360 defensionibus
800 3255 890 3331 dicti
911 3255 1127 3343 Guillelmi,
1148 3286 1190 3332 ac
1209 3255 1342 3333 ceteris
1362 3284 1437 3362 que
1458 3257 1675 3369 in'negocio
1697 3258 1768 3334 hu-

330 3387 499 3495 jusmodi
518 3386 604 3469 fieri
623 3388 844 3465 debuerunt
853 3387 1116 3493 sollempniter
1133 3387 1351 3475 observatis,
1369 3388 1542 3494 inquestu
1559 3389 1651 3464 fucta
1671 3406 1709 3465 et
1721 3390 1768 3466 ad

335 3519 478 3599 curiam
494 3538 662 3599 nostram
679 3536 888 3626 reportata,
899 3520 976 3595 visa
998 3536 1036 3596 et
1055 3518 1259 3626 diligenter
1279 3520 1500 3608 examinate,
1515 3550 1600 3599 cum
1620 3521 1668 3597 de
1682 3550 1768 3627 pre-

335 3651 446 3730 dictis
471 3653 573 3732 dicto
601 3651 809 3733 Guillelmo
834 3652 1023 3759 impositis
1047 3651 1168 3729 nichil
1192 3669 1384 3759 repertum
1405 3650 1523 3729 fuerit
1541 3651 1770 3730 sufficienter

335 3783 553 3889 probatum,
579 3784 683 3863 idem
706 3784 938 3864 Guillelmus
961 3814 982 3862 a
1001 3784 1183 3892 predictis
1207 3802 1336 3863 contra
1364 3785 1490 3891 iprum
1511 3784 1766 3872 denuncietis,

335 3942 403 4019 per
423 3917 525 3993 curie
545 3934 674 3995 nostre
686 3917 878 4026 judicium
899 3917 1019 3994 extitit
1038 3916 1245 3996 absolutus.

392 4046 552 4125 Veneris
570 4061 656 4125 ante
671 4050 809 4125 Remos
827 4048 1054 4125 Palmerum.

392 4180 442 4258 M.
464 4180 541 4257 Yvo
558 4179 607 4257 de
629 4181 856 4258 Laudunaco
876 4181 1086 4288 reportavit.

390 4438 597 4518 LXXXVII.
630 4438 728 4518 Cum
742 4437 857 4516 freter
873 4440 1119 4546 Berengurius
1137 4442 1308 4549 Seguiui,
1327 4444 1535 4521 monachus
1551 4443 1766 4519 monasterii

335 4570 646 4659 Brentolrnensis,
668 4569 782 4676 prior,
804 4586 859 4649 ut·
870 4570 1037 4658 dicebat,
1058 4572 1247 4678 prioratus
1268 4573 1316 4652 de
1337 4572 1699 4654 Gtuinttaltibusaet
1719 4574 1767 4649 de

333 4702 554 4809 Verogolio,
578 4702 889 4802 eidemenneso,
909 4730 1038 4781 eorem
1059 4704 1265 4782 senescallo
1289 4707 1523 4783 Ruthenensi
1549 4706 1767 4813 proposuis-

335 4851 392 4911 set
410 4833 536 4941 quod,
552 4834 641 4919 ticet
653 4835 747 4941 ipse·
759 4854 918 4940 cssettet
937 4837 1005 4914 diu
1020 4834 1211 4934 fuissetis
1229 4838 1362 4915 misine
1373 4836 1532 4945 pacifica
1553 4836 1642 4916 dfoti
1664 4838 1767 4945 prio-

334 4981 438 5048 ratus
458 4964 506 5044 de
525 4966 747 5075 Verogolin,¹
768 4969 898 5051 etsulr
916 4984 1095 5047 mutuet
1109 4969 1456 5077 gardenostris,.et
1470 5000 1546 5077 pro
1567 4971 1665 5047 dicta
1678 4998 1766 5047 cus-

334 5098 440 5181 todia
453 5112 600 5181 certum
617 5100 1026 5211 servientomihshesct
1044 5130 1066 5177 a
1083 5102 1194 5179 nodis
1214 5120 1281 5181 seu
1299 5102 1533 5181 seneschallu
1552 5120 1701 5189 nostro,
1720 5101 1767 5176 sd
