4450 6209
530 698 580 772 2It
1112 700 1205 775 Lus
1234 698 1374 775 OLIM.

303 859 435 913 ranam
448 854 490 917 lv.
529 858 691 949 possunt
716 842 857 921 babere
884 839 975 919 dicti
1003 842 1166 921 decanus
1193 859 1231 920 et
1257 841 1462 948 capitulum
1488 844 1528 923 in
1551 844 1643 925 locis
1669 848 1951 941 communibus,

365 948 428 993 Μ’
528 972 678 1051 racione
706 973 806 1051 dicte
827 972 979 1081 justicie
1005 973 1237 1067 communis,
1266 973 1405 1053 debere
1431 1004 1562 1083 capere
1588 1006 1657 1085 per
1680 1006 1837 1057 manum
1864 980 1952 1061 dicti

530 1104 682 1193 militis,
704 1120 801 1181 etse
821 1134 902 1183 esse
922 1106 962 1181 in
981 1105 1116 1183 saisina
1136 1105 1419 1211 predictorum:
1440 1107 1628 1199 Tandem,
1650 1109 1823 1217 inquesta
1841 1138 1951 1219 super

528 1238 619 1326 hoc,
638 1236 686 1314 de
703 1236 881 1315 mandato
895 1253 1043 1325 nostro,
1057 1235 1170 1325 sacta,
1184 1236 1260 1315 visa
1269 1252 1307 1315 et
1316 1236 1518 1347 diligenter
1529 1240 1753 1331 examinata,
1769 1268 1838 1349 per
1851 1243 1950 1321 curie

527 1382 655 1445 nostre
665 1366 874 1475 judicium,
886 1367 1180 1473 pronunciatum
1194 1366 1267 1447 suit
1279 1367 1454 1445 saisinam
1464 1369 1662 1476 porcionis
1676 1371 1776 1449 dicte
1783 1372 1947 1479 justicie,

525 1501 626 1606 ipsos
646 1498 831 1577 decanum
851 1514 890 1575 et
914 1496 1121 1605 capitulum
1141 1524 1211 1604 pro
1232 1497 1391 1575 indiviso
1412 1500 1663 1609 contingentIs
1682 1500 1721 1581 in
1745 1500 1837 1579 Iocis
1852 1532 1950 1581 com·

524 1628 705 1707 munibus
730 1628 926 1736 predictis,
951 1628 1001 1708 ad
1025 1628 1181 1707 eosdem
1200 1628 1386 1711 decanum
1406 1647 1443 1708 et
1463 1630 1668 1739 capitulum
1687 1632 1891 1739 pertinere,
1914 1653 1950 1713 et

524 1759 768 1839 medictatem
787 1758 980 1837 fructuum
1001 1776 1040 1835 et
1056 1776 1309 1865 proventuum
1325 1776 1363 1839 et
1378 1760 1496 1841 eciam
1511 1764 1777 1853 emendarum,
1794 1794 1839 1842 ex
1854 1766 1948 1843 dicta

520 1892 671 1997 justicia
696 1889 1023 1997 proveniencium,
1051 1908 1197 1995 partem
1223 1919 1354 1974 eorum
1381 1892 1662 2001 contingentem
1688 1894 1788 2000 ipsos
1811 1894 1946 1975 debere

525 2050 657 2129 capere
676 2051 745 2129 per
764 2048 852 2098 suos
870 2022 1045 2129 proprios
1058 2022 1277 2111 servientes,
1295 2039 1333 2100 et
1347 2021 1516 2129 predicta
1530 2024 1820 2131 impedimenta,
1838 2054 1947 2133 super

526 2154 617 2243 hoc,
641 2169 806 2260 exparte
827 2151 916 2235 dicti
936 2151 1082 2253 militis,
1103 2152 1290 2260 apposita,
1313 2152 1453 2231 debere
1473 2154 1647 2235 amoveri.

579 2419 736 2497 XXXVI.
768 2419 946 2525 Inquesta
969 2419 1063 2497 facta
1089 2419 1188 2497 inter
1212 2418 1386 2497 abbatem
1408 2434 1446 2495 et
1463 2434 1692 2497 conventum
1712 2416 1946 2495 Sancti-Lau-

522 2547 640 2625 reucii
664 2547 712 2623 de
727 2546 892 2625 Abbacia
911 2564 949 2624 et
969 2548 1154 2625 decanum
1170 2566 1206 2625 et
1231 2548 1437 2654 capitulum
1459 2545 1744 2653 Sancti-Hylarii
1760 2546 1945 2625 Pictaven-

522 2680 589 2772 sis,
605 2652 810 2756 reficienda
826 2695 882 2754 est
894 2695 1048 2784 propter
1065 2680 1255 2755 desectum
1273 2676 1511 2765 auditorum,
1528 2677 1595 2785 qui
1611 2678 1758 2786 copiam
1774 2706 1842 2755 sue
1852 2706 1943 2755 com·

523 2810 713 2886 missionis
736 2803 776 2883 et
798 2808 1044 2885 articulorum
1068 2808 1184 2914 partis
1208 2807 1396 2885 dictorum
1421 2807 1684 2915 religiosorum
1715 2808 1943 2915 procuratori

524 2939 714 3015 dictorum
733 2936 864 3015 decani
886 2955 924 3015 et
942 2936 1094 3043 capituli
1115 2937 1236 3015 Iacere
1256 2937 1475 3016 noluerunt.

578 3203 754 3282 XXXVII.
784 3200 882 3279 Cum
908 3220 990 3280 orta
1017 3221 1115 3281 esset
1141 3204 1338 3282 contencio
1360 3232 1427 3281 seu
1448 3204 1633 3281 discordia
1659 3194 1854 3281 internos
1880 3230 1942 3280 seu

520 3351 649 3443 gentes
668 3351 832 3431 nostras,
855 3334 1009 3412 nomine
1030 3352 1178 3423 nostro,
1209 3362 1250 3409 ac
1274 3332 1470 3442 religiosos
1488 3333 1587 3410 viros
1606 3331 1778 3411 abbatem
1800 3349 1839 3409 et
1857 3360 1942 3409 con·

519 3483 672 3543 ventum
690 3465 907 3544 monasterii
928 3464 1458 3552 Sancti-Ulmari-in-Nemore‚
1482 3492 1525 3539 ex
1544 3492 1619 3543 una
1638 3478 1816 3575 parte,·et
1834 3462 1943 3540 dilec-
1991 3512 1993 3515 -

517 3614 600 3673 tum
624 3625 666 3672 ac
689 3597 842 3675 fidelem
863 3614 1036 3674 nostrum
1059 3595 1237 3675 comitem
1261 3594 1438 3684 BoIonie‚
1463 3622 1508 3699 ex
1530 3592 1616 3685 alia,
1643 3620 1821 3699 supereo
1841 3592 1942 3699 qarod

519 3726 641 3803 dictus
666 3754 792 3805 comes
819 3725 967 3803 dicebat
985 3743 1024 3802 ct
1047 3725 1235 3804 asserebat
1253 3724 1405 3831 gardam
1427 3724 1617 3803 dictorum
1636 3723 1779 3803 abbatis
1799 3741 1838 3800 et
1858 3752 1941 3801 con-

518 3874 649 3972 ventus
669 3856 951 3933 Sancti-Ulmari
971 3886 1013 3934 ac
1033 3858 1151 3933 eciam
1176 3857 1293 3966 ipsius
1323 3855 1478 3935 ecclesie
1503 3873 1541 3934 et
1564 3854 1737 3933 omnium
1756 3853 1939 3931 bonorum

519 4005 557 4064 et
582 4016 708 4064 rerum
729 3989 899 4095 ipsorum
918 4019 993 4096 que
1014 3989 1171 4079 habent,
1192 4006 1325 4068 tenent
1344 4005 1381 4065 et
1400 3986 1594 4093 possident
1612 3984 1707 4063 infra
1726 3986 1940 4064 comitatum

517 4118 672 4198 Bolonie
696 4137 735 4197 et
757 4121 1007 4226 pertinencias
1027 4121 1214 4228 ejusdem,
1238 4121 1344 4198 adse
1364 4118 1577 4225 pertinere,
1604 4135 1644 4195 et
1662 4116 1766 4225 quod
1784 4115 1857 4193 sibi
1878 4116 1940 4193 de·

517 4248 668 4328 Iiberari
691 4249 853 4328 debebat
871 4252 968 4330 dicta
986 4254 1120 4359 garda,
1142 4269 1321 4360 tanquam
1341 4249 1498 4327 domino
1514 4249 1698 4356 superiori
1716 4266 1754 4325 et
1764 4247 1940 4357 gardiano

517 4382 686 4488 ipsorum
705 4381 985 4490 religiosorum,
1007 4384 1113 4491 quia,
1135 4402 1178 4461 ut
1198 4383 1361 4467 dicebat,
1379 4380 1477 4458 dicta
1498 4379 1651 4460 ecclesia
1669 4378 1825 4457 fundata
1838 4394 1941 4457 estet

519 4512 643 4588 dotata
669 4542 688 4589 a
714 4513 792 4591 suis
818 4514 1134 4603 antecessoribus,
1164 4513 1328 4595 dominis
1353 4528 1392 4589 et
1414 4510 1615 4589 comitibus
1640 4508 1814 4601 BoIonie‚
1838 4527 1876 4587 et
1894 4508 1939 4587 si·

517 4658 620 4718 tuata
632 4643 671 4718 in
685 4643 784 4720 dicto
797 4646 995 4730 comitatu;
1017 4645 1107 4722 dicti
1127 4673 1215 4722 vero
1233 4640 1418 4750 religiosi,
1438 4640 1578 4719 scilicet
1596 4638 1710 4717 abbas
1730 4657 1768 4717 et
1783 4666 1940 4717 conven-

516 4789 578 4849 tus
602 4772 904 4865 Sancti-Ulmari,
931 4804 1008 4855 una
1032 4803 1119 4853 cum
1143 4773 1320 4882 gentibus
1340 4772 1495 4864 nostris,
1524 4771 1563 4851 in
1588 4770 1818 4851 contrarium
1844 4798 1939 4849 asse-

515 4901 650 4978 rebant
677 4902 780 5007 quod
815 4901 914 4979 dicta
941 4904 1243 4987 Sancti-Ulmari
1277 4901 1431 4981 ecclesia
1464 4900 1538 4979 suit
1566 4919 1604 4979 et
1631 4918 1688 4979 est
1715 4898 1872 4978 fundata
1901 4900 1937 4975 in

516 5033 644 5112 franco
661 5030 798 5113 aIlodio
816 5033 1106 5126 Sancti-Ulmari,
1126 5035 1192 5142 qui
1208 5035 1365 5142 quidem
1384 5048 1531 5111 sanctus
1548 5031 1622 5110 suit
1637 5032 1751 5113 abbas
1765 5032 1866 5133 ‘dicte
1884 5058 1939 5107 cc-
