4450 6209
521 738 596 821 322
1101 744 1193 819 Lus
1219 744 1357 821 ottus.

160 910 166 919 ·
296 900 427 956 eninm
436 894 482 963 tv,
520 883 760 977 ria-Roberti,
781 901 871 963 tnnc
883 885 1120 992 prepositum
1136 886 1186 965 de
1204 886 1472 977 Coinmbmiis,
1486 886 1636 965 ruoione
1653 884 1877 993 Cnmpnnie,
1899 917 1944 965 ex

355 992 420 1037 ¹⁸⁰⁸·
520 1014 652 1107 utera,
674 1015 957 1123 superjuncta
975 1016 1062 1094 vnn
1081 1017 1130 1095 ue
1154 1016 1542 1125 vinetus-Tempu,
1566 1044 1692 1096 emm
1711 1016 1824 1093 noun
1842 1034 1944 1097 nora

520 1144 651 1225 suisset
682 1148 852 1255 questio,
883 1147 1095 1254 debetoque
1126 1148 1348 1257 hujusmodi
1377 1147 1425 1226 ad
1453 1174 1609 1230 manum
1637 1164 1824 1238 nostrum,
1851 1166 1943 1225 tam-

519 1306 633 1383 quam
644 1278 867 1387 superioris,
879 1278 1022 1383 posito,
1039 1276 1341 1368 etinhibioione,
1357 1306 1401 1357 ex
1412 1294 1517 1385 perte
1531 1294 1676 1367 nosue,
1686 1277 1782 1357 faeta
1793 1280 1943 1387 utrique

393 1399 403 1414 ’
516 1408 611 1513 perti
634 1437 682 1488 ne
705 1408 754 1489 de
769 1409 919 1517 justicia
936 1407 1036 1488 diets
1054 1408 1158 1500 ville,
1185 1408 1255 1487 tite
1275 1408 1467 1516 pendente
1492 1398 1674 1517 predium,
1696 1408 1886 1489 ullatenus
1902 1437 1942 1489 se

494 1642 498 1647 Ι
518 1539 827 1632 intromitterent,
846 1557 885 1619 et
895 1540 1044 1619 Thonm
1056 1539 1160 1619 dicto
1171 1540 1295 1621 Virier
1309 1540 1452 1621 ibidem
1467 1541 1591 1646 posito
1609 1566 1678 1647 per
1695 1556 1841 1619 nostrus
1853 1568 1942 1648 gen-

515 1684 573 1749 tes
600 1669 648 1748 sd
672 1668 975 1778 cognoscendum
998 1687 1037 1749 et
1060 1670 1348 1779 expleutendum
1375 1700 1422 1751 en
1441 1698 1518 1778 que
1543 1671 1593 1749 ud
1618 1669 1838 1778 hujumodi
1862 1674 1941 1779 jns·

515 1799 643 1881 tioium
669 1802 860 1906 pertinent
882 1814 922 1879 et
944 1799 1135 1905 pertinere
1157 1818 1332 1907 possunt,
1355 1799 1574 1908 hujusmodi
1599 1798 1738 1878 debete
1762 1800 1937 1893 durante,

517 1930 787 2011 nichilominus
806 1930 928 2011 dietus
951 1930 1152 2020 Martinus,
1177 1933 1410 2038 prepositus,
1434 1947 1473 2011 et
1493 1932 1697 2012 servientes
1715 1930 1796 2023 sui,
1814 1951 1939 2013 conus

518 2062 792 2147 inhibitionem
817 2061 1044 2168 predictum,
1070 2062 1192 2143 mutu
1220 2062 1390 2143 indebite
1413 2090 1526 2169 super
1549 2062 1624 2141 boe
1648 2078 1935 2167 attemptarent,

518 2192 753 2300 adjornendn
773 2209 812 2271 et
828 2192 1013 2300 gegiando
1034 2192 1198 2280 ibidmt,
1216 2192 1470 2299 etqunmduru
1492 2193 1693 2281 latronem,
1715 2192 1769 2271 ibi
1790 2193 1829 2271 in
1841 2222 1938 2273 enm-

453 2304 458 2315 ’
517 2324 680 2431 pedibus
693 2326 932 2414 existentem,
946 2324 1133 2403 violenter
1149 2341 1387 2414 emovemnt,
1405 2324 1689 2403 etedduxenmt
1701 2326 1804 2429 apud
1814 2324 1935 2403 villum

518 2453 566 2535 de
581 2454 836 2535 Colurnhnriis
847 2514 855 2542 ,
867 2470 907 2532 et
920 2456 1085 2536 eundem
1097 2454 1379 2561 suspenderunt
1390 2473 1519 2533 eontra
1533 2453 1836 2561 prohibicionem
1852 2455 1937 2533 dicti
1979 2474 1985 2487 ·

515 2586 684 2675 Thnme,
702 2586 847 2664 ibidem
862 2586 975 2693 positi
995 2614 1065 2692 per
1077 2602 1208 2694 gentes
1229 2586 1440 2665 nostrised
1459 2584 1596 2665 distun
1607 2586 1801 2695 justiciam
1817 2604 1936 2665 emto-

517 2716 696 2798 dieudnm
720 2734 759 2797 et
783 2715 1086 2823 expleotsndnm,
1108 2732 1148 2797 st
1168 2716 1311 2797 dictum
1337 2716 1523 2797 Tbemnm
1550 2717 1649 2801 mule
1672 2732 1933 2807 tractaverunt,

516 2847 737 2951 accipiendo
756 2846 881 2951 ipsum
900 2874 970 2952 per
988 2846 1185 2952 eapuoimn
1206 2862 1246 2927 et
1264 2848 1480 2953 torquendo
1500 2876 1569 2953 per
1585 2848 1737 2937 collum,
1760 2866 1800 2927 et
1818 2850 1935 2955 ipsum

517 2971 566 3055 de
585 2974 683 3053 dicte
699 2975 785 3053 ville
805 3004 934 3055 secum
950 2976 1189 3059 adduxerunt
1208 2977 1308 3081 apud
1322 2977 1597 3067 Columbaries,
1619 2979 1744 3086 ipsum
1764 3008 1836 3085 per
1850 3008 1936 3088 que-

516 3122 605 3187 tuor
629 3104 711 3185 dies
729 3122 880 3212 ceptum
900 3106 1126 3195 detinendo,
1148 3108 1187 3185 in
1210 3106 1308 3187 dicte
1327 3136 1463 3191 munus
1481 3125 1611 3189 noetm
1628 3110 1884 3219 prejudicium
1901 3128 1937 3189 et

516 3254 800 3345 contemptum:
818 3238 1006 3329 Tandem,
1025 3238 1216 3355 inqueste,
1234 3240 1434 3346 superbiis
1449 3240 1497 3318 de
1513 3241 1692 3321 mandato
1704 3258 1834 3321 nostro
1848 3240 1935 3321 fretu

516 3367 591 3447 vise
616 3384 655 3446 et
680 3366 883 3476 diligenter
904 3369 1129 3459 examinate,
1156 3370 1245 3477 quia
1269 3372 1464 3451 inventum
1488 3385 1544 3450 est
1569 3372 1783 3477 predictum
1811 3374 1935 3451 Merti-

514 3527 607 3579 ntuu
623 3496 671 3577 de
685 3498 989 3591 curis-trohen,
1006 3530 1093 3579 eum
1108 3502 1186 3581 suis
1202 3502 1464 3595 servientibus,
1482 3504 1649 3610 predints
1667 3505 1708 3581 in
1722 3505 1842 3583 nostri
1855 3533 1934 3611 psu-

510 3628 700 3735 judieium
720 3648 758 3707 et
776 3646 1035 3737 contemptum
1056 3630 1204 3725 fecisse,
1228 3632 1364 3713 debato
1381 3634 1480 3712 dicte
1495 3632 1646 3741 justicie
1664 3634 1835 3743 predicte
1852 3634 1934 3713 viiie

515 3757 563 3838 ad
582 3787 739 3837 manum
753 3769 939 3849 nostrum,
955 3771 1134 3869 tunqn'sm
1146 3764 1366 3869 superioris,
1385 3766 1528 3871 pusitu;
1541 3766 1736 3843 inventum
1747 3782 1806 3843 est
1820 3766 1932 3845 eo'um

514 3887 717 3999 anuetum
736 3888 785 3967 de
804 3891 964 3971 buisson
981 3909 1020 3969 et
1034 3894 1241 4001 quemdem
1257 3896 1523 4005 Symonetnm,
1538 3896 1740 3979 servientes
1754 3896 1844 3975 dieti
1860 3924 1934 4004 pre·

515 4017 644 4123 positi,
673 4018 817 4097 ibidem
837 4048 924 4098 eum
944 4022 1047 4102 dicto
1065 4024 1257 4131 preposito
1278 4026 1508 4120 interfuisse,
1533 4044 1572 4104 et
1592 4026 1735 4107 dietum
1754 4027 1930 4107 delictum
2000 4028 2001 4033 ’

480 4176 490 4195 ·
514 4148 690 4257 gentibus
710 4151 848 4229 nostris
867 4151 1102 4242 emendasse,
1122 4182 1191 4261 per
1211 4156 1312 4233 onrie
1334 4176 1461 4235 nostre
1474 4156 1680 4267 judicium,
1705 4157 1828 4235 dietm
1842 4160 1931 4237 bitu-

513 4278 617 4357 tinus
640 4280 768 4369 nohis,
795 4308 866 4386 pro
896 4284 1057 4360 emenda
1084 4285 1270 4390 predicte,
1299 4288 1339 4363 in
1366 4287 1581 4397 quingentis
1603 4284 1710 4368 libris
1735 4272 1929 4366 Turoben-

514 4409 634 4499 sibus,
657 4428 695 4487 et
714 4410 876 4517 quilibet
898 4412 1157 4519 predictorum
1182 4417 1346 4495 duorum
1371 4417 1599 4495 servientum
1620 4418 1662 4495 in
1681 4417 1810 4526 viginti
1829 4416 1930 4495 libris

513 4540 817 4633 Turonensibus3
839 4542 961 4621 dietus
979 4572 1067 4623 vero
1084 4546 1269 4625 Martinus
1291 4548 1461 4654 predicto
1480 4548 1646 4640 Thome,
1670 4551 1821 4628 racione
1836 4548 1928 4625 dicte

514 4670 649 4775 injurie
671 4670 744 4749 sibi
762 4672 877 4762 iacto,
898 4674 939 4751 in
958 4677 1205 4783 qunbsginte
1224 4677 1334 4757 libris
1352 4678 1450 4757 diets
1475 4698 1645 4770 monete,
1668 4679 1927 4787 nundempneti

514 4798 685 4892 fuerunt3
700 4820 754 4891 et,
768 4832 836 4909 per
846 4804 951 4888 idem
958 4805 1163 4913 judicium,
1179 4806 1630 4918 dictumsuitquuddietu
1642 4828 1874 4919 attemptata,
1885 4836 1928 4888 eo

514 4931 629 5011 modo
647 4934 754 5037 quod
772 4918 951 5038 possibile
974 4954 1047 5029 est,
1071 4936 1122 5017 ud
1145 4954 1283 5017 sutum
1308 4937 1485 5021 debitum
1505 4942 1747 5033 reducentur,
1772 4958 1810 5020 et
1835 4941 1928 5019 dieta

508 5061 839 5168 justicieinmnnu
850 5083 995 5160 nemra,
1008 5084 1202 5175 temquem
1214 5068 1434 5178 superioris,
1448 5072 1677 5163 remanebin
1692 5071 1925 5179 et,sipvrtes

513 5219 626 5298 snper
637 5193 711 5278 boo
727 5193 843 5272 velint
850 5197 914 5306 jus
932 5227 1044 5276 suum
1063 5200 1261 5309 prosequi,
1283 5201 1496 5281 audientur.
