4450 6209
482 711 556 786 530
1066 711 1158 786 LES
1187 709 1329 786 OLIM.

255 863 437 928 Pursnvalv.
477 855 592 962 igitur
604 854 777 962 inquesta
790 852 958 960 predicta
972 854 1013 934 in
1034 871 1160 934 nostra
1174 855 1288 946 curia,
1304 852 1460 936 tandem
1476 854 1598 936 dietus
1617 851 1843 939 Guillelmus
1862 854 1910 934 ad

312 959 376 1004 1³10.

477 986 753 1066 restituendum
766 1015 933 1064 summas
942 987 1141 1095 peccunie,
1156 1015 1226 1094 per
1239 1015 1343 1078 eum,
1357 987 1640 1076 utdictumest,
1652 1016 1818 1068 excausa
1830 1017 1908 1095 pre

479 1117 592 1208 dicta,
610 1135 791 1225 receptas,
805 1119 977 1224 personis
987 1117 1060 1198 illis
1073 1148 1093 1198 a
1106 1119 1246 1228 quibus
1259 1121 1491 1229 easrecepit,
1505 1121 1602 1201 etad
1614 1117 1859 1199 reddendum
1871 1139 1908 1200 et

478 1247 700 1328 solvendum
718 1249 844 1339 nohis,
856 1278 926 1356 pro
944 1254 1123 1342 emenda,
1142 1251 1435 1362 quadringentas
1453 1250 1568 1334 libras
1580 1253 1838 1343 Turonenses,
1855 1253 1906 1332 vi-

479 1379 615 1460 delicet
635 1399 787 1460 centum
813 1381 927 1460 libras
943 1384 1202 1473 Turonenses,
1220 1412 1319 1464 anno
1336 1383 1526 1492 quolibet,
1545 1383 1586 1464 in
1609 1383 1706 1462 lesto
1726 1382 1908 1464 Omnium

478 1512 717 1603 Sanctorum,
750 1511 871 1592 donec
899 1514 998 1592 dicte
1026 1513 1300 1622 quadringente
1331 1515 1429 1596 libre
1458 1513 1570 1596 nobis
1600 1513 1725 1594 solute
1749 1512 1904 1604 luerint,

476 1644 600 1749 primo
619 1644 784 1723 termino
804 1645 1007 1724 solucionis
1029 1647 1228 1753 inceptum
1248 1646 1288 1724 in
1310 1647 1462 1726 instanti
1479 1647 1575 1726 festo
1598 1646 1780 1728 Omnium
1799 1647 1909 1728 Sanc·

477 1793 618 1866 torum,
636 1805 704 1883 per
723 1778 826 1856 curie
847 1794 976 1858 nostre
986 1777 1194 1886 judicium,
1211 1779 1333 1858 extitit
1346 1779 1657 1888 condempnatus.

534 1909 690 1986 Veneris
704 1926 791 2016 post
805 1908 1070 1986 Reminiscere.

533 2173 692 2253 XXVIII.
723 2173 821 2252 Cum
833 2172 1002 2251 Robinus
1017 2173 1064 2250 de
1078 2171 1384 2264 Mortelontaine,
1400 2171 1572 2284 armiger,
1592 2202 1614 2249 a
1629 2172 1799 2282 quodam
1808 2175 1911 2283 judi·

478 2320 571 2394 cato,
583 2305 622 2382 in
633 2303 939 2412 curialleginaldi
951 2302 1138 2411 d'Erquis,
1150 2304 1191 2380 in
1201 2332 1309 2382 causa
1319 2319 1516 2394 retractus,
1529 2322 1658 2383 contra
1668 2305 1794 2413 ipsum
1802 2307 1909 2386 Robi-

478 2463 571 2514 num
582 2434 730 2542 prolato
740 2462 809 2542 pro
821 2435 931 2513 Petro
942 2434 1053 2540 Regis
1064 2451 1102 2512 et
1113 2435 1195 2542 ejus
1207 2461 1336 2528 uxore,
1348 2452 1559 2543 tanquema
1570 2435 1661 2514 lalso
1672 2455 1711 2516 et
1720 2466 1849 2545 pravo,
1862 2443 1911 2520 ad

478 2585 642 2646 nostram
655 2565 813 2654 curiam,
826 2564 867 2643 in
877 2565 1004 2644 assisia
1015 2566 1062 2644 de
1070 2565 1337 2657 BelloMonte,
1350 2567 1583 2675 appellasset,
1596 2568 1908 2652 etcoramballivo

479 2697 748 2778 Silvanectensi
762 2715 799 2774 et
813 2696 1035 2776 hominibus
1050 2697 1154 2776 curie
1170 2716 1299 2778 nostre
1315 2698 1362 2777 de
1377 2698 1624 2780 BelloMonte
1639 2701 1680 2779 in
1690 2702 1817 2780 assisia
1830 2731 1912 2809 pre·

480 2830 590 2922 dicta,
607 2829 710 2906 idern
725 2829 894 2908 Robinus
904 2829 1091 2938 adjornari
1108 2830 1256 2910 lecisset
1270 2831 1390 2910 dictos
1401 2831 1581 2940 conjuges
1593 2851 1632 2911 et
1645 2833 1907 2943 Reginaldum,

480 2978 517 3037 et
535 2960 718 3066 petitione
733 2989 801 3067 per
815 2960 940 3068 ipsum
960 2963 1076 3052 edita,
1095 2963 1135 3040 in
1149 2992 1258 3042 causa
1272 2963 1537 3071 appellacionis
1552 2982 1680 3043 contra
1701 2967 1800 3073 ipsos
1815 2966 1910 3046 adeo

479 3118 698 3195 processum
714 3089 862 3186 luisset,
886 3092 992 3198 quod
1006 3093 1054 3169 ad
1069 3095 1277 3201 proximam
1296 3096 1463 3176 assisiam
1481 3096 1665 3189 suturam,
1687 3097 1735 3176 ad
1751 3099 1910 3178 audien·

482 3220 573 3300 dum
584 3222 664 3330 jus,
687 3221 768 3300 dies
786 3240 865 3301 erat
884 3222 994 3304 dictis
1008 3225 1179 3332 partibus
1193 3229 1396 3338 assignata;
1413 3257 1488 3336 qua
1504 3228 1691 3309 dilacione
1705 3231 1909 3339 pendente,

481 3354 603 3432 dictus
618 3355 845 3463 Reginaldus
859 3355 1036 3448 decessit,
1055 3375 1107 3450 et,
1123 3360 1346 3440 adveniente
1362 3361 1489 3442 assisia
1501 3363 1686 3470 predicta,
1703 3362 1826 3443 dictus
1838 3366 1912 3444 Ro-

479 3482 593 3563 binus
618 3486 836 3593 supplicavit
849 3487 1030 3595 predictis
1048 3489 1182 3570 ballivo
1199 3508 1238 3569 et
1258 3491 1496 3586 hominihus,
1518 3495 1559 3572 in
1578 3493 1691 3602 plena
1711 3496 1912 3586 assistant

479 3615 632 3696 Petrum
647 3617 839 3728 d’Erquis,
862 3621 915 3699 ibi
932 3640 1148 3728 presentem
1162 3624 1345 3704 heredem
1358 3626 1399 3703 in
1418 3626 1583 3706 solidum
1604 3626 1723 3735 ipsius
1743 3627 1910 3708 defuncti

480 3749 694 3855 Reginaldi,
717 3768 761 3828 ut
783 3752 863 3858 ipse
881 3752 1044 3843 dicebat,
1066 3755 1336 3863 compellerent
1351 3758 1557 3864 procedere
1578 3788 1665 3841 cum
1681 3789 1728 3842 eo
1748 3760 1790 3842 in
1814 3761 1911 3840 dicta

481 3905 600 3970 causa,
618 3881 948 3990 secundum-quod
964 3901 1081 3963 status
1095 3887 1264 3993 predicte
1279 3917 1390 3968 cause
1405 3889 1670 3997 appellacionis
1682 3891 1909 3999 requirebat,

482 4037 568 4084 cum
589 4037 697 4115 posse
724 4040 838 4090 suum
862 4012 1010 4093 lecisset
1033 4015 1136 4095 idem
1158 4019 1343 4113 bobinus,
1369 4038 1412 4098 ut
1432 4021 1512 4128 ipse
1533 4022 1696 4116 dicebat,
1719 4025 1910 4131 quamcito

482 4138 587 4218 scivit
609 4141 757 4221 obitum
782 4142 872 4221 dicti
897 4131 1109 4254 Re'ginaldt
1137 4150 1243 4257 quod
1268 4151 1530 4258 adjornaretur
1550 4184 1664 4262 super
1688 4156 1762 4234 hoc
1787 4156 1912 4236 dictus

481 4272 628 4363 Petrum
649 4273 749 4352 dicto
766 4275 893 4369 Petro,
917 4305 961 4356 ex
979 4278 1051 4356 alia
1068 4298 1185 4387 parte,
1207 4283 1356 4361 dicente
1373 4285 1478 4392 quod
1492 4314 1563 4363 nec
1578 4304 1657 4366 erat
1674 4287 1908 4396 adjornatus,

481 4431 551 4480 nec
571 4404 673 4482 diem
697 4405 857 4486 habebat
874 4439 960 4487 cum
981 4411 1137 4503 eodem,
1160 4413 1228 4492 sed
1247 4412 1297 4492 oh
1317 4416 1428 4494 aliam
1448 4446 1597 4500 causam
1619 4420 1836 4498 venerated
1856 4449 1913 4498 as·

483 4534 607 4613 sisiam
623 4538 847 4642 predictam3
859 4569 974 4648 quare
990 4543 1139 4622 dicebat
1155 4573 1285 4624 senon
1300 4550 1420 4626 teneri
1434 4551 1642 4656 procedere
1657 4581 1744 4632 curn
1759 4551 1908 4642 eodem,

483 4665 550 4742 sed
570 4666 718 4746 dicebat
740 4667 860 4750 dictos
882 4671 1065 4752 ballivum
1086 4693 1124 4754 et
1142 4677 1319 4759 homines
1340 4680 1480 4760 debere
1501 4698 1675 4790 reputare
1695 4683 1910 4791 predictum

483 4793 674 4876 Robinum
690 4797 804 4880 luisse
824 4802 1077 4914 negligentem
1094 4808 1135 4886 in
1153 4811 1418 4915 prosecutione
1434 4841 1544 4892 cause
1562 4813 1834 4922 appellacionis
1851 4843 1913 4893 su-

484 4927 674 5032 pradicte;
709 4932 877 5029 tandem,
904 4936 965 5016 die
986 4939 1168 5048 assignata
1190 4941 1300 5022 dictis
1321 4945 1489 5051 partibus
1515 4948 1564 5025 ad
1590 4947 1827 5028 audiendum
1846 4949 1911 5058 jus

484 5087 596 5167 super
609 5061 802 5167 premissis
811 5069 1028 5174 propositis,
1043 5071 1166 5153 dictus
1175 5073 1352 5168 ballivus,
1367 5107 1437 5185 per
1444 5078 1633 5186 judicium
1646 5081 1836 5161 dictorum
1847 5081 1911 5158 ho
