4450 6209
522 706 571 776 so
1106 658 1197 771 u‘ns
1227 696 1367 771 curu.

295 855 425 909 aarum
438 852 482 913 tv,
522 842 716 949 dampnati
736 840 891 919 firmam
915 841 1005 918 dicti
1030 839 1134 947 prior
1159 859 1197 918 et
1221 839 1425 947 capitulum
1445 840 1484 915 in
1505 840 1706 917 emendam
1724 844 1945 951 quingenta·

357 946 420 987 Μ’
522 1004 609 1051 rum
625 973 807 1051 librarum
822 970 1122 1059 Turonensium,
1141 987 1178 1049 at
1191 972 1240 1048 ad
1254 970 1496 1048 reddendum
1512 971 1613 1049 dieto
1628 970 1746 1079 Helye
1761 973 1944 1079 predictas

524 1106 656 1181 decem
672 1103 787 1181 libras
804 1102 851 1179 ab
872 1102 1008 1181 eodem
1029 1119 1205 1192 extortas,
1228 1100 1276 1177 de
1294 1100 1432 1208 quibus
1450 1100 1664 1209 quingentis
1682 1101 1806 1191 libris,
1826 1103 1943 1183 domi-

522 1265 594 1313 nus
607 1239 684 1311 Rex
700 1232 853 1311 habebit
868 1232 1160 1340 quadringentas
1170 1232 1299 1321 libras,
1314 1248 1352 1309 et
1371 1232 1495 1313 dictus
1509 1231 1660 1337 Helyas,
1675 1260 1751 1309 una
1767 1262 1854 1311 cum
1867 1262 1945 1340 pre*

522 1365 633 1442 dictis
652 1365 785 1442 decem
805 1362 930 1449 libris,
951 1390 1021 1468 pro
1039 1362 1119 1440 suis
1142 1361 1270 1439 labora
1290 1378 1329 1439 ct
1350 1361 1540 1467 dampnis,
1563 1378 1716 1439 centum
1736 1361 1858 1441 libras.

578 1496 754 1573 Mercurii
771 1512 860 1601 post
878 1492 1104 1570 cathedram
1124 1493 1239 1571 sancti
1258 1492 1368 1571 Petri.

579 1764 703 1840 XVIII.
735 1761 833 1840 Cum
853 1762 953 1837 inter
967 1775 1248 1865 procuratorem
1265 1774 1452 1845 nostrum,
1469 1784 1538 1862 pro
1558 1757 1683 1847 nobis,
1702 1775 1740 1835 et
1753 1759 1942 1865 religiosos

523 1895 622 1969 viros
650 1891 824 1969 abbatem
855 1908 895 1968 et
921 1907 1150 1967 conventum
1179 1886 1397 1965 monasterii
1425 1887 1708 1995 Beati-Remigii
1734 1889 1940 1978 Remensis,

525 2052 595 2129 pro
609 2050 665 2109 se,
681 2051 724 2099 er
739 2048 816 2098 una
833 2039 954 2128 parte,
970 2049 1012 2096 ac
1024 2018 1206 2097 dilectum
1223 2035 1261 2095 et
1273 2016 1428 2095 fidelem
1440 2034 1612 2095 nosnum
1628 2018 1940 2126 archiepiscopum

525 2152 750 2231 Remensem
762 2212 771 2238 ,
785 2179 855 2259 pro
870 2180 927 2240 se,
945 2179 989 2228 ex
1001 2150 1134 2239 altera,
1147 2149 1295 2256 questio
1313 2164 1410 2225 esset
1430 2166 1552 2234 mota,
1573 2148 1744 2255 predicto
1765 2148 1941 2256 archiepi-

525 2312 654 2391 scopo,
674 2282 830 2362 ecclesie
854 2310 922 2361 sue
942 2282 1116 2373 nomine,
1134 2279 1308 2386 pluribus
1323 2280 1442 2357 causis
1459 2296 1496 2355 at
1514 2278 1728 2356 racionibus
1742 2268 1939 2369 asserente,

525 2434 563 2491 et
578 2432 736 2520 petente
763 2442 832 2520 per
852 2414 1039 2522 judicium
1064 2430 1191 2491 nostre
1217 2413 1321 2489 curie
1343 2410 1520 2488 declarari
1542 2439 1582 2486 ac
1600 2412 1839 2517 pronunciari
1860 2441 1942 2518 pro·

523 2547 721 2653 prietatem
749 2544 862 2652 garde
894 2544 984 2621 dicti
1013 2543 1248 2636 monasterii,
1276 2542 1595 2649 pertinenciarum
1624 2559 1662 2617 et
1687 2544 1940 2621 membrorum

525 2676 696 2784 ejusdem
715 2676 876 2753 sitorum
897 2676 1024 2752 Remis
1048 2692 1088 2751 et
1109 2673 1205 2751 inlra
1228 2673 1449 2751 banleucam
1470 2674 1712 2762 Remensem,
1734 2673 1781 2749 ad
1801 2676 1939 2779 ipsum,

526 2807 681 2884 ecclesie
695 2806 938 2891 suenomine,
956 2805 1145 2909 pertinere
1162 2802 1321 2893 debere;
1338 2820 1376 2880 et
1389 2832 1409 2881 e
1423 2820 1788 2908 contraprocurator
1808 2821 1939 2894 noster,

526 2965 595 3041 pro
615 2934 743 3020 nobis,
767 2934 932 3038 dictique
950 2932 1136 3039 religiosi,
1158 2960 1227 3041 pro
1249 2960 1305 3021 se,
1329 2932 1502 3037 pluribus
1527 2934 1648 3009 causis
1674 2950 1712 3009 et
1735 2936 1940 3013 racionibus

526 3081 779 3173 proponentes
800 3064 937 3141 dictam
952 3063 1107 3169 gardam
1123 3064 1171 3140 ad
1186 3092 1271 3152 nos,
1293 3092 1369 3141 non
1385 3066 1433 3141 ad
1449 3064 1593 3141 dictum
1608 3064 1938 3172 archiepiscopum,

527 3199 732 3306 pertinere,
753 3213 925 3302 peterent
949 3224 1018 3273 nos
1042 3212 1080 3273 et
1105 3194 1205 3302 ipsos
1228 3194 1423 3303 religiosos
1448 3196 1586 3273 absolvi
1609 3196 1745 3274 debere
1765 3198 1812 3275 ab
1832 3198 1940 3303 impe·

427 3336 430 3341 ’
525 3329 663 3405 ticioue
688 3326 874 3434 predicta3
901 3354 1045 3432 nosque
1069 3354 1183 3432 super
1210 3326 1403 3432 predictis,
1429 3326 1565 3402 vocatis
1591 3325 1780 3431 partibus,
1810 3326 1939 3433 inquiri

523 3461 726 3538 fecerimus
747 3459 967 3537 veritatem:
991 3458 1180 3547 Tandem,
1203 3458 1341 3535 auditis
1364 3458 1531 3564 parcium
1553 3457 1767 3535 raciouibus
1795 3458 1880 3535 hinc
1908 3474 1940 3533 et

524 3592 634 3676 inde,
659 3592 812 3695 visaque
840 3590 1012 3694 inquesta
1044 3616 1156 3694 super
1185 3590 1259 3666 hoc
1286 3588 1536 3665 demandato
1565 3606 1695 3666 nostro
1723 3586 1834 3677 lacta,
1862 3588 1940 3663 visis

525 3722 642 3798 eciam
677 3719 880 3824 privilegiis
912 3746 1061 3795 necnon
1092 3720 1238 3824 scriptis
1262 3718 1423 3824 antiquis
1453 3718 1492 3793 in
1523 3719 1681 3795 modum
1710 3718 1939 3823 probaoionis
2019 3714 2022 3721 ’

524 3879 637 3956 super
656 3850 729 3926 hoc
757 3878 778 3925 a
807 3848 975 3955 partibus
996 3850 1209 3954 productis,
1236 3849 1425 3956 predictos
1450 3865 1730 3954 procuratorem
1756 3866 1936 3937 nostrum,

523 4008 593 4085 pro
613 3978 739 4069 nobis,
763 3996 800 4055 et
822 3978 1035 4087 religiosos,
1057 4008 1126 4087 pro
1151 4008 1208 4067 se,
1233 3978 1280 4056 ab
1305 3979 1574 4086 impeticionne
1594 3980 1761 4085 predicta
1782 3978 1870 4057 dicti
1890 4008 1938 4053 ar-

525 4109 771 4216 chiepiscopi,
802 4138 916 4215 super
941 4110 1168 4215 proprietate
1192 4110 1306 4218 garde
1327 4108 1514 4216 predicte,
1535 4139 1603 4216 per
1622 4109 1723 4186 curie
1744 4128 1871 4187 nostre
1881 4110 1938 4216 ju-

523 4241 682 4328 dicium,
706 4242 880 4319 duximus
899 4239 1158 4318 absolvendos.

578 4374 754 4450 Mercurii
774 4390 858 4479 post
877 4370 1105 4450 Cathedrarn
1128 4372 1242 4448 sancti
1265 4373 1381 4459 Petri,
1398 4373 1604 4450 Februarii.

577 4638 669 4714 XIX.
702 4637 797 4713 Cum
823 4636 925 4739 prior
943 4636 1117 4712 Fratrum
1138 4652 1175 4711 et
1188 4652 1405 4741 procurator
1417 4638 1599 4714 Sororum
1616 4634 1701 4712 ville
1718 4635 1933 4719 Insulensis,

523 4766 673 4842 ordinis
684 4766 985 4853 Predioatorum,
1007 4766 1195 4871 quandam
1215 4765 1445 4872 inquestam‚
1463 4768 1510 4843 de
1531 4766 1707 4844 mandato
1723 4784 1853 4847 nostro
1870 4764 1936 4841 lac·

520 4913 598 4971 tarn
610 4924 678 5000 per
689 4894 933 5001 Iladulphum
950 4886 999 4972 de
1012 4899 1254 4985 Betencourt,
1272 4924 1384 5004 super
1400 4899 1654 4977 destructione
1672 4900 1871 4976 domorum
1888 4899 1936 5001 ip

520 5053 647 5101 sorum
670 5026 938 5115 Insulensium,
962 5028 1079 5103 videri
1103 5045 1275 5132 peterent
1297 5046 1335 5105 et
1350 5030 1530 5135 judicari3
1554 5047 1591 5106 et
1612 5058 1632 5106 e
1653 5046 1778 5106 contra
1800 5024 1934 5105 scabini
