4450 6209
528 711 602 780 670
1104 713 1194 784 tus
1224 711 1367 785 OLIM.

295 855 425 908 aarum
438 855 482 916 tv,
521 848 654 955 capiet
673 848 785 928 vendi
800 847 907 940 iecit,
929 849 1245 959 fidejussoresque
1264 868 1419 958 propter
1438 853 1512 928 boc
1532 855 1638 932 datos
1657 854 1942 960 imprisionavit,

358 948 419 988 ’ω’
520 995 574 1070 et,
591 1007 660 1085 per
674 979 890 1085 capcionem
912 979 1073 1059 aliorum
1092 982 1283 1060 bonorum
1303 1010 1460 1060 suorum
1478 982 1599 1061 dictos
1612 985 1794 1093 conjuges
1812 986 1849 1061 iu
1861 1005 1943 1064 tan-

519 1129 601 1188 tum
619 1110 803 1198 astrinxit,
821 1111 928 1217 quod
945 1110 1068 1188 dictus
1085 1111 1211 1201 miles,
1232 1112 1299 1219 qui
1318 1112 1453 1190 morbo
1471 1114 1651 1194 continuo
1670 1132 1834 1205 vexatur,
1856 1117 1940 1194 fecit

519 1271 557 1318 se
579 1238 948 1348 Parisius'asportari,
966 1257 1004 1319 et
1018 1243 1122 1348 quod
1138 1245 1219 1351 ejus
1233 1272 1340 1333 uxor,
1360 1243 1534 1349 pluribus
1550 1243 1695 1323 vicibus
1709 1245 1811 1324 dicto
1832 1247 1936 1325 militi

518 1371 568 1449 ibi
590 1373 766 1450 accedere
783 1389 1020 1479 nequeunte,
1041 1401 1192 1452 necesse
1213 1374 1347 1452 habuit
1366 1375 1543 1452 accedere
1561 1375 1738 1467 Parisius,
1755 1378 1804 1455 ad
1818 1397 1937 1457 osten-

518 1503 688 1580 dendum
710 1503 820 1581 uobis
838 1503 1047 1610 gravamina
1061 1531 1137 1611 que
1154 1505 1278 1582 dictus
1292 1503 1471 1596 ballivus,
1492 1533 1561 1613 pro
1577 1507 1739 1584 emenda
1754 1507 1933 1615 predicta,

517 1651 642 1741 spreto
669 1634 845 1712 mandato
870 1651 998 1714 nostro
1017 1635 1209 1742 predicto,
1233 1635 1287 1714 eis
1310 1635 1509 1725 inserebat,
1535 1654 1574 1714 et
1600 1636 1706 1743 quod
1727 1637 1846 1716 mrdta
1871 1639 1935 1716 alia

518 1768 679 1873 dampna
699 1784 854 1874 propter
873 1766 946 1844 hoc
966 1765 1206 1844 incurrerunt
1224 1793 1293 1873 per
1311 1766 1457 1873 ipsum;
1475 1794 1590 1874 super
1608 1766 1749 1874 quibus
1768 1768 1935 1877 dampnis

517 1925 591 1974 una
605 1927 693 1976 cum
705 1898 787 1976 aliis
801 1897 1090 2004 probacionibus
1110 1925 1155 1974 ex
1168 1925 1278 1974 causa
1293 1897 1392 1975 dicte
1405 1898 1513 1975 uxori
1531 1899 1690 2005 predicti
1703 1898 1844 1989 militis,
1865 1930 1933 2007 que

517 2029 748 2135 procuratrix
762 2028 834 2106 fuit
853 2030 892 2106 iu
908 2028 978 2106 bac
998 2057 1117 2118 causa,
1140 2045 1296 2136 propter
1312 2029 1578 2133 impoteuciam
1600 2029 1691 2108 dicti
1717 2031 1841 2107 mariti
1866 2033 1932 2119 sui,

517 2161 618 2237 curia
638 2177 763 2238 nostra
785 2159 920 2238 detulit
938 2161 1211 2268 juramentum,
1233 2159 1363 2237 taxatis
1387 2160 1492 2263 prius
1515 2189 1582 2265 per
1606 2161 1747 2238 curiam
1774 2180 1932 2240 nostram

516 2290 625 2370 dictis
646 2290 819 2398 dampnis
838 2291 885 2367 ad
906 2291 1083 2368 ducentas
1099 2291 1213 2370 libras
1229 2291 1488 2378 Turonenses,
1507 2292 1538 2368 si
1551 2289 1665 2368 vellet
1674 2293 1804 2398 jurare
1820 2322 1932 2400 usque

516 2421 563 2500 ad,
579 2451 765 2500 summam
780 2441 1022 2529 pretaxatam,
1045 2449 1120 2528 que
1138 2451 1234 2500 uxor
1245 2422 1384 2530 jurarit
1401 2438 1543 2498 mutam
1562 2451 1749 2500 summam
1771 2442 1809 2502 et
1822 2425 1933 2530 majo-

515 2582 596 2630 rem
616 2553 764 2631 racione
781 2554 1030 2660 dampnorum
1047 2552 1305 2658 predictorum
1326 2551 1425 2658 ipsos
1446 2552 1668 2644 incurrisse;
1687 2570 1726 2630 et
1744 2553 1849 2645 ideo,
1869 2582 1932 2660 par

516 2685 618 2762 curie
645 2701 771 2764 nostre
794 2685 998 2794 judicium,
1025 2683 1097 2760 suit
1122 2683 1246 2762 dictus
1269 2684 1378 2792 Hugo
1401 2682 1716 2791 condempnatus,
1739 2713 1809 2793 pro
1828 2686 1931 2763 dictis

516 2817 702 2923 dampnis,
725 2816 764 2892 iu
786 2815 956 2892 ducentis
974 2813 1080 2890 libris
1099 2813 1387 2892 Turonensibus
1404 2813 1627 2921 conjugibus
1646 2817 1877 2922 supradictis.

569 2947 727 3026 Veneris
746 2961 831 3050 post
845 2943 1081 3022 Trinitatem.

490 3173 491 3176 Ἴ
571 3075 677 3152 Creci
696 3074 908 3181 reportavit,

568 3339 725 3420 XXXIV.
757 3337 840 3414 Lite
862 3355 980 3423 mota,
995 3365 1120 3415 coram
1133 3336 1271 3415 ballivo
1291 3336 1578 3427 Silvanectensi,
1599 3340 1698 3418 inter
1716 3343 1927 3447 magistrum

513 3470 763 3550 Guillelmum
780 3468 828 3545 de
844 3466 1020 3557 Molonis,
1042 3466 1242 3557 clericum,
1263 3496 1308 3544 ex
1327 3497 1402 3546 una
1416 3485 1536 3576 parte,
1555 3487 1594 3546 et
1611 3469 1829 3561 Odardum,
1852 3473 1927 3548 dra-

513 3603 678 3710 perium,
706 3601 823 3677 civem
849 3597 1181 3688 Silvanectensem,
1209 3627 1252 3674 ex
1272 3598 1407 3687 altera,
1430 3627 1608 3706 supereo
1632 3601 1806 3680 videlicet
1830 3605 1926 3709 quod

513 3735 636 3810 dictus
660 3729 888 3810 Guiilelmus
911 3729 1061 3807 dicebat
1086 3727 1207 3834 quod,
1232 3729 1271 3804 in
1296 3729 1464 3836 quodam
1482 3729 1585 3807 finali
1606 3737 1781 3840 compoto
1803 3734 1925 3810 habito

513 3865 611 3940 inter
620 3862 738 3968 ipsos,
755 3862 834 3966 ipse
851 3875 1131 3965 computaverat
1141 3889 1228 3936 cum
1246 3860 1326 3965 ipso
1344 3877 1382 3937 et
1399 3862 1645 3967 postmodum
1659 3863 1819 3942 solverat
1833 3864 1925 3941 dicto

513 3993 666 4072 Odardo
689 4009 841 4071 centum
867 4008 905 4067 et
932 3989 1084 4099 triginta
1110 3990 1225 4068 libras
1244 3991 1486 4081 Parisienses,
1502 3993 1542 4069 in
1570 3993 1709 4099 quibus
1738 3993 1925 4072 defimctus

512 4125 652 4211 Droco,
678 4121 854 4200 dominus
873 4120 921 4197 de
941 4121 1117 4212 Melloto,
1141 4121 1251 4198 miles
1279 4138 1317 4200 et
1341 4121 1454 4203 irater
1478 4124 1568 4201 dicti
1592 4124 1807 4216 Guillelmi,
1832 4127 1925 4203 dicto

512 4253 678 4343 Odardo,
692 4270 863 4359 tempore
882 4281 958 4358 quo
969 4251 1126 4340 vivebat,
1139 4251 1355 4341 tenebatur;
1367 4281 1483 4361 quarn
1493 4254 1652 4360 pecunie
1665 4283 1851 4332 summam
1865 4257 1925 4334 do

512 4384 612 4462 mina
622 4384 669 4462 de
683 4384 851 4472 Melloto,
866 4411 960 4462 uxor
972 4383 1166 4490 quondam
1178 4382 1267 4461 dicti
1280 4382 1464 4477 defuncti,
1476 4384 1652 4491 primitus
1665 4385 1766 4465 dicto
1777 4385 1923 4464 Odardo

511 4515 679 4605 solverat,
697 4532 812 4623 prout
830 4513 932 4592 idem
947 4512 1176 4593 Guillelmus
1193 4513 1341 4592 dicebat
1360 4532 1399 4592 et
1415 4515 1597 4594 offerebat
1610 4516 1681 4595 boc
1693 4545 1731 4593 se
1747 4516 1923 4626 legittime

510 4646 775 4750 probaturum,
798 4673 912 4753 quare
938 4645 1089 4751 petebat
1114 4645 1260 4722 dictum
1282 4644 1479 4724 Odardum
1503 4645 1575 4724 sibi
1594 4647 1862 4753 condempnari
1881 4644 1923 4723 ad

511 4773 749 4853 reddendum
766 4775 836 4854 sibi
848 4774 1055 4881 predictam
1074 4775 1235 4881 pecunie
1255 4804 1455 4866 summam,
1473 4804 1587 4882 quam
1602 4776 1773 4856 indebite
1784 4795 1823 4854 et
1835 4804 1924 4856 erro

512 4932 582 4983 nee
604 4904 675 4982 sibi
697 4904 870 4992 solverat,
901 4932 1049 4983 necnon
1069 4903 1232 4982 litteram
1252 4904 1511 5013 obligatoriam
1531 4935 1716 4984 summam
1738 4908 1838 4986 dicte
1862 4935 1920 5013 pe·

513 5035 623 5114 cunie
638 5033 907 5126 continentem,
924 5063 1038 5142 quam
1058 5034 1162 5112 idem
1174 5035 1350 5115 Odurdus
1361 5037 1486 5113 minus
1494 5035 1597 5143 juste
1610 5052 1648 5114 et
1660 5054 1790 5116 contra
1802 5036 1922 5116 volun-
