4450 6209
727 737 997 846 nuoutrns
1021 755 1087 828 nr
1113 729 1321 830 rnoens.
1620 709 1628 720 ’
1670 759 1739 832 111

368 901 476 982 LXV.
507 899 685 1007 Inquesta
703 899 803 976 inter
822 897 1045 1005 magistrum
1058 899 1271 976 Johannem
1291 899 1339 976 de
1359 897 1488 977 Crassa
1511 916 1550 978 et
1566 897 1741 984 abbatem
1779 917 1909 972 anm
1922 915 1965 984 tv,

313 1036 361 1114 de
390 1034 540 1120 Crasse,
565 1031 735 1138 judicata
759 1048 817 1108 est
840 1047 879 1107 et
896 1030 1062 1121 reddita,
1085 1050 1125 1109 et
1151 1049 1207 1108 est
1231 1032 1421 1109 sentencia
1448 1033 1583 1137 scripta
1604 1033 1643 1110 in
1663 1031 1740 1112 line
1840 1009 1904 1054 ’Μ’

311 1164 429 1244 rotuli
448 1161 565 1274 hujus
583 1159 819 1270 parlamenti.

369 1427 495 1509 LXVI.
524 1427 700 1532 Inquesta
714 1426 814 1503 inter
825 1424 1301 1533 bolengeriosParisienses
1316 1444 1354 1503 et
1368 1425 1617 1506 Guillelmum
1631 1432 1744 1508 Petit

312 1559 463 1641 Maistre
485 1558 653 1666 judicata
680 1557 737 1635 est
756 1575 795 1634 et
812 1556 980 1648 reddita,
1008 1576 1046 1635 et
1065 1575 1123 1636 est
1142 1559 1331 1636 sentencia
1355 1561 1491 1666 scripta
1518 1562 1557 1638 in
1586 1559 1662 1639 fine
1683 1592 1744 1640 ro·

312 1691 385 1788 tuli
405 1691 520 1800 hujus
538 1689 775 1798 parlamenti.

369 1955 510 2036 LXVII.
541 1954 641 2033 Cum
654 1953 860 2064 Dyonisius
871 1950 1035 2035 Chasnel
1051 1956 1222 2063 precium
1237 1954 1374 2033 domus
1389 1985 1475 2045 sue,
1492 1985 1606 2066 quam
1620 1959 1745 2035 vendi-

314 2087 421 2165 derat
446 2087 600 2198 Symoni
624 2087 876 2195 d’Espcrnon,
899 2088 1094 2176 semifero,
1117 2087 1292 2166 videlieet
1312 2088 1745 2196 quadringentasdibras

312 2217 556 2311 Parisienses,
577 2219 683 2326 quod
697 2220 886 2326 precium,
910 2237 1065 2327 propter
1081 2220 1262 2297 debatum
1277 2222 1462 2327 parcium,
1481 2241 1560 2300 erat
1575 2224 1614 2298 in
1631 2251 1745 2299 manu

312 2353 492 2462 prepositi
518 2353 750 2442 Parisiensis‚
779 2371 926 2459 peteret
950 2353 1022 2430 sibi
1047 2351 1177 2442 reddi3
1201 2371 1238 2429 et
1258 2381 1278 2429 e
1310 2371 1438 2430 eontra
1461 2355 1583 2431 dietus
1603 2357 1745 2462 Symon

315 2485 458 2562 diceret
476 2483 598 2591 quod,
617 2485 830 2563 seeundum
845 2486 1117 2565 convenciones
1135 2485 1233 2561 inter
1249 2485 1350 2589 ipsos
1366 2483 1526 2570 habitas,
1542 2485 1644 2562 idem
1659 2515 1746 2561 ven-

316 2615 417 2694 ditor
434 2617 592 2694 domum
609 2615 838 2723 predictam,
854 2645 930 2722 que
947 2645 1017 2724 pro
1036 2616 1113 2693 suis
1132 2631 1210 2691 erat
1226 2614 1365 2692 debitis
1382 2613 1563 2721 obligata,
1583 2614 1746 2695 debebat

316 2765 401 2826 ante
417 2748 544 2826 omnia
555 2747 603 2824 ab
617 2747 919 2855 obligaeionibus
934 2746 1153 2855 hujusmodi
1170 2747 1330 2824 liberare
1342 2777 1350 2822 :
1364 2747 1553 2839 Tandem,
1568 2747 1646 2824 viso
1661 2777 1747 2854 pro-

315 2908 423 2959 cessu
440 2909 554 2989 super
572 2881 648 2959 hoe
666 2880 797 2958 habito
817 2880 917 2958 inter
936 2897 1060 2987 partes
1078 2881 1267 2986 predictas
1289 2907 1413 2957 eoram
1434 2881 1624 2986 preposito
1647 2881 1747 2958 Pari-

315 3011 447 3102 siensi,
482 3030 521 3089 et
548 3011 688 3090 auditis
717 3011 1034 3090 convencionibus
1055 3013 1093 3087 in
1127 3012 1228 3089 dieto
1260 3029 1451 3090 contractu
1482 3011 1622 3089 habitis
1650 3013 1747 3091 inter

317 3142 429 3249 ipsas,
452 3144 555 3221 curia
575 3143 761 3222 ordinavit
780 3161 818 3221 et
836 3145 1006 3250 precepit
1026 3144 1126 3221 dieto
1148 3144 1339 3251 preposito
1360 3143 1465 3250 quod
1480 3145 1559 3250 ipse
1577 3145 1746 3250 precium

316 3273 538 3382 hujusmodi
567 3276 668 3353 dicto
689 3275 877 3355 venditori
902 3274 1052 3363 reddat,
1078 3293 1169 3352 tune
1189 3275 1345 3351 demum
1366 3276 1552 3382 cumipse
1573 3275 1747 3355 venditor

316 3405 356 3482 in
377 3435 493 3484 manu
512 3407 603 3484 dieti
619 3407 800 3516 prepositi
821 3406 1039 3484 caueionem
1066 3406 1273 3513 ydoneam,
1295 3408 1451 3516 pignora
1470 3407 1528 3482 vel
1548 3407 1749 3516 fidejusse-

317 3565 398 3614 rem
423 3539 630 3647 prcstiterit
655 3541 703 3617 de
731 3539 995 3650 garantizando
1022 3538 1124 3616 dieto
1149 3539 1309 3647 emptori
1337 3539 1495 3615 domum
1519 3539 1744 3645 predictam,

318 3668 451 3748 saltem
469 3699 592 3777 usque
612 3670 660 3747 ad
681 3671 769 3748 dieti
789 3670 905 3778 precii
920 3670 1181 3777 quantitatem.

375 3802 482 3878 Lune
503 3819 591 3879 ante
611 3803 962 3881 Sanctum-Petrum
982 3802 1030 3880 ad
1048 3800 1219 3881 Vincula.

373 3932 549 4012 Boeellus
562 3935 775 4041 reportavit.

375 4197 532 4280 LXVIII.
561 4199 649 4279 Visa
666 4199 854 4307 inquesta,
873 4197 973 4276 inter
987 4215 1271 4306 procuratorem
1292 4196 1436 4275 domini
1452 4198 1562 4305 Regis
1582 4214 1621 4276 et
1640 4199 1748 4276 here-

319 4329 388 4409 des
407 4330 575 4409 defirncti
594 4329 789 4438 Reginaldi
812 4329 860 4406 de
881 4329 1112 4409 Clameciaeo
1133 4327 1243 4418 sacta,
1264 4357 1378 4436 super
1398 4345 1665 4407 manumortua
1684 4332 1749 4409 b'o-l

320 4488 458 4540 norum
482 4460 572 4538 dicti
600 4459 783 4550 defuncti,
810 4477 965 4567 propter
985 4458 1154 4537 desectus
1179 4459 1218 4535 in
1244 4487 1287 4536 ea
1307 4476 1496 4565 repertos,
1522 4460 1631 4536 euria‘
1647 4462 1749 4537 ordi-

319 4593 419 4670 navit
438 4591 543 4699 quod
562 4591 737 4698 inquesta
751 4591 918 4699 predicta
931 4619 1008 4670 non
1019 4590 1266 4700 judicabitur,
1284 4590 1401 4668 immo
1420 4606 1542 4696 partes
1560 4590 1694 4670 iterato
1710 4613 1748 4672 et

318 4739 499 4831 tanquam
527 4722 575 4801 de
601 4751 698 4802 novo
728 4749 842 4831 super
871 4724 945 4800 hoe
972 4723 1186 4811 audientur,
1216 4739 1269 4812 ct,
1299 4721 1352 4801 eis
1378 4721 1534 4816 auditis,
1558 4721 1667 4802 faciet
1694 4725 1748 4804 eis

320 4856 424 4936 curia
436 4856 587 4964 justicie
602 4858 935 4966 complementum.
1031 4826 1041 4846 ⁶

376 4989 484 5068 Lune
505 5008 590 5069 ante
612 4991 964 5071 Sanctum-Petrum
983 4991 1029 5069 ad
1051 4989 1221 5071 Vincula.

376 5121 550 5201 Boeellus
565 5124 779 5231 reportavit.
