4450 6209
751 731 1021 839 anontras
1047 754 1113 826 nr
1140 733 1348 829 procas.
1692 756 1764 832 135

334 892 433 971 mior
447 905 487 968 et
505 889 617 969 heres
632 891 823 978 masculus
832 892 936 971 solus
948 892 1118 974 defuncti
1128 889 1306 1004 predicti,
1321 897 1573 976 comitatuum
1590 915 1629 977 et
1645 899 1766 976 bono-
1805 905 1936 962 aarum
1949 905 1992 970 tv,

330 1051 420 1102 rum
439 1021 608 1100 aliorum·
622 1022 898 1130 predictorum,
919 1027 1130 1106 secundum
1144 1028 1210 1136 jus
1230 1047 1268 1107 et
1286 1029 1406 1136 patrie
1427 1030 1763 1120 consuetudinem,

332 1155 611 1264 possessionem
643 1156 971 1262 apprehendisset,
1002 1177 1043 1237 et
1066 1177 1165 1240 esset
1191 1162 1232 1240 in
1258 1162 1394 1242 saisina
1413 1165 1695 1271 predictorum,
1722 1181 1767 1242 ut

332 1289 412 1398 ipse
433 1286 637 1376 asserebat,
653 1305 859 1396 antequam
871 1289 921 1368 ad
934 1320 1092 1370 manum
1107 1311 1274 1372 nostram
1287 1321 1330 1373 ea
1343 1321 1590 1402 poneremus,
1608 1322 1765 1373 manum

1768 989 1774 1002 '
1867 999 1930 1043 rsoa.

333 1438 500 1502 nostram
515 1419 606 1498 inde
621 1447 900 1511 amoveremus,
911 1423 1076 1502 offerens
1092 1453 1133 1503 se
1149 1425 1197 1503 ad
1212 1443 1338 1504 nostra
1354 1427 1529 1537 homagia
1539 1455 1609 1536 pro
1622 1427 1769 1535 predic·

331 1554 381 1631 tis
394 1549 591 1642 omnibus,
613 1570 726 1659 prout
738 1554 898 1661 requirit
911 1556 1086 1635 condicio
1101 1557 1337 1668 eorumdem,
1357 1560 1459 1638 etad
1477 1561 1575 1638 dicta
1590 1561 1766 1669 homagia

333 1702 460 1763 nostra
496 1712 536 1772 se
564 1685 714 1764 admitti
739 1686 939 1792 requirens
962 1688 1145 1766 instanter
1174 1690 1321 1768 dilectis
1354 1708 1394 1768 et
1419 1688 1599 1771 fidelibus
1627 1695 1767 1771 nostris

332 1817 471 1899 comite
499 1818 547 1896 de
570 1817 750 1910 Sancero,
773 1820 928 1898 nomine
953 1838 994 1898 et
1011 1823 1163 1900 racione
1186 1823 1313 1901 uxoris
1334 1851 1418 1913 sue,
1441 1842 1480 1902 et
1509 1825 1693 1903 Ganfrido
1716 1824 1764 1903 de

331 1948 550 2058 Lesignam,
573 1949 711 2042 milite,
735 1967 889 2058 gerente
903 1980 944 2030 se
957 1981 1028 2059 pro
1043 1955 1187 2032 herede
1202 1954 1341 2063 scripto
1357 1971 1395 2034 et
1414 1955 1588 2035 instituto
1603 1984 1673 2064 per
1689 1956 1767 2034 dic-

331 2100 414 2162 tum
440 2082 619 2163 comitem
639 2083 836 2190 qnondam
861 2084 903 2161 in
922 2084 1041 2191 ipsius
1062 2103 1307 2177 testamento,
1334 2087 1512 2196 dictoque
1535 2087 1704 2168 Guiardo
1725 2090 1764 2166 in

331 2233 557 2296 testamento
573 2215 729 2306 eodem,
746 2243 792 2294 er
803 2216 917 2296 certis
931 2218 1064 2312 causis,
1079 2236 1124 2297 ut
1139 2217 1346 2310 dicebatur,
1364 2221 1610 2312 exheredato,
1627 2221 1765 2299 multas

330 2348 501 2428 raciones
512 2348 815 2456 proponentibus
824 2377 869 2426 ex
880 2348 1038 2429 adverso
1052 2379 1102 2429 ne
1122 2352 1310 2460 predicta,
1326 2370 1486 2460 exparte
1500 2352 1591 2431 dicti
1606 2351 1764 2433 Guiardi

303 2479 513 2587 ‘requisita
528 2497 569 2558 et
591 2470 816 2588 supplicate,
840 2481 1066 2573 faceremus;
1088 2499 1129 2562 et
1146 2483 1323 2562 similiter
1343 2484 1562 2591 petentibus
1582 2484 1683 2562 dicto
1705 2513 1766 2563 co-

331 2611 441 2705 mite,
458 2611 614 2690 nomine
631 2628 673 2690 et
688 2612 840 2692 racione
856 2613 986 2694 uxoris
1004 2641 1089 2707 sue,
1106 2632 1147 2693 et
1164 2614 1266 2695 dicto
1284 2614 1484 2705 Gauirido,
1502 2643 1573 2695 sno
1588 2615 1761 2706 nomine,

331 2744 482 2823 racione
507 2744 768 2852 predictorum
789 2745 1040 2824 comitatuum
1064 2764 1104 2825 et
1125 2747 1333 2840 bonorum,
1363 2747 1412 2824 ad
1435 2765 1563 2826 nostra
1591 2748 1765 2858 homagia

330 2904 372 2956 se
384 2876 533 2954 admitti
549 2909 559 2956 r
573 2877 747 2956 Tandem
761 2877 902 2956 auditis
913 2907 1028 2986 super
1042 2877 1117 2957 biis
1129 2879 1302 2986 partibus
1314 2879 1522 2970 antedictis,
1539 2897 1577 2957 et
1590 2881 1764 2988 inquesta

332 3037 446 3118 super
463 3008 666 3117 propositis
683 3009 773 3088 binc
793 3027 831 3087 et
848 3009 940 3088 inde
959 3011 1008 3088 de
1027 3011 1208 3090 mandato
1222 3029 1353 3091 nostro
1370 3010 1481 3102 sacta,
1498 3011 1687 3122 nobisque
1707 3040 1767 3090 re·

331 3156 494 3248 portata,
510 3140 586 3219 visa
602 3157 641 3218 et
655 3140 860 3250 diligenter
873 3143 1098 3236 examinata,
1112 3172 1182 3250 per
1200 3143 1305 3222 curie
1321 3159 1449 3222 nostre
1460 3141 1669 3250 judicium,
1688 3142 1766 3220 dio-

331 3289 415 3388 tum
438 3272 513 3351 fuit
537 3289 578 3352 et
603 3275 894 3382 pronunciatum
921 3276 1027 3383 quod
1050 3304 1121 3355 nos
1143 3276 1353 3383 predictam
1376 3304 1530 3354 manum
1554 3293 1721 3354 nostram
1745 3307 1765 3354 a

332 3404 574 3486 comitatibus
600 3422 640 3482 et
664 3405 775 3484 bonis
798 3406 980 3514 predictis
1010 3407 1286 3498 amovebimus,
1320 3424 1358 3484 et
1385 3407 1529 3485 dictum
1553 3405 1765 3486 Guiardum

332 3565 402 3644 pro
427 3536 623 3643 predictis,
645 3566 780 3616 eorum
799 3538 975 3617 saisinam
994 3537 1067 3617 sibi
1088 3537 1353 3630 deliberando,
1376 3539 1424 3616 ad
1444 3553 1572 3616 nostra
1591 3538 1764 3647 homagia

332 3668 592 3758 admittemus,
618 3670 720 3748 salvo
735 3671 822 3779 jure
842 3689 972 3750 nostro
993 3689 1032 3750 et
1050 3671 1224 3779 quolibet
1247 3671 1390 3760 alieno,
1412 3686 1597 3750 reservata
1615 3670 1765 3778 predic-

331 3802 381 3879 tis
400 3801 528 3881 comiti
547 3803 597 3880 de
617 3803 797 3897 Sancero,
812 3803 970 3884 nomine
990 3822 1030 3881 et
1047 3804 1198 3883 racione
1218 3803 1357 3913 quibus
1377 3831 1505 3911 supra,
1523 3820 1561 3882 et
1578 3802 1761 3884 Gauirido

334 3932 383 4011 de
399 3933 597 4042 Lesignam
613 3935 654 4012 in
668 3935 847 4043 predictis
860 3936 1100 4024 comitatibus
1116 3954 1154 4016 et
1168 3937 1280 4017 bonis
1294 3936 1493 4044 questione
1506 3935 1762 4044 proprietatis,

333 4066 362 4142 si
383 4066 454 4145 sibi
475 4066 641 4145 viderint
657 4067 847 4175 expedire.
1312 4049 1313 4052 Ἴ

390 4199 567 4278 Mercurii
601 4201 641 4278 in
670 4201 815 4280 octabis
849 4201 1055 4280 Nativitatis
1089 4199 1191 4280 beati
1226 4200 1626 4307 Johannis-Baptiste,
1663 4227 1762 4276 anno

332 4332 601 4412 trecentesimo
620 4349 768 4441 quarto.
1004 4311 1016 4332 ⁶
1532 4355 1534 4360 ·

339 4645 347 4656 -
389 4597 548 4678 XXXIII.
580 4598 679 4678 Cum
696 4597 945 4709 Berangarius
958 4599 1008 4676 de
1022 4597 1197 4687 Fraxino,
1214 4613 1338 4676 rector
1354 4594 1509 4673 ecclesie
1528 4594 1577 4672 de
1590 4594 1764 4684 Joncoso,

334 4728 460 4823 frater,
487 4745 526 4810 et
547 4730 795 4841 Berengarius
819 4730 868 4808 de
891 4729 1072 4822 Fraxino,
1094 4729 1272 4819 clericus,
1294 4726 1398 4806 fitius
1421 4728 1522 4806 Petri
1541 4720 1694 4805 Amaidi
1717 4727 1765 4805 de

334 4860 510 4951 Fraxino,
524 4861 718 4969 quondam
737 4862 825 4942 civis
840 4861 1109 4953 Narbonensis,
1129 4861 1329 4969 peciissent
1343 4875 1560 4968 attemptata
1575 4859 1614 4936 in
1630 4887 1764 4938 eorum

334 4993 606 5101 prejudicium,
623 5023 693 5102 per
706 4993 887 5073 dilectum
903 5012 942 5073 et
955 4974 1110 5072 fidelem
1122 5009 1293 5072 nostrum
1306 4992 1550 5086 Almaricum,
1565 4991 1764 5069 vicecomi-

282 5104 285 5108 Δ
333 5141 410 5201 tem
421 5124 1027 5234 Narbonensem,postquamdam
1040 5125 1276 5206 diffinitivam
1289 5125 1516 5203 sentenciam
1531 5121 1763 5200 criminalem
