4450 6209
513 702 586 777 l08
1108 700 1196 775 LES
1226 699 1369 773 0LlM.

290 855 419 911 rmum
430 854 473 913 Νι
510 866 594 923 tum
609 846 679 925 luit
693 871 761 925 nos
776 874 856 924 esse
870 862 907 923 et
921 872 1118 922 remanere
1134 842 1292 931 debere,
1307 860 1502 949 tamquam
1514 859 1659 947 partem
1670 900 1678 930 ,
1691 842 1778 949 jure
1790 860 1932 933 nostro,

350 948 411 991 Μ’
512 978 551 1055 in
571 981 705 1057 saisina
725 970 920 1056 erercendi
940 1002 1095 1055 omnem
1113 975 1304 1083 justiciam
1326 973 1445 1052 altam·
1460 990 1498 1051 et
1516 972 1662 1051 bassum
1681 974 1721 1051 in
1742 974 1835 1051 locis
1855 1003 1918 1081 pre

513 1110 637 1204 dictis,
656 1112 910 1196 salvatamen,
928 1134 1041 1215 super
1056 1109 1145 1197 boc,
1162 1105 1260 1214 parti
1274 1107 1446 1195 adverse,
1463 1105 1663 1212 questione
1682 1105 1930 1214 proprietatis,

368 1316 375 1329 ,
512 1260 551 1319 et
561 1242 697 1319 dictem
711 1258 856 1347 partem
867 1240 1059 1317 adversam
1074 1267 1154 1318 esse
1168 1239 1207 1315 in
1224 1238 1359 1318 saisina
1372 1236 1572 1316 exercendi
1583 1236 1888 1345 jurisdictionem
1896 1238 1934 1314 in

513 1372 610 1449 dicta
625 1372 820 1478 parrochia
833 1371 884 1449 de
901 1370 1074 1460 Achaeo,
1094 1370 1188 1449 etin
1207 1397 1250 1447 ee
1267 1396 1462 1447 remanere
1479 1368 1636 1459 debere,
1658 1368 1757 1447 salve
1773 1368 1884 1447 nobis
1896 1372 1933 1446 in

511 1503 729 1611 hujusmodi
745 1504 944 1610 questione
957 1501 1217 1609 proprietatis3
1235 1519 1273 1579 et
1287 1529 1423 1578 manus
1436 1517 1581 1592 nostro,
1598 1500 1741 1578 ibidem
1753 1501 1929 1607 apposita,

510 1634 580 1711 luit
595 1653 733 1725 amota,
751 1652 788 1712 et
801 1635 920 1711 eciam
937 1662 1070 1711 manus
1084 1651 1225 1724 nostra,
1238 1633 1407 1740 apposite
1416 1633 1457 1709 in
1470 1631 1568 1709 dicte
1578 1632 1778 1739 parrochia
1789 1632 1838 1709 de
1851 1634 1933 1711 llus

510 1783 607 1856 seto,
623 1764 696 1842 suit
710 1782 851 1855 omum,
870 1765 966 1843 salvs
981 1764 1093 1842 nobie
1107 1764 1305 1870 questione
1318 1764 1558 1870 proprietatis
1573 1778 1613 1839 et
1624 1763 1868 1869 possessionis
1874 1764 1933 1871 ju·

510 1896 737 1973 risdictionis
751 1896 790 1973 in
802 1893 1088 2001 locopredict03
1104 1911 1159 1982 et,
1175 1922 1246 1999 pro
1262 1893 1473 1972 excessibus
1486 1893 1682 2000 predictis,
1697 1893 1843 2001 liquide
1856 1923 1932 2001 pro·

511 2028 624 2119 batis,
646 2026 790 2105 dictum
809 2026 882 2105 luit
900 2025 1004 2133 quod
1023 2042 1155 2134 gentes
1176 2024 1268 2102 dicti
1292 2023 1392 2131 regis
1411 2023 1544 2132 Anglie
1568 2024 1642 2102 hoc
1662 2024 1928 2114 emendabunt3

511 2186 625 2266 quam
647 2159 845 2237 emendam
862 2175 991 2264 postea
1011 2158 1112 2233 curin
1127 2173 1271 2246 nourr,
1293 2173 1421 2234 contm
1440 2156 1583 2234 dictum
1603 2159 1797 2265 Angemm
1816 2156 1926 2243 Mota,

512 2307 602 2366 tunc
617 2288 863 2367 senescallum
879 2288 1114 2396 Agenensem
1125 2348 1133 2376 ‚
1145 2286 1281 2363 taxavit
1293 2285 1340 2364 ad
1352 2287 1522 2394 quinque
1537 2286 1656 2363 millis
1667 2286 1846 2365 librorum
1860 2287 1931 2363 Tu·

511 2420 749 2510 renensium,
772 2419 900 2508 nobis,
923 2444 993 2525 pro
1014 2418 1173 2495 emenda
1193 2416 1469 2524 predictorum,
1492 2416 1683 2497 solvende.

566 2551 665 2629 lovis
685 2565 770 2629 ente
790 2550 1052 2629 Cendelosam.

549 2682 725 2759 =Cuillier
744 2680 955 2787 reportavit.

568 2948 660 3022 XXI.
691 2946 777 3023 Visa
798 2947 967 3051 inquesta
988 2946 1080 3023 lacta
1101 2947 1200 3023 inter
1219 2945 1390 3024 abbatem
1411 2946 1593 3035 Oberine,
1607 2974 1651 3023 ex
1671 2964 1775 3052 purte
1796 2963 1931 3034 uns,et

504 3076 760 3153 ‘bertrandum
786 3092 824 3155 et
843 3075 1077 3155 Arruandurn
1102 3076 1150 3153 de
1173 3075 1373 3167 Grumum,
1395 3075 1543 3167 iratres,
1564 3075 1722 3167 milites,
1745 3094 1929 3155 eteorum

478 3256 482 3263 -
513 3224 719 3295 consortes,
743 3207 940 3296 exaltem,
961 3234 1138 3313 supereo
1154 3208 1260 3314 quod
1279 3206 1428 3285 dicebat
1447 3208 1571 3285 dictus
1589 3204 1703 3285 ebbes
1722 3209 1827 3316 quod
1846 3209 1930 3285 dicti

511 3337 651 3415 milites
671 3355 858 3416 eteorum
880 3356 1074 3416 consortes
1093 3339 1276 3447 injuriose
1296 3338 1461 3417 fecerant
1478 3339 1597 3418 occidi
1617 3339 1804 3446 quosdam
1823 3337 1931 3417 boves

510 3470 627 3577 ipsius
646 3469 791 3549 abbatis
801 3502 809 3559 3
820 3498 915 3547 cum
931 3472 1126 3548 inventum
1146 3469 1260 3548 fuerit
1273 3470 1411 3547 dictem
1423 3471 1633 3578 inquestem
1647 3496 1725 3550 uon
1740 3498 1821 3548 esse
1836 3500 1933 3550 com·

509 3601 667 3705 pletam,
689 3630 757 3707 per
777 3602 919 3678 curiam
944 3602 1088 3679 dictum
1116 3601 1190 3679 fuit
1208 3600 1314 3709 quod
1338 3600 1436 3679 dicta
1463 3603 1635 3709 inquests
1655 3602 1870 3681 remittetur
1888 3602 1932 3678 ad

511 3731 784 3837 perficiendum
797 3760 866 3837 per
880 3733 1062 3839 majorem
1075 3732 1245 3840 judicem
1260 3732 1480 3811 senescallie
1492 3734 1819 3841 Petregoricensis,
1831 3760 1931 3811 voca-

511 3863 559 3938 tis
569 3861 754 3967 partibus,
768 3877 806 3938 et
817 3862 988 3940 lobsune
1003 3862 1163 3952 Calveti,
1181 3881 1423 3969 procuratore
1435 3882 1566 3943 nostro
1580 3864 1800 3944 senesoellie
1811 3866 1930 3941 Petra·

510 3992 725 4099 goricensis.

566 4122 667 4201 lovis
686 4123 864 4230 predicta.

564 4254 724 4333 Cuillier
742 4258 954 4364 reportavit.

564 4388 788 4468 Procurator
806 4390 1120 4499 Petmgoricensis
1140 4390 1273 4469 habuit
1294 4415 1388 4469 eam.

566 4652 673 4726 XXll.
705 4652 807 4729 Mota
821 4652 1020 4758 questione
1036 4652 1136 4729 inter
1151 4653 1383 4761 prepositum
1399 4672 1571 4733 nostrum
1585 4654 1766 4744 Crocisci,
1779 4655 1927 4734 nomine

508 4795 653 4872 nostre,
681 4810 723 4858 ex
749 4811 825 4859 una
843 4800 966 4889 parte,
990 4800 1027 4860 et
1056 4783 1229 4861 homines
1249 4783 1423 4863 villarum
1447 4784 1630 4863 Coulliaci
1651 4786 1756 4864 etde
1781 4786 1928 4865 Sancto·

508 4907 716 5001 Germano,
731 4940 774 4989 ex
790 4913 919 5003 alteru,
938 4942 1053 5021 super
1072 4916 1235 5024 eoquod
1248 4916 1352 4994 idem
1367 4916 1598 5023 prepositus,
1611 4918 1766 4995 nomine
1785 4934 1925 5003 nostro,

507 5042 660 5145 petebat
679 5042 798 5122 dictos
814 5044 988 5124 homiues
1003 5047 1179 5154 compelli
1196 5049 1245 5126 ad
1260 5048 1579 5127 contribuendum
1595 5046 1791 5127 refectioni
1808 5047 1927 5157 pontis
