4450 6209
518 708 591 783 tte
959 670 968 681 ’
1096 710 1187 783 tes
1216 708 1361 783 omn.

292 862 477 927 rmnmtv,
516 880 632 960 quam
651 852 700 931 rb
720 851 867 959 inique,
885 850 1163 957 condempnatis
1178 878 1248 959 per
1268 848 1413 927 dictum
1422 848 1594 956 judicem
1614 876 1774 956 persone
1789 851 1841 930 sd
1856 879 1938 931 nos-

352 954 415 999 ¹³⁰⁹'
516 1000 613 1063 trem
630 984 774 1061 curiam
795 981 1030 1089 appellarunt
1047 1014 1056 1059 ε
1076 982 1177 1063 Visis
1194 982 1311 1089 igitur
1327 980 1564 1089 processibus
1578 980 1752 1088 inqueste
1766 1000 1807 1061 et
1820 984 1938 1091 appel-

516 1115 672 1195 lacionis
692 1116 965 1223 predictarum,
988 1142 1056 1222 por
1075 1115 1178 1192 curie
1205 1130 1332 1192 nostre
1348 1113 1539 1221 judicium
1561 1112 1634 1193 luit
1653 1114 1800 1194 dictum
1817 1116 1936 1223 ipsum

510 1246 681 1352 judicem
711 1262 883 1325 nostrum
905 1244 1147 1336 Carcasone,
1171 1262 1360 1353 quantum
1381 1244 1433 1323 cd
1449 1244 1660 1324 Amoldum
1678 1246 1855 1336 soffredi,
1875 1250 1938 1326 Ar·

515 1376 671 1456 naldum
696 1378 887 1456 Remundi
909 1376 957 1454 de
984 1377 1137 1466 Bevilla‚
1165 1376 1411 1455 Remundum
1439 1376 1587 1465 Vitatis,
1619 1378 1869 1456 laurencium
1893 1381 1936 1456 de

514 1509 618 1599 Feia,
635 1511 792 1589 Petrum
808 1509 857 1589 dc
872 1507 1059 1589 Belbonss
1074 1526 1113 1587 et
1127 1508 1340 1589 Jobsnnem
1359 1508 1408 1589 de
1428 1506 1597 1597 Solonio,
1620 1508 1690 1615 qui
1702 1506 1822 1615 judex
1844 1510 1938 1616 ipsos

515 1643 554 1721 in
569 1641 751 1721 sexcentis
765 1640 872 1719 libris
890 1640 1197 1729 Turonensibus.
1212 1640 1405 1729 videlicet,
1428 1639 1468 1717 in
1484 1657 1637 1719 eentum
1651 1638 1759 1720 libris
1772 1640 1937 1747 ipsorum

514 1772 726 1879 quemlibet
738 1771 1444 1880 condempnavitbenepronuucissse,
1456 1771 1604 1877 etipsos
1612 1770 1937 1880 meleappellcssu

415 1938 418 1947 ·
514 1903 598 1992 sod,
615 1920 800 2010 quantum
815 1904 863 1983 ad
880 1903 989 1994 ulios,
1010 1904 1048 1981 in
1065 1932 1134 1983 sue
1146 1903 1314 2011 predicto
1329 1900 1663 2009 condempnastis
1677 1905 1868 1983 sentencie
1879 1935 1939 1985 no

513 2034 690 2123 miriatos,
712 2033 837 2139 ipsum
851 2032 949 2110 male
959 2033 1164 2142 judicasse,
1181 2051 1221 2113 et
1237 2063 1305 2113 eos
1315 2033 1415 2114 bene
1433 2032 1661 2141 appellasse,
1672 2062 1758 2113 cum
1773 2063 1844 2141 per
1859 2065 1938 2143 pre·

514 2165 651 2245 dicum
666 2165 878 2272 inquestam
899 2164 1017 2243 nichil
1038 2182 1167 2245 contra
1183 2193 1250 2243 eos
1267 2166 1478 2273 reperietur
1496 2163 1725 2246 sufficienter
1742 2167 1936 2273 probatum

512 2297 628 2377 l'nissc
643 2296 691 2375 de
715 2296 921 2403 premissis3
943 2314 1127 2403 quantum
1147 2325 1235 2377 uero
1253 2298 1303 2375 ed
1323 2324 1457 2375 omnes
1479 2296 1590 2387 elios,
1613 2324 1730 2404 super
1750 2299 1937 2404 premissis

512 2428 703 2509 violenciis
719 2446 758 2509 et
770 2429 980 2508 excessibus
996 2431 1245 2509 denunciatos
1256 2446 1556 2535 conperientes,
1569 2428 1791 2537 quosjudex
1805 2458 1937 2508 memo

510 2578 612 2641 retus
628 2560 802 2650 absolvit,
819 2561 965 2639 tenebit
981 2560 1174 2641 absolucio
1194 2559 1373 2667 predicte.
1612 2556 1617 2565 ⁸

566 2692 696 2771 Martis
715 2709 800 2797 post
814 2691 1079 2771 Reminiscere.

566 2824 617 2901 M.
640 2823 684 2904 G.
709 2822 761 2903 de
778 2826 873 2903 Usco
891 2825 1107 2935 reportavit.

566 3087 640 3165 Lll.
671 3087 757 3167 Visa
776 3079 950 3195 inquesta
968 3089 1199 3194 percutiam
1217 3105 1383 3167 nostram
1405 3089 1501 3167 tacu
1518 3091 1617 3169 inter
1637 3094 1793 3171 Petrum
1812 3093 1860 3170 de
1876 3093 1935 3171 ln·

509 3218 690 3308 claustro,
723 3220 842 3297 civem
867 3219 1132 3314 Parisiensem,
1164 3248 1209 3297 ex
1233 3249 1310 3299 uno
1334 3238 1457 3328 parte,
1487 3240 1525 3301 et
1552 3223 1814 3303 vicecomitem
1842 3252 1935 3331 eque

507 3350 819 3460 Rothomagensis
834 3381 875 3429 ac
893 3352 1129 3460 prepositum
1142 3353 1413 3442 Perisiensem‚
1428 3382 1498 3461 pro
1513 3354 1671 3434 domino
1686 3359 1804 3465 Rege,
1821 3384 1865 3435 ox
1884 3356 1935 3433 al·

506 3500 602 3575 tera,
627 3483 821 3562 inventurn
846 3501 902 3561 est
927 3484 1032 3591 quod
1056 3485 1136 3591 ipso
1160 3512 1239 3561 non
1263 3500 1318 3563 est
1346 3483 1531 3590 perfecta,
1557 3486 1625 3564 scd
1648 3486 1874 3593 perficietur,
1899 3504 1935 3565 et

508 3612 646 3713 dentur
660 3614 852 3692 auditores
869 3643 983 3722 super
1002 3615 1107 3692 lactis
1128 3616 1218 3692 binc
1237 3614 1329 3693 inde
1342 3616 1549 3723 propositis
1565 3616 1606 3693 in
1621 3616 1768 3695 eadem.

564 3745 694 3821 Martis
710 3746 886 3851 predicta.

563 3873 736 3951 Bocellns
754 3877 967 3982 reportavit.

564 4138 652 4214 Llll.
683 4140 797 4229 Cum,
817 4168 941 4217 cosam
962 4139 1391 4229 commissoriis-nostris,
1407 4154 1509 4217 mota
1525 4140 1658 4220 fnisset
1670 4142 1820 4248 questio
1839 4144 1933 4222 inter

505 4286 787 4376 procuratorem
808 4289 980 4381 nostrum
999 4272 1224 4377 inpartibus
1241 4271 1482 4362 Tholosenis‚
1499 4300 1544 4351 ex
1559 4302 1635 4352 unc
1650 4291 1771 4381 parte,
1793 4293 1832 4353 et
1852 4304 1932 4382 pre·

507 4420 697 4508 ceptorem
720 4420 757 4481 et
779 4402 910 4481 fratres
932 4404 1070 4483 domus
1092 4403 1141 4483 de
1165 4403 1357 4483 Renevillo
1380 4404 1582 4511 Hospitalis
1605 4406 1931 4485 Sancti-lobannis

504 4533 822 4643 lerosolymiteni,
850 4536 1006 4615 nomine
1027 4537 1194 4643 predicte
1219 4536 1373 4625 domus,
1400 4566 1445 4615 ex
1466 4536 1598 4627 ultera,
1624 4566 1806 4646 supereo
1832 4538 1932 4647 quod

505 4664 652 4745 dicebat
667 4666 768 4743 idem
784 4686 1002 4773 procurator
1016 4685 1144 4749 noster
1159 4668 1266 4777 quod
1286 4669 1357 4775 ipsi
1376 4688 1575 4775 preceptor
1592 4688 1631 4749 et
1644 4670 1779 4749 frames
1797 4670 1931 4749 domus

505 4795 671 4901 predicte
695 4796 864 4876 indebite
892 4816 932 4878 et
952 4800 1089 4907 injuste
1115 4802 1337 4879 exercebant
1360 4801 1547 4879 minorem
1563 4801 1870 4909 jurisdictionem
1892 4801 1929 4879 in

505 4924 591 5003 ville
611 4926 657 5003 de
678 4928 883 5017 benevilis,
906 4958 1074 5009 asserens
1096 4930 1200 5009 idem
1219 4948 1440 5038 procurator
1460 4950 1590 5011 noster
1602 4933 1710 5040 quod
1724 4962 1875 5013 merum
1893 4950 1930 5009 et

506 5056 664 5133 mixtum
690 5058 892 5164 imperium
920 5080 958 5139 et
986 5063 1111 5140 omnis
1129 5063 1344 5171 jurisdictio
1371 5063 1470 5143 dicte
1497 5064 1585 5144 ville
1609 5064 1661 5144 ud·
1677 5094 1746 5144 nos
1768 5064 1929 5171 pertinet
