4450 6209
516 722 589 797 blo
1099 724 1190 797 tus
1218 722 1358 797 otltt.
1510 781 1516 791 .

289 878 419 933 earnm
434 880 477 941 W·
513 887 796 976 procuratorem
816 870 856 945 in
876 866 1046 975 expensis
1064 865 1139 943 litis
1158 864 1533 972 condempnand03a
1547 869 1842 975 qus-sentencie,
1861 886 1939 946 tan·

351 970 413 1015 Μ’
514 1002 628 1110 quani
645 1002 790 1110 iniqua,
810 998 883 1078 suit
902 999 1035 1075 iterato
1051 1027 1121 1104 per
1136 996 1281 1077 dictum
1296 1000 1770 1105 procuratorem,'noinine
1784 1028 1862 1107 quo
1875 1028 1937 1078 su-

513 1162 594 1238 pra,
616 1132 662 1210 ad
685 1151 849 1211 nostram
867 1131 1008 1211 curiam
1024 1129 1253 1237 appellatum
1269 1160 1278 1205 ε
1294 1130 1391 1207 Visis
1409 1130 1526 1237 igitur
1534 1132 1631 1209 aetia
1649 1148 1689 1209 et
1702 1130 1936 1239 processibus

511 1265 707 1372 utriusque
730 1292 857 1352 cause,
876 1262 1095 1369 meritisque
1121 1261 1306 1339 dictarum
1325 1290 1520 1367 caueantur
1544 1262 1748 1371 diligenter
1768 1262 1933 1351 attentis,

509 1423 577 1500 per
590 1396 692 1473 curie
704 1413 830 1473 nostre
841 1393 1031 1502 judicium
1053 1392 1198 1470 dictum
1215 1391 1288 1471 tuit
1303 1410 1341 1471 et
1356 1393 1649 1500 pronunciatum
1664 1392 1807 1471 dictum
1819 1401 1935 1471 senes

416 1591 420 1597 .
509 1525 646 1603 callum
667 1526 765 1605 bene
784 1524 1070 1633 pronunciasse,
1089 1538 1128 1601 et
1143 1524 1288 1602 dictum
1302 1542 1585 1632 procuratorem
1600 1523 1929 1632 mile-appellasse,

510 1674 546 1735 et
561 1656 667 1765 quod
682 1657 779 1735 dicta
795 1656 984 1735 sentencia
1004 1653 1246 1733 mandabitur
1261 1656 1493 1735 execueiani.¹
1529 1709 1533 1724 .
1669 1711 1673 1720 ·
1870 1669 1874 1675 ’

566 1787 695 1865 Martis
713 1804 799 1894 post
820 1786 1085 1865 Reminiscere.

567 1920 617 1995 M.
639 1920 670 1995 J.
696 1919 744 1995 de
763 1917 901 1996 Landri
922 1918 1135 2024 reportarit.
1280 1958 1283 1966 ·

568 2182 693 2259 XLIX.
723 2182 819 2263 Cum
842 2182 1005 2289 quedam
1028 2181 1294 2287 appellacionis
1315 2180 1441 2269 eausa,
1464 2206 1532 2287 per
1548 2182 1830 2287 procuratorem
1851 2182 1933 2260 tali-

510 2313 605 2422 giosi
619 2313 702 2401 viri,
717 2312 863 2391 abbatis
880 2313 1176 2401 Terracinensis,
1195 2312 1353 2390 nomine
1369 2313 1629 2417 procuratorio
1645 2312 1780 2419 ipsius,
1804 2312 1852 2389 ab
1871 2342 1934 2390 au·

512 2441 658 2520 diencia
672 2443 865 2521 senescalli
882 2442 1003 2521 nostri
1022 2440 1401 2551 Petragoriceniis⁸ad
1424 2442 1591 2521 nostram
1609 2444 1756 2521 curiam
1772 2443 1934 2551 interpo-

511 2574 599 2665 site,
613 2602 725 2680 super
733 2572 962 2680 quibusdam
972 2574 1263 2681 gravaminibus,
1276 2573 1324 2651 ad
1330 2573 1550 2652 instanciam
1561 2573 1732 2653 Gattlridi
1744 2574 1794 2653 de
1802 2575 1931 2663 Ponte,

511 2705 637 2787 eidem
657 2706 781 2785 abbati
803 2723 841 2783 et
855 2706 1073 2784 hominibus
1087 2707 1182 2795 suis,
1205 2734 1273 2813 per
1289 2704 1492 2813 quamdam
1506 2704 1789 2784 ordinacionem
1806 2705 1933 2812 prelati

512 2835 704 2914 senescalli
721 2836 857 2925 nostri,
874 2837 921 2914 de
936 2836 1164 2943 quibusdam
1182 2836 1418 2944 pignoribus,
1436 2836 1483 2913 ab
1496 2836 1718 2915 bominibus
1732 2836 1825 2915 dicti
1842 2836 1933 2916 Gau·

512 2966 616 3055 sridi,
635 2994 704 3071 per
712 2966 897 3073 quosdam
913 2967 1116 3045 servientes
1130 2984 1293 3073 nostros,
1310 2967 1358 3044 ad
1372 2966 1592 3046 instanciam
1607 2968 1750 3064 abbatis
1761 2967 1931 3077 predicti,

513 3096 642 3204 captis,
672 3096 815 3175 eisdem
840 3097 1059 3180 bominibus
1080 3098 1338 3189 restituendis,
1358 3116 1404 3177 ut
1421 3098 1573 3177 dicebat
1587 3100 1690 3177 idem
1705 3117 1930 3205 procurator,

511 3227 641 3317 illatis,
661 3256 813 3334 pernes
830 3232 1025 3307 commisse
1046 3229 1178 3307 suisset
1191 3230 1368 3337 magistro
1383 3230 1548 3309 Geraldo
1571 3230 1621 3309 de
1639 3230 1846 3318 Sabanaco,
1864 3228 1934 3306 cle·

511 3360 588 3438 rico
609 3376 754 3449 nostro,
778 3360 967 3439 audienda
983 3378 1020 3440 et
1028 3361 1294 3454 terminanda,
1315 3360 1753 3469 fueritquerdictacausa
1769 3366 1839 3470 per
1855 3390 1934 3469 pre·

510 3491 628 3569 latum
646 3494 866 3601 magistrum
881 3492 1107 3583 Geraldum,
1128 3492 1352 3600 quibusdam
1369 3512 1497 3572 umen
1507 3494 1934 3603 partiamptedictarurn

511 3651 635 3699 coram
656 3651 702 3701 eo
726 3622 1017 3731 allegacionibus
1041 3623 1198 3713 auditis,
1221 3624 1400 3733 magistro
1422 3625 1534 3705 Petro
1556 3624 1802 3733 Teysenderii
1823 3622 1933 3704 simili

511 3752 627 3830 modo
650 3754 863 3843 commissa,
886 3755 1063 3861 magister
1078 3756 1212 3834 Petrus
1226 3755 1434 3861 predictus,
1458 3757 1609 3864 cognito
1628 3756 1680 3833 de
1696 3756 1797 3834 dicta
1810 3782 1931 3840 causa

512 3882 769 3989 pronunciavit
788 3884 1082 3991 appellacionem
1100 3885 1190 3963 dicti
1208 3886 1352 3965 abbatis
1367 3914 1446 3965 esse
1461 3887 1822 3997 injustam,·dictum
1835 3886 1933 3965 tisu-

509 4012 649 4090 lridum
672 4031 709 4092 et
728 4016 809 4123 ejus
828 4033 1109 4122 procuratorem
1129 4046 1149 4093 a
1167 4018 1353 4125 peticione
1373 4018 1629 4098 dicti‘abbatis
1647 4036 1761 4126 snper
1779 4018 1855 4096 boc
1873 4017 1932 4094 ab·

510 4143 705 4233 solvendo,
734 4145 953 4254 dictumque
974 4148 1147 4226 abbatem
1166 4166 1203 4227 et
1218 4166 1499 4257 procuratorem
1521 4178 1653 4239 suum,
1675 4150 1832 4230 nomine
1856 4178 1933 4258 pm

510 4276 855 4384 curatorioipsius,
875 4278 914 4355 in
939 4278 1019 4359 litis
1044 4281 1214 4386 expensis
1237 4280 1573 4389 condempnando,
1594 4312 1616 4359 a
1635 4310 1708 4390 qua
1729 4272 1928 4367 suenda,

510 4422 687 4513 tanquam
704 4409 848 4517 iniqua,
868 4408 951 4500 suit,
971 4438 1040 4518 per
1058 4412 1200 4489 dictum
1220 4432 1518 4518 procuratorem,
1536 4415 1690 4491 nominc
1704 4410 1783 4520 quo
1805 4439 1928 4519 supra,

510 4538 703 4641 iteratoad
715 4558 881 4620 nostram
894 4543 1035 4620 curiam
1048 4543 1279 4650 appellatum
1293 4576 1302 4620 z
1314 4542 1410 4623 Visis
1421 4545 1537 4652 igitur
1547 4545 1640 4623 actis
1649 4562 1689 4623 et
1699 4536 1931 4653 processibus

509 4670 705 4778 utriusque
727 4672 857 4779 pertis,
882 4674 1100 4782 meritisque
1122 4675 1308 4752 dictamm
1328 4704 1524 4754 caumum
1541 4673 1925 4786 diligenter'attentist

508 4826 576 4903 per
595 4802 697 4879 curie
717 4821 844 4895 nostre
859 4805 1049 4913 judicium
1071 4804 1218 4886 dictum
1237 4806 1312 4885 luit
1331 4825 1375 4885 et·
1383 4807 1675 4914 pronunciatum
1695 4808 1840 4885 dictu'm
1858 4801 1928 4882 ma·

507 4926 667 5033 gistrum
693 4932 844 5009 Petrum
870 4935 967 5013 male
989 4935 1195 5043 judicasse,
1227 4954 1266 5015 et
1295 4938 1509 5044 predictum
1538 4932 1821 5046 prooemiorum
1844 4933 1926 5015 dicti

508 5056 651 5137 abbatis
660 5060 756 5139 bene
769 5065 990 5170 appellasse,
1009 5084 1048 5143 et
1061 5068 1165 5175 quod
1184 5067 1281 5146 dicta
1300 5071 1490 5148 sentencia
1508 5098 1586 5148 non
1600 5069 1842 5147 mandabitur
1854 5090 1927 5144 exe
