<?xml version="1.0" encoding="UTF-8"?>
<!DOCTYPE html PUBLIC "-//W3C//DTD XHTML 1.0 Transitional//EN"
    "http://www.w3.org/TR/xhtml1/DTD/xhtml1-transitional.dtd">
<html xmlns="http://www.w3.org/1999/xhtml" xml:lang="en" lang="en">
 <head>
  <title>
</title>
<meta http-equiv="Content-Type" content="text/html;charset=utf-8" />
  <meta name='ocr-system' content='tesseract 3.04.00' />
  <meta name='ocr-capabilities' content='ocr_page ocr_carea ocr_par ocr_line ocrx_word'/>
</head>
<body>
  <div class='ocr_page' id='page_1' title='image "./lesolimouregist00parigoog_0195.png"; bbox 0 0 4450 6209; ppageno 0'>
   <div class='ocr_carea' id='block_1_1' title="bbox 538 733 1385 810">
    <p class='ocr_par' dir='ltr' id='par_1_1' title="bbox 538 733 1385 810">
     <span class='ocr_line' id='line_1_1' title="bbox 538 733 1385 810; baseline 0 -2"><span class='ocrx_word' id='word_1_1' title='bbox 538 739 586 809; x_wconf 81' lang='lat'><strong>96</strong></span> <span class='ocrx_word' id='word_1_2' title='bbox 1116 735 1207 810; x_wconf 84' lang='lat' dir='ltr'><strong>LES</strong></span> <span class='ocrx_word' id='word_1_3' title='bbox 1243 733 1385 810; x_wconf 89' lang='lat' dir='ltr'><strong>OLlM.</strong></span> 
     </span>
    </p>
   </div>
   <div class='ocr_carea' id='block_1_2' title="bbox 309 875 1957 984">
    <p class='ocr_par' dir='ltr' id='par_1_2' title="bbox 309 875 1957 984">
     <span class='ocr_line' id='line_1_2' title="bbox 309 875 1957 984; baseline 0.005 -35"><span class='ocrx_word' id='word_1_4' title='bbox 309 885 439 938; x_wconf 64' lang='lat' dir='ltr'><strong>rurum</strong></span> <span class='ocrx_word' id='word_1_5' title='bbox 453 885 496 946; x_wconf 79' lang='lat' dir='ltr'><strong>W·</strong></span> <span class='ocrx_word' id='word_1_6' title='bbox 537 905 606 983; x_wconf 90' lang='lat' dir='ltr'><strong>per</strong></span> <span class='ocrx_word' id='word_1_7' title='bbox 634 875 779 954; x_wconf 88' lang='lat' dir='ltr'><strong>dictum</strong></span> <span class='ocrx_word' id='word_1_8' title='bbox 803 877 1066 966; x_wconf 78' lang='lat' dir='ltr'><strong>senescallum,</strong></span> <span class='ocrx_word' id='word_1_9' title='bbox 1095 894 1133 954; x_wconf 91' lang='lat' dir='ltr'><strong>et</strong></span> <span class='ocrx_word' id='word_1_10' title='bbox 1153 905 1222 984; x_wconf 88' lang='lat' dir='ltr'><strong>per</strong></span> <span class='ocrx_word' id='word_1_11' title='bbox 1250 877 1370 954; x_wconf 89' lang='lat' dir='ltr'><strong>dictos</strong></span> <span class='ocrx_word' id='word_1_12' title='bbox 1395 875 1642 955; x_wconf 86' lang='lat' dir='ltr'><strong>Guillelrnum</strong></span> <span class='ocrx_word' id='word_1_13' title='bbox 1667 893 1706 954; x_wconf 84' lang='lat' dir='ltr'><strong>at</strong></span> <span class='ocrx_word' id='word_1_14' title='bbox 1727 879 1957 957; x_wconf 88' lang='lat' dir='ltr'><strong>Bemardum</strong></span> 
     </span>
    </p>
   </div>
   <div class='ocr_carea' id='block_1_3' title="bbox 371 977 434 1019">
    <p class='ocr_par' dir='ltr' id='par_1_3' title="bbox 371 977 434 1019">
     <span class='ocr_line' id='line_1_3' title="bbox 371 977 434 1019; baseline 0.032 -2"><span class='ocrx_word' id='word_1_15' title='bbox 371 977 434 1019; x_wconf 76' lang='lat'><strong>1³⁰1.</strong></span> 
     </span>
    </p>
   </div>
   <div class='ocr_carea' id='block_1_4' title="bbox 536 1005 1959 1507">
    <p class='ocr_par' dir='ltr' id='par_1_4' title="bbox 536 1005 1959 1507">
     <span class='ocr_line' id='line_1_4' title="bbox 536 1005 1959 1118; baseline 0.006 -36"><span class='ocrx_word' id='word_1_16' title='bbox 536 1007 634 1083; x_wconf 91' lang='lat' dir='ltr'><strong>bene</strong></span> <span class='ocrx_word' id='word_1_17' title='bbox 650 1005 764 1086; x_wconf 85' lang='lat' dir='ltr'><strong>fuisse</strong></span> <span class='ocrx_word' id='word_1_18' title='bbox 781 1007 1027 1115; x_wconf 87' lang='lat' dir='ltr'><strong>appellatum,</strong></span> <span class='ocrx_word' id='word_1_19' title='bbox 1047 1026 1086 1085; x_wconf 93' lang='lat' dir='ltr'><strong>et</strong></span> <span class='ocrx_word' id='word_1_20' title='bbox 1101 1006 1257 1086; x_wconf 85' lang='lat' dir='ltr'><strong>fuerunt</strong></span> <span class='ocrx_word' id='word_1_21' title='bbox 1272 1007 1362 1084; x_wconf 87' lang='lat' dir='ltr'><strong>dicti</strong></span> <span class='ocrx_word' id='word_1_22' title='bbox 1376 1007 1432 1084; x_wconf 91' lang='lat' dir='ltr'><strong>rei</strong></span> <span class='ocrx_word' id='word_1_23' title='bbox 1450 1007 1496 1084; x_wconf 84' lang='lat' dir='ltr'><strong>ab</strong></span> <span class='ocrx_word' id='word_1_24' title='bbox 1513 1007 1755 1114; x_wconf 87' lang='lat' dir='ltr'><strong>impeticione</strong></span> <span class='ocrx_word' id='word_1_25' title='bbox 1770 1007 1859 1087; x_wconf 87' lang='lat' dir='ltr'><strong>dicti</strong></span> <span class='ocrx_word' id='word_1_26' title='bbox 1873 1041 1959 1118; x_wconf 91' lang='lat' dir='ltr'><strong>pro-</strong></span> 
     </span>
     <span class='ocr_line' id='line_1_5' title="bbox 537 1138 1724 1246; baseline 0.003 -34"><span class='ocrx_word' id='word_1_27' title='bbox 537 1138 718 1215; x_wconf 80' lang='lat' dir='ltr'><strong>curatoris</strong></span> <span class='ocrx_word' id='word_1_28' title='bbox 737 1138 870 1229; x_wconf 78' lang='lat' dir='ltr'>nostri,</span> <span class='ocrx_word' id='word_1_29' title='bbox 893 1167 961 1244; x_wconf 90' lang='lat' dir='ltr'><strong>per</strong></span> <span class='ocrx_word' id='word_1_30' title='bbox 980 1138 1083 1216; x_wconf 90' lang='lat' dir='ltr'><strong>idern</strong></span> <span class='ocrx_word' id='word_1_31' title='bbox 1099 1139 1306 1246; x_wconf 90' lang='lat' dir='ltr'><strong>judicium,</strong></span> <span class='ocrx_word' id='word_1_32' title='bbox 1327 1163 1440 1244; x_wconf 84' lang='lat' dir='ltr'><strong>super</strong></span> <span class='ocrx_word' id='word_1_33' title='bbox 1458 1140 1531 1217; x_wconf 91' lang='lat' dir='ltr'><strong>boc</strong></span> <span class='ocrx_word' id='word_1_34' title='bbox 1550 1138 1724 1218; x_wconf 85' lang='lat' dir='ltr'><strong>absoluti.</strong></span> 
     </span>
     <span class='ocr_line' id='line_1_6' title="bbox 592 1268 1053 1375; baseline 0 -31"><span class='ocrx_word' id='word_1_35' title='bbox 592 1268 822 1346; x_wconf 83' lang='lat' dir='ltr'><strong>Russelletus</strong></span> <span class='ocrx_word' id='word_1_36' title='bbox 837 1274 1053 1375; x_wconf 72' lang='lat' dir='ltr'><strong>reportavit.</strong></span> 
     </span>
     <span class='ocr_line' id='line_1_7' title="bbox 593 1399 1350 1507; baseline 0.003 -33"><span class='ocrx_word' id='word_1_37' title='bbox 593 1401 694 1476; x_wconf 84' lang='lat' dir='ltr'><strong>lovis</strong></span> <span class='ocrx_word' id='word_1_38' title='bbox 712 1417 798 1507; x_wconf 85' lang='lat' dir='ltr'><strong>post</strong></span> <span class='ocrx_word' id='word_1_39' title='bbox 816 1400 1162 1488; x_wconf 80' lang='lat' dir='ltr'><strong>Annunciacioncm</strong></span> <span class='ocrx_word' id='word_1_40' title='bbox 1182 1399 1350 1478; x_wconf 88' lang='lat' dir='ltr'><strong>Domini.</strong></span> 
     </span>
    </p>
   </div>
   <div class='ocr_carea' id='block_1_5' title="bbox 535 1662 1955 1904">
    <p class='ocr_par' dir='ltr' id='par_1_5' title="bbox 535 1662 1955 1904">
     <span class='ocr_line' id='line_1_8' title="bbox 590 1662 1955 1773; baseline 0.001 -33"><span class='ocrx_word' id='word_1_41' title='bbox 590 1662 714 1742; x_wconf 83' lang='lat' dir='ltr'>XLIV.</span> <span class='ocrx_word' id='word_1_42' title='bbox 746 1663 863 1754; x_wconf 89' lang='lat' dir='ltr'><strong>Cum,</strong></span> <span class='ocrx_word' id='word_1_43' title='bbox 891 1666 929 1741; x_wconf 95' lang='lat' dir='ltr'><strong>in</strong></span> <span class='ocrx_word' id='word_1_44' title='bbox 956 1695 1066 1744; x_wconf 89' lang='lat' dir='ltr'><strong>causa</strong></span> <span class='ocrx_word' id='word_1_45' title='bbox 1090 1683 1193 1744; x_wconf 85' lang='lat' dir='ltr'><strong>mota</strong></span> <span class='ocrx_word' id='word_1_46' title='bbox 1217 1693 1342 1744; x_wconf 90' lang='lat' dir='ltr'><strong>coram</strong></span> <span class='ocrx_word' id='word_1_47' title='bbox 1368 1663 1571 1744; x_wconf 80' lang='lat' dir='ltr'><strong>senescallo</strong></span> <span class='ocrx_word' id='word_1_48' title='bbox 1597 1679 1728 1742; x_wconf 88' lang='lat' dir='ltr'><strong>nostro</strong></span> <span class='ocrx_word' id='word_1_49' title='bbox 1752 1665 1955 1773; x_wconf 74' lang='lat' dir='ltr'><strong>Petregori·</strong></span> 
     </span>
     <span class='ocr_line' id='line_1_9' title="bbox 535 1795 1954 1904; baseline 0.003 -35"><span class='ocrx_word' id='word_1_50' title='bbox 535 1796 656 1882; x_wconf 89' lang='lat' dir='ltr'><strong>censi,</strong></span> <span class='ocrx_word' id='word_1_51' title='bbox 675 1795 772 1872; x_wconf 91' lang='lat' dir='ltr'><strong>inter</strong></span> <span class='ocrx_word' id='word_1_52' title='bbox 785 1813 1067 1903; x_wconf 88' lang='lat' dir='ltr'><strong>procuratorem</strong></span> <span class='ocrx_word' id='word_1_53' title='bbox 1085 1815 1274 1887; x_wconf 91' lang='lat' dir='ltr'><strong>nostrum,</strong></span> <span class='ocrx_word' id='word_1_54' title='bbox 1297 1824 1365 1904; x_wconf 92' lang='lat' dir='ltr'><strong>pro</strong></span> <span class='ocrx_word' id='word_1_55' title='bbox 1381 1796 1506 1885; x_wconf 90' lang='lat' dir='ltr'><strong>nobis,</strong></span> <span class='ocrx_word' id='word_1_56' title='bbox 1525 1823 1569 1872; x_wconf 83' lang='lat' dir='ltr'><strong>ex</strong></span> <span class='ocrx_word' id='word_1_57' title='bbox 1583 1823 1659 1872; x_wconf 91' lang='lat' dir='ltr'><strong>una</strong></span> <span class='ocrx_word' id='word_1_58' title='bbox 1675 1812 1797 1902; x_wconf 88' lang='lat' dir='ltr'><strong>parte,</strong></span> <span class='ocrx_word' id='word_1_59' title='bbox 1814 1813 1853 1873; x_wconf 85' lang='lat' dir='ltr'><strong>et</strong></span> <span class='ocrx_word' id='word_1_60' title='bbox 1866 1797 1954 1904; x_wconf 82' lang='lat' dir='ltr'><strong>Ray-</strong></span> 
     </span>
    </p>
   </div>
   <div class='ocr_carea' id='block_1_6' title="bbox 530 1943 1956 4926">
    <p class='ocr_par' dir='ltr' id='par_1_6' title="bbox 530 1943 1956 4926">
     <span class='ocr_line' id='line_1_10' title="bbox 536 1943 1956 2053; baseline 0.003 -36"><span class='ocrx_word' id='word_1_61' title='bbox 536 1944 725 2020; x_wconf 92' lang='lat' dir='ltr'><strong>mundum</strong></span> <span class='ocrx_word' id='word_1_62' title='bbox 748 1944 904 2036; x_wconf 86' lang='lat' dir='ltr'><strong>Alacris,</strong></span> <span class='ocrx_word' id='word_1_63' title='bbox 931 1975 975 2022; x_wconf 84' lang='lat' dir='ltr'><strong>ex</strong></span> <span class='ocrx_word' id='word_1_64' title='bbox 1000 1947 1131 2038; x_wconf 85' lang='lat' dir='ltr'><strong>altera,</strong></span> <span class='ocrx_word' id='word_1_65' title='bbox 1158 1975 1270 2053; x_wconf 91' lang='lat' dir='ltr'><strong>super</strong></span> <span class='ocrx_word' id='word_1_66' title='bbox 1291 1947 1364 2024; x_wconf 92' lang='lat' dir='ltr'><strong>boc</strong></span> <span class='ocrx_word' id='word_1_67' title='bbox 1390 1944 1493 2052; x_wconf 93' lang='lat' dir='ltr'><strong>quod</strong></span> <span class='ocrx_word' id='word_1_68' title='bbox 1516 1943 1619 2020; x_wconf 91' lang='lat' dir='ltr'><strong>idem</strong></span> <span class='ocrx_word' id='word_1_69' title='bbox 1639 1961 1859 2049; x_wconf 86' lang='lat' dir='ltr'><strong>procurator</strong></span> <span class='ocrx_word' id='word_1_70' title='bbox 1876 1971 1956 2021; x_wconf 91' lang='lat' dir='ltr'><strong>nos·</strong></span> 
     </span>
     <span class='ocr_line' id='line_1_11' title="bbox 535 2073 1953 2196; baseline 0.003 -48"><span class='ocrx_word' id='word_1_71' title='bbox 535 2091 594 2149; x_wconf 86' lang='lat' dir='ltr'><strong>ter</strong></span> <span class='ocrx_word' id='word_1_72' title='bbox 610 2074 796 2152; x_wconf 86' lang='lat' dir='ltr'><strong>asserebat</strong></span> <span class='ocrx_word' id='word_1_73' title='bbox 814 2075 919 2182; x_wconf 85' lang='lat' dir='ltr'><strong>quod</strong></span> <span class='ocrx_word' id='word_1_74' title='bbox 938 2075 1061 2154; x_wconf 89' lang='lat' dir='ltr'><strong>dictus</strong></span> <span class='ocrx_word' id='word_1_75' title='bbox 1079 2077 1340 2184; x_wconf 83' lang='lat' dir='ltr'><strong>Raymundus,</strong></span> <span class='ocrx_word' id='word_1_76' title='bbox 1361 2077 1400 2152; x_wconf 93' lang='lat' dir='ltr'><strong>in</strong></span> <span class='ocrx_word' id='word_1_77' title='bbox 1420 2075 1585 2182; x_wconf 88' lang='lat' dir='ltr'><strong>quodam</strong></span> <span class='ocrx_word' id='word_1_78' title='bbox 1602 2073 1713 2152; x_wconf 83' lang='lat' dir='ltr'><strong>furno</strong></span> <span class='ocrx_word' id='word_1_79' title='bbox 1733 2092 1863 2196; x_wconf 83' lang='lat' dir='ltr'><strong>nostro</strong></span> <span class='ocrx_word' id='word_1_80' title='bbox 1889 2076 1953 2152; x_wconf 86' lang='lat' dir='ltr'><strong>sito</strong></span> 
     </span>
     <span class='ocr_line' id='line_1_12' title="bbox 535 2204 1953 2314; baseline 0.001 -35"><span class='ocrx_word' id='word_1_81' title='bbox 535 2204 636 2310; x_wconf 92' lang='lat' dir='ltr'><strong>apud</strong></span> <span class='ocrx_word' id='word_1_82' title='bbox 662 2207 895 2296; x_wconf 85' lang='lat' dir='ltr'><strong>Lauscrtam,</strong></span> <span class='ocrx_word' id='word_1_83' title='bbox 917 2237 1033 2314; x_wconf 90' lang='lat' dir='ltr'><strong>prope</strong></span> <span class='ocrx_word' id='word_1_84' title='bbox 1055 2225 1202 2314; x_wconf 86' lang='lat' dir='ltr'><strong>portam</strong></span> <span class='ocrx_word' id='word_1_85' title='bbox 1228 2225 1393 2286; x_wconf 86' lang='lat' dir='ltr'><strong>vocatam</strong></span> <span class='ocrx_word' id='word_1_86' title='bbox 1417 2207 1465 2283; x_wconf 91' lang='lat' dir='ltr'><strong>de</strong></span> <span class='ocrx_word' id='word_1_87' title='bbox 1483 2205 1665 2296; x_wconf 85' lang='lat' dir='ltr'><strong>Ecclesia,</strong></span> <span class='ocrx_word' id='word_1_88' title='bbox 1688 2205 1727 2280; x_wconf 92' lang='lat' dir='ltr'><strong>in</strong></span> <span class='ocrx_word' id='word_1_89' title='bbox 1748 2205 1865 2283; x_wconf 89' lang='lat' dir='ltr'><strong>domo</strong></span> <span class='ocrx_word' id='word_1_90' title='bbox 1886 2233 1953 2312; x_wconf 86' lang='lat' dir='ltr'><strong>que</strong></span> 
     </span>
     <span class='ocr_line' id='line_1_13' title="bbox 535 2335 1954 2445; baseline 0 -33"><span class='ocrx_word' id='word_1_91' title='bbox 535 2335 795 2413; x_wconf 88' lang='lat' dir='ltr'><strong>oonsrontatur</strong></span> <span class='ocrx_word' id='word_1_92' title='bbox 823 2365 911 2413; x_wconf 90' lang='lat' dir='ltr'><strong>cum</strong></span> <span class='ocrx_word' id='word_1_93' title='bbox 939 2338 1074 2442; x_wconf 89' lang='lat' dir='ltr'><strong>portali</strong></span> <span class='ocrx_word' id='word_1_94' title='bbox 1103 2338 1202 2415; x_wconf 86' lang='lat' dir='ltr'><strong>dicte</strong></span> <span class='ocrx_word' id='word_1_95' title='bbox 1231 2355 1358 2445; x_wconf 92' lang='lat' dir='ltr'><strong>porte,</strong></span> <span class='ocrx_word' id='word_1_96' title='bbox 1388 2336 1567 2413; x_wconf 86' lang='lat' dir='ltr'><strong>utebatur</strong></span> <span class='ocrx_word' id='word_1_97' title='bbox 1594 2336 1760 2413; x_wconf 87' lang='lat' dir='ltr'><strong>lurneria</strong></span> <span class='ocrx_word' id='word_1_98' title='bbox 1790 2336 1838 2412; x_wconf 87' lang='lat' dir='ltr'><strong>de</strong></span> <span class='ocrx_word' id='word_1_99' title='bbox 1868 2361 1954 2442; x_wconf 92' lang='lat' dir='ltr'><strong>quo·</strong></span> 
     </span>
     <span class='ocr_line' id='line_1_14' title="bbox 534 2465 1954 2576; baseline 0.001 -33"><span class='ocrx_word' id='word_1_100' title='bbox 534 2467 690 2570; x_wconf 91' lang='lat' dir='ltr'><strong>quendo</strong></span> <span class='ocrx_word' id='word_1_101' title='bbox 710 2496 847 2573; x_wconf 89' lang='lat' dir='ltr'><strong>panem</strong></span> <span class='ocrx_word' id='word_1_102' title='bbox 863 2485 902 2544; x_wconf 91' lang='lat' dir='ltr'><strong>et</strong></span> <span class='ocrx_word' id='word_1_103' title='bbox 921 2469 1110 2576; x_wconf 89' lang='lat' dir='ltr'><strong>portando</strong></span> <span class='ocrx_word' id='word_1_104' title='bbox 1133 2487 1171 2546; x_wconf 92' lang='lat' dir='ltr'><strong>et</strong></span> <span class='ocrx_word' id='word_1_105' title='bbox 1189 2467 1418 2576; x_wconf 90' lang='lat' dir='ltr'><strong>reportando</strong></span> <span class='ocrx_word' id='word_1_106' title='bbox 1437 2467 1476 2544; x_wconf 93' lang='lat' dir='ltr'><strong>in</strong></span> <span class='ocrx_word' id='word_1_107' title='bbox 1497 2467 1598 2544; x_wconf 88' lang='lat' dir='ltr'><strong>dicto</strong></span> <span class='ocrx_word' id='word_1_108' title='bbox 1619 2465 1730 2544; x_wconf 86' lang='lat' dir='ltr'><strong>furno</strong></span> <span class='ocrx_word' id='word_1_109' title='bbox 1747 2495 1886 2573; x_wconf 88' lang='lat' dir='ltr'><strong>panem</strong></span> <span class='ocrx_word' id='word_1_110' title='bbox 1900 2495 1954 2544; x_wconf 92' lang='lat' dir='ltr'><strong>co·</strong></span> 
     </span>
     <span class='ocr_line' id='line_1_15' title="bbox 534 2595 1953 2707; baseline 0 -35"><span class='ocrx_word' id='word_1_111' title='bbox 534 2596 753 2702; x_wconf 91' lang='lat' dir='ltr'><strong>quentibus,</strong></span> <span class='ocrx_word' id='word_1_112' title='bbox 772 2627 815 2675; x_wconf 89' lang='lat' dir='ltr'><strong>ac</strong></span> <span class='ocrx_word' id='word_1_113' title='bbox 833 2601 1079 2707; x_wconf 88' lang='lat' dir='ltr'><strong>percipiendo</strong></span> <span class='ocrx_word' id='word_1_114' title='bbox 1099 2600 1195 2678; x_wconf 90' lang='lat' dir='ltr'><strong>duos</strong></span> <span class='ocrx_word' id='word_1_115' title='bbox 1215 2599 1386 2678; x_wconf 89' lang='lat' dir='ltr'><strong>tortellos</strong></span> <span class='ocrx_word' id='word_1_116' title='bbox 1407 2599 1453 2674; x_wconf 89' lang='lat' dir='ltr'><strong>de</strong></span> <span class='ocrx_word' id='word_1_117' title='bbox 1473 2595 1646 2705; x_wconf 90' lang='lat' dir='ltr'><strong>quolibet</strong></span> <span class='ocrx_word' id='word_1_118' title='bbox 1664 2597 1718 2674; x_wconf 91' lang='lat' dir='ltr'><strong>ibi</strong></span> <span class='ocrx_word' id='word_1_119' title='bbox 1737 2625 1876 2706; x_wconf 89' lang='lat' dir='ltr'><strong>panem</strong></span> <span class='ocrx_word' id='word_1_120' title='bbox 1897 2599 1953 2674; x_wconf 78' lang='lat' dir='ltr'><strong>de·</strong></span> 
     </span>
     <span class='ocr_line' id='line_1_16' title="bbox 535 2728 1953 2836; baseline -0.001 -32"><span class='ocrx_word' id='word_1_121' title='bbox 535 2745 771 2834; x_wconf 90' lang='lat' dir='ltr'><strong>quoquente,</strong></span> <span class='ocrx_word' id='word_1_122' title='bbox 800 2759 885 2805; x_wconf 90' lang='lat' dir='ltr'><strong>cum</strong></span> <span class='ocrx_word' id='word_1_123' title='bbox 903 2730 967 2836; x_wconf 87' lang='lat' dir='ltr'><strong>jus</strong></span> <span class='ocrx_word' id='word_1_124' title='bbox 987 2730 1061 2808; x_wconf 91' lang='lat' dir='ltr'><strong>boc</strong></span> <span class='ocrx_word' id='word_1_125' title='bbox 1081 2729 1242 2806; x_wconf 83' lang='lat' dir='ltr'><strong>faciendi</strong></span> <span class='ocrx_word' id='word_1_126' title='bbox 1264 2757 1341 2806; x_wconf 92' lang='lat' dir='ltr'><strong>non</strong></span> <span class='ocrx_word' id='word_1_127' title='bbox 1362 2728 1534 2820; x_wconf 86' lang='lat' dir='ltr'><strong>baberet,</strong></span> <span class='ocrx_word' id='word_1_128' title='bbox 1557 2745 1601 2805; x_wconf 86' lang='lat' dir='ltr'><strong>ut</strong></span> <span class='ocrx_word' id='word_1_129' title='bbox 1619 2728 1721 2804; x_wconf 89' lang='lat' dir='ltr'><strong>idern</strong></span> <span class='ocrx_word' id='word_1_130' title='bbox 1742 2744 1953 2834; x_wconf 85' lang='lat' dir='ltr'><strong>procurator</strong></span> 
     </span>
     <span class='ocr_line' id='line_1_17' title="bbox 535 2856 1950 2966; baseline 0.002 -35"><span class='ocrx_word' id='word_1_131' title='bbox 535 2856 699 2949; x_wconf 90' lang='lat' dir='ltr'><strong>dicebat,</strong></span> <span class='ocrx_word' id='word_1_132' title='bbox 720 2877 853 2963; x_wconf 90' lang='lat' dir='ltr'><strong>petens</strong></span> <span class='ocrx_word' id='word_1_133' title='bbox 874 2888 962 2935; x_wconf 90' lang='lat' dir='ltr'><strong>eum</strong></span> <span class='ocrx_word' id='word_1_134' title='bbox 982 2860 1177 2966; x_wconf 91' lang='lat' dir='ltr'><strong>prohiberi</strong></span> <span class='ocrx_word' id='word_1_135' title='bbox 1198 2888 1245 2937; x_wconf 90' lang='lat' dir='ltr'><strong>ne</strong></span> <span class='ocrx_word' id='word_1_136' title='bbox 1264 2860 1363 2937; x_wconf 88' lang='lat' dir='ltr'><strong>dicta</strong></span> <span class='ocrx_word' id='word_1_137' title='bbox 1382 2858 1548 2937; x_wconf 79' lang='lat' dir='ltr'><strong>furneria</strong></span> <span class='ocrx_word' id='word_1_138' title='bbox 1563 2859 1611 2936; x_wconf 88' lang='lat' dir='ltr'><strong>de</strong></span> <span class='ocrx_word' id='word_1_139' title='bbox 1631 2875 1757 2936; x_wconf 86' lang='lat' dir='ltr'><strong>cetero</strong></span> <span class='ocrx_word' id='word_1_140' title='bbox 1775 2874 1950 2946; x_wconf 88' lang='lat' dir='ltr'><strong>uteretur,</strong></span> 
     </span>
     <span class='ocr_line' id='line_1_18' title="bbox 531 2969 1951 3096; baseline 0.002 -35"><span class='ocrx_word' id='word_1_141' title='bbox 531 2985 608 3062; x_wconf 86' lang='lat' dir='ltr'><strong>lata</strong></span> <span class='ocrx_word' id='word_1_142' title='bbox 632 2986 764 3065; x_wconf 85' lang='lat' dir='ltr'><strong>fuisset</strong></span> <span class='ocrx_word' id='word_1_143' title='bbox 789 2989 987 3067; x_wconf 80' lang='lat' dir='ltr'><strong>diffinitiva</strong></span> <span class='ocrx_word' id='word_1_144' title='bbox 1012 2992 1201 3067; x_wconf 89' lang='lat' dir='ltr'><strong>sentencia</strong></span> <span class='ocrx_word' id='word_1_145' title='bbox 1225 3019 1293 3096; x_wconf 90' lang='lat' dir='ltr'><strong>per</strong></span> <span class='ocrx_word' id='word_1_146' title='bbox 1318 2969 1461 3068; x_wconf 74' lang='lat' dir='ltr'><strong>(lictum</strong></span> <span class='ocrx_word' id='word_1_147' title='bbox 1487 2987 1735 3068; x_wconf 87' lang='lat' dir='ltr'><strong>senescallum</strong></span> <span class='ocrx_word' id='word_1_148' title='bbox 1758 3015 1827 3094; x_wconf 90' lang='lat' dir='ltr'><strong>pro</strong></span> <span class='ocrx_word' id='word_1_149' title='bbox 1851 2988 1951 3066; x_wconf 89' lang='lat' dir='ltr'><strong>nobis</strong></span> 
     </span>
     <span class='ocr_line' id='line_1_19' title="bbox 535 3119 1951 3229; baseline 0.002 -37"><span class='ocrx_word' id='word_1_150' title='bbox 535 3133 572 3192; x_wconf 86' lang='lat' dir='ltr'><strong>et</strong></span> <span class='ocrx_word' id='word_1_151' title='bbox 598 3137 726 3196; x_wconf 86' lang='lat' dir='ltr'><strong>contra</strong></span> <span class='ocrx_word' id='word_1_152' title='bbox 750 3119 894 3196; x_wconf 88' lang='lat' dir='ltr'><strong>dictum</strong></span> <span class='ocrx_word' id='word_1_153' title='bbox 923 3121 1207 3228; x_wconf 85' lang='lat' dir='ltr'><strong>Raymundum,</strong></span> <span class='ocrx_word' id='word_1_154' title='bbox 1235 3121 1356 3198; x_wconf 89' lang='lat' dir='ltr'><strong>dietus</strong></span> <span class='ocrx_word' id='word_1_155' title='bbox 1380 3120 1625 3229; x_wconf 87' lang='lat' dir='ltr'><strong>Raymundus</strong></span> <span class='ocrx_word' id='word_1_156' title='bbox 1645 3147 1665 3195; x_wconf 86' lang='lat' dir='ltr'><strong>a</strong></span> <span class='ocrx_word' id='word_1_157' title='bbox 1685 3119 1855 3227; x_wconf 88' lang='lat' dir='ltr'><strong>predicta</strong></span> <span class='ocrx_word' id='word_1_158' title='bbox 1873 3147 1951 3196; x_wconf 92' lang='lat' dir='ltr'><strong>sen·</strong></span> 
     </span>
     <span class='ocr_line' id='line_1_20' title="bbox 532 3249 1950 3359; baseline 0.002 -36"><span class='ocrx_word' id='word_1_159' title='bbox 532 3249 670 3342; x_wconf 88' lang='lat' dir='ltr'><strong>tencia,</strong></span> <span class='ocrx_word' id='word_1_160' title='bbox 693 3267 874 3357; x_wconf 86' lang='lat' dir='ltr'><strong>tanquam</strong></span> <span class='ocrx_word' id='word_1_161' title='bbox 894 3251 940 3328; x_wconf 87' lang='lat' dir='ltr'><strong>ab</strong></span> <span class='ocrx_word' id='word_1_162' title='bbox 960 3252 1109 3359; x_wconf 86' lang='lat' dir='ltr'><strong>iniqua,</strong></span> <span class='ocrx_word' id='word_1_163' title='bbox 1134 3251 1182 3328; x_wconf 85' lang='lat' dir='ltr'><strong>ad</strong></span> <span class='ocrx_word' id='word_1_164' title='bbox 1210 3279 1280 3328; x_wconf 93' lang='lat' dir='ltr'><strong>nos</strong></span> <span class='ocrx_word' id='word_1_165' title='bbox 1306 3251 1517 3357; x_wconf 87' lang='lat' dir='ltr'><strong>appellans,</strong></span> <span class='ocrx_word' id='word_1_166' title='bbox 1534 3251 1705 3359; x_wconf 87' lang='lat' dir='ltr'><strong>judicem</strong></span> <span class='ocrx_word' id='word_1_167' title='bbox 1725 3249 1797 3328; x_wconf 88' lang='lat' dir='ltr'><strong>sibi</strong></span> <span class='ocrx_word' id='word_1_168' title='bbox 1819 3250 1898 3326; x_wconf 83' lang='lat' dir='ltr'><strong>dari</strong></span> <span class='ocrx_word' id='word_1_169' title='bbox 1917 3252 1950 3326; x_wconf 93' lang='lat' dir='ltr'><strong>in</strong></span> 
     </span>
     <span class='ocr_line' id='line_1_21' title="bbox 533 3379 1951 3490; baseline 0 -35"><span class='ocrx_word' id='word_1_170' title='bbox 533 3407 642 3456; x_wconf 88' lang='lat' dir='ltr'><strong>causa</strong></span> <span class='ocrx_word' id='word_1_171' title='bbox 661 3380 929 3488; x_wconf 87' lang='lat' dir='ltr'><strong>appellacionis</strong></span> <span class='ocrx_word' id='word_1_172' title='bbox 950 3383 1175 3490; x_wconf 87' lang='lat' dir='ltr'><strong>hujusmodi</strong></span> <span class='ocrx_word' id='word_1_173' title='bbox 1199 3382 1427 3489; x_wconf 81' lang='lat' dir='ltr'><strong>irnpetravit3</strong></span> <span class='ocrx_word' id='word_1_174' title='bbox 1449 3382 1515 3488; x_wconf 90' lang='lat' dir='ltr'><strong>qui</strong></span> <span class='ocrx_word' id='word_1_175' title='bbox 1532 3380 1666 3488; x_wconf 86' lang='lat' dir='ltr'><strong>judex,</strong></span> <span class='ocrx_word' id='word_1_176' title='bbox 1687 3379 1827 3458; x_wconf 85' lang='lat' dir='ltr'><strong>vocatis</strong></span> <span class='ocrx_word' id='word_1_177' title='bbox 1845 3381 1951 3486; x_wconf 87' lang='lat' dir='ltr'><strong>parti-</strong></span> 
     </span>
     <span class='ocr_line' id='line_1_22' title="bbox 535 3509 1949 3619; baseline 0 -33"><span class='ocrx_word' id='word_1_178' title='bbox 535 3509 623 3601; x_wconf 93' lang='lat' dir='ltr'><strong>bus,</strong></span> <span class='ocrx_word' id='word_1_179' title='bbox 643 3539 758 3617; x_wconf 90' lang='lat' dir='ltr'><strong>super</strong></span> <span class='ocrx_word' id='word_1_180' title='bbox 774 3541 903 3589; x_wconf 88' lang='lat' dir='ltr'><strong>earum</strong></span> <span class='ocrx_word' id='word_1_181' title='bbox 928 3513 1093 3590; x_wconf 87' lang='lat' dir='ltr'><strong>articulis</strong></span> <span class='ocrx_word' id='word_1_182' title='bbox 1112 3541 1181 3619; x_wconf 90' lang='lat' dir='ltr'><strong>per</strong></span> <span class='ocrx_word' id='word_1_183' title='bbox 1196 3530 1361 3590; x_wconf 88' lang='lat' dir='ltr'><strong>nostram</strong></span> <span class='ocrx_word' id='word_1_184' title='bbox 1382 3511 1524 3589; x_wconf 85' lang='lat' dir='ltr'><strong>curiam</strong></span> <span class='ocrx_word' id='word_1_185' title='bbox 1544 3511 1615 3590; x_wconf 91' lang='lat' dir='ltr'><strong>sibi</strong></span> <span class='ocrx_word' id='word_1_186' title='bbox 1629 3511 1752 3588; x_wconf 87' lang='lat' dir='ltr'><strong>missis</strong></span> <span class='ocrx_word' id='word_1_187' title='bbox 1766 3527 1881 3588; x_wconf 87' lang='lat' dir='ltr'><strong>testes</strong></span> <span class='ocrx_word' id='word_1_188' title='bbox 1899 3539 1949 3586; x_wconf 91' lang='lat' dir='ltr'><strong>re-</strong></span> 
     </span>
     <span class='ocr_line' id='line_1_23' title="bbox 532 3639 1949 3752; baseline 0.001 -37"><span class='ocrx_word' id='word_1_189' title='bbox 532 3640 692 3745; x_wconf 83' lang='lat' dir='ltr'><strong>cipiens,</strong></span> <span class='ocrx_word' id='word_1_190' title='bbox 718 3641 913 3747; x_wconf 92' lang='lat' dir='ltr'><strong>inquisivit</strong></span> <span class='ocrx_word' id='word_1_191' title='bbox 937 3671 1050 3750; x_wconf 92' lang='lat' dir='ltr'><strong>super</strong></span> <span class='ocrx_word' id='word_1_192' title='bbox 1070 3644 1145 3720; x_wconf 94' lang='lat' dir='ltr'><strong>boc</strong></span> <span class='ocrx_word' id='word_1_193' title='bbox 1163 3643 1377 3734; x_wconf 87' lang='lat' dir='ltr'><strong>veritatem,</strong></span> <span class='ocrx_word' id='word_1_194' title='bbox 1399 3660 1437 3719; x_wconf 91' lang='lat' dir='ltr'><strong>et</strong></span> <span class='ocrx_word' id='word_1_195' title='bbox 1455 3643 1657 3752; x_wconf 85' lang='lat' dir='ltr'><strong>negocium</strong></span> <span class='ocrx_word' id='word_1_196' title='bbox 1676 3639 1886 3749; x_wconf 86' lang='lat' dir='ltr'><strong>perlectum</strong></span> <span class='ocrx_word' id='word_1_197' title='bbox 1909 3639 1949 3716; x_wconf 87' lang='lat' dir='ltr'><strong>ad</strong></span> 
     </span>
     <span class='ocr_line' id='line_1_24' title="bbox 531 3772 1950 3882; baseline 0.002 -37"><span class='ocrx_word' id='word_1_198' title='bbox 531 3772 675 3846; x_wconf 86' lang='lat' dir='ltr'><strong>curiam</strong></span> <span class='ocrx_word' id='word_1_199' title='bbox 692 3789 857 3848; x_wconf 90' lang='lat' dir='ltr'><strong>nostram</strong></span> <span class='ocrx_word' id='word_1_200' title='bbox 874 3774 1040 3850; x_wconf 88' lang='lat' dir='ltr'><strong>remisit:</strong></span> <span class='ocrx_word' id='word_1_201' title='bbox 1057 3774 1154 3852; x_wconf 88' lang='lat' dir='ltr'><strong>Visis</strong></span> <span class='ocrx_word' id='word_1_202' title='bbox 1169 3773 1295 3881; x_wconf 87' lang='lat' dir='ltr'><strong>igitur,</strong></span> <span class='ocrx_word' id='word_1_203' title='bbox 1312 3801 1380 3882; x_wconf 90' lang='lat' dir='ltr'><strong>per</strong></span> <span class='ocrx_word' id='word_1_204' title='bbox 1395 3774 1536 3851; x_wconf 83' lang='lat' dir='ltr'><strong>curiam</strong></span> <span class='ocrx_word' id='word_1_205' title='bbox 1557 3789 1742 3861; x_wconf 87' lang='lat' dir='ltr'><strong>nostram,</strong></span> <span class='ocrx_word' id='word_1_206' title='bbox 1763 3789 1842 3848; x_wconf 88' lang='lat' dir='ltr'><strong>tam</strong></span> <span class='ocrx_word' id='word_1_207' title='bbox 1862 3773 1950 3878; x_wconf 90' lang='lat' dir='ltr'><strong>prin·</strong></span> 
     </span>
     <span class='ocr_line' id='line_1_25' title="bbox 532 3900 1949 4012; baseline 0.004 -38"><span class='ocrx_word' id='word_1_208' title='bbox 532 3900 660 4004; x_wconf 90' lang='lat' dir='ltr'><strong>cipalis</strong></span> <span class='ocrx_word' id='word_1_209' title='bbox 675 3930 783 3977; x_wconf 88' lang='lat' dir='ltr'><strong>cause</strong></span> <span class='ocrx_word' id='word_1_210' title='bbox 798 3929 912 4008; x_wconf 90' lang='lat' dir='ltr'><strong>quam</strong></span> <span class='ocrx_word' id='word_1_211' title='bbox 932 3902 1198 4011; x_wconf 86' lang='lat' dir='ltr'><strong>appellacionis</strong></span> <span class='ocrx_word' id='word_1_212' title='bbox 1218 3905 1415 4012; x_wconf 90' lang='lat' dir='ltr'><strong>utriusque</strong></span> <span class='ocrx_word' id='word_1_213' title='bbox 1436 3905 1551 4011; x_wconf 85' lang='lat' dir='ltr'><strong>patris</strong></span> <span class='ocrx_word' id='word_1_214' title='bbox 1565 3902 1824 4012; x_wconf 85' lang='lat' dir='ltr'><strong>processibus,</strong></span> <span class='ocrx_word' id='word_1_215' title='bbox 1843 3921 1881 3980; x_wconf 91' lang='lat' dir='ltr'><strong>et</strong></span> <span class='ocrx_word' id='word_1_216' title='bbox 1898 3903 1949 3980; x_wconf 92' lang='lat' dir='ltr'><strong>di-</strong></span> 
     </span>
     <span class='ocr_line' id='line_1_26' title="bbox 532 4029 1944 4142; baseline 0.004 -37"><span class='ocrx_word' id='word_1_217' title='bbox 532 4029 693 4137; x_wconf 82' lang='lat' dir='ltr'><strong>ligenter</strong></span> <span class='ocrx_word' id='word_1_218' title='bbox 713 4033 946 4128; x_wconf 83' lang='lat' dir='ltr'><strong>examinatis,</strong></span> <span class='ocrx_word' id='word_1_219' title='bbox 966 4036 1259 4140; x_wconf 89' lang='lat' dir='ltr'><strong>pronunciatum</strong></span> <span class='ocrx_word' id='word_1_220' title='bbox 1280 4035 1368 4124; x_wconf 88' lang='lat' dir='ltr'><strong>luit,</strong></span> <span class='ocrx_word' id='word_1_221' title='bbox 1390 4063 1460 4142; x_wconf 92' lang='lat' dir='ltr'><strong>per</strong></span> <span class='ocrx_word' id='word_1_222' title='bbox 1479 4034 1580 4111; x_wconf 90' lang='lat' dir='ltr'><strong>curie</strong></span> <span class='ocrx_word' id='word_1_223' title='bbox 1601 4051 1728 4112; x_wconf 90' lang='lat' dir='ltr'><strong>nostre</strong></span> <span class='ocrx_word' id='word_1_224' title='bbox 1742 4033 1944 4142; x_wconf 86' lang='lat' dir='ltr'><strong>judicium,</strong></span> 
     </span>
     <span class='ocr_line' id='line_1_27' title="bbox 530 4161 1945 4272; baseline 0.003 -37"><span class='ocrx_word' id='word_1_225' title='bbox 530 4161 629 4238; x_wconf 82' lang='lat' dir='ltr'><strong>male</strong></span> <span class='ocrx_word' id='word_1_226' title='bbox 652 4164 944 4269; x_wconf 90' lang='lat' dir='ltr'><strong>pronunciatum</strong></span> <span class='ocrx_word' id='word_1_227' title='bbox 976 4193 1044 4272; x_wconf 91' lang='lat' dir='ltr'><strong>per</strong></span> <span class='ocrx_word' id='word_1_228' title='bbox 1077 4165 1222 4242; x_wconf 91' lang='lat' dir='ltr'><strong>dictum</strong></span> <span class='ocrx_word' id='word_1_229' title='bbox 1249 4163 1498 4242; x_wconf 87' lang='lat' dir='ltr'><strong>senescallum</strong></span> <span class='ocrx_word' id='word_1_230' title='bbox 1528 4181 1566 4242; x_wconf 88' lang='lat' dir='ltr'><strong>et</strong></span> <span class='ocrx_word' id='word_1_231' title='bbox 1598 4163 1697 4241; x_wconf 87' lang='lat' dir='ltr'><strong>bene</strong></span> <span class='ocrx_word' id='word_1_232' title='bbox 1724 4163 1945 4272; x_wconf 88' lang='lat' dir='ltr'><strong>appellatum</strong></span> 
     </span>
     <span class='ocr_line' id='line_1_28' title="bbox 531 4292 1945 4401; baseline 0 -32"><span class='ocrx_word' id='word_1_233' title='bbox 531 4320 599 4398; x_wconf 91' lang='lat' dir='ltr'><strong>per</strong></span> <span class='ocrx_word' id='word_1_234' title='bbox 618 4292 761 4369; x_wconf 89' lang='lat' dir='ltr'><strong>dictum</strong></span> <span class='ocrx_word' id='word_1_235' title='bbox 779 4294 1045 4400; x_wconf 80' lang='lat' dir='ltr'><strong>Raymundum</strong></span> <span class='ocrx_word' id='word_1_236' title='bbox 1060 4295 1192 4384; x_wconf 86' lang='lat' dir='ltr'><strong>luisse,</strong></span> <span class='ocrx_word' id='word_1_237' title='bbox 1215 4313 1252 4372; x_wconf 87' lang='lat' dir='ltr'><strong>et</strong></span> <span class='ocrx_word' id='word_1_238' title='bbox 1271 4294 1343 4373; x_wconf 87' lang='lat' dir='ltr'><strong>luit</strong></span> <span class='ocrx_word' id='word_1_239' title='bbox 1362 4294 1485 4371; x_wconf 92' lang='lat' dir='ltr'><strong>dictus</strong></span> <span class='ocrx_word' id='word_1_240' title='bbox 1500 4295 1742 4401; x_wconf 87' lang='lat' dir='ltr'><strong>Raymundus</strong></span> <span class='ocrx_word' id='word_1_241' title='bbox 1765 4293 1812 4370; x_wconf 85' lang='lat' dir='ltr'><strong>ab</strong></span> <span class='ocrx_word' id='word_1_242' title='bbox 1834 4295 1945 4400; x_wconf 84' lang='lat' dir='ltr'><strong>impe-</strong></span> 
     </span>
     <span class='ocr_line' id='line_1_29' title="bbox 530 4423 1944 4534; baseline 0.001 -35"><span class='ocrx_word' id='word_1_243' title='bbox 530 4423 668 4502; x_wconf 90' lang='lat' dir='ltr'><strong>ticione</strong></span> <span class='ocrx_word' id='word_1_244' title='bbox 688 4423 778 4503; x_wconf 91' lang='lat' dir='ltr'><strong>dicti</strong></span> <span class='ocrx_word' id='word_1_245' title='bbox 798 4427 1050 4532; x_wconf 88' lang='lat' dir='ltr'><strong>procuratoris</strong></span> <span class='ocrx_word' id='word_1_246' title='bbox 1069 4428 1207 4516; x_wconf 92' lang='lat' dir='ltr'><strong>nostri,</strong></span> <span class='ocrx_word' id='word_1_247' title='bbox 1229 4453 1299 4534; x_wconf 89' lang='lat' dir='ltr'><strong>per</strong></span> <span class='ocrx_word' id='word_1_248' title='bbox 1317 4425 1420 4503; x_wconf 90' lang='lat' dir='ltr'><strong>idem</strong></span> <span class='ocrx_word' id='word_1_249' title='bbox 1432 4426 1642 4531; x_wconf 86' lang='lat' dir='ltr'><strong>judicium,</strong></span> <span class='ocrx_word' id='word_1_250' title='bbox 1661 4453 1775 4533; x_wconf 89' lang='lat' dir='ltr'><strong>super</strong></span> <span class='ocrx_word' id='word_1_251' title='bbox 1794 4425 1869 4505; x_wconf 90' lang='lat' dir='ltr'><strong>hoc</strong></span> <span class='ocrx_word' id='word_1_252' title='bbox 1887 4423 1944 4500; x_wconf 85' lang='lat' dir='ltr'><strong>ab·</strong></span> 
     </span>
     <span class='ocr_line' id='line_1_30' title="bbox 530 4554 688 4634; baseline 0.006 -5"><span class='ocrx_word' id='word_1_253' title='bbox 530 4554 688 4634; x_wconf 87' lang='lat' dir='ltr'><strong>solutus.</strong></span> 
     </span>
     <span class='ocr_line' id='line_1_31' title="bbox 586 4685 1336 4792; baseline 0.005 -32"><span class='ocrx_word' id='word_1_254' title='bbox 586 4685 685 4762; x_wconf 83' lang='lat' dir='ltr'><strong>lovis</strong></span> <span class='ocrx_word' id='word_1_255' title='bbox 704 4703 789 4792; x_wconf 85' lang='lat' dir='ltr'><strong>post</strong></span> <span class='ocrx_word' id='word_1_256' title='bbox 805 4688 1150 4767; x_wconf 85' lang='lat' dir='ltr'><strong>Annunciacionem</strong></span> <span class='ocrx_word' id='word_1_257' title='bbox 1169 4687 1336 4766; x_wconf 90' lang='lat' dir='ltr'><strong>Domini.</strong></span> 
     </span>
     <span class='ocr_line' id='line_1_32' title="bbox 586 4813 1047 4926; baseline 0.009 -35"><span class='ocrx_word' id='word_1_258' title='bbox 586 4813 816 4896; x_wconf 84' lang='lat' dir='ltr'><strong>Rosselletus</strong></span> <span class='ocrx_word' id='word_1_259' title='bbox 834 4819 1047 4926; x_wconf 85' lang='lat' dir='ltr'><strong>reportarit.</strong></span> 
     </span>
    </p>
   </div>
   <div class='ocr_carea' id='block_1_7' title="bbox 587 5075 1942 5184">
    <p class='ocr_par' dir='ltr' id='par_1_7' title="bbox 587 5075 1942 5184">
     <span class='ocr_line' id='line_1_33' title="bbox 587 5075 1942 5184; baseline 0.004 -32"><span class='ocrx_word' id='word_1_260' title='bbox 587 5075 693 5154; x_wconf 85' lang='lat' dir='ltr'><strong>XLV.</strong></span> <span class='ocrx_word' id='word_1_261' title='bbox 724 5075 820 5155; x_wconf 86' lang='lat' dir='ltr'><strong>Cum</strong></span> <span class='ocrx_word' id='word_1_262' title='bbox 839 5105 948 5156; x_wconf 87' lang='lat' dir='ltr'><strong>causa</strong></span> <span class='ocrx_word' id='word_1_263' title='bbox 970 5097 1072 5158; x_wconf 88' lang='lat' dir='ltr'><strong>mota</strong></span> <span class='ocrx_word' id='word_1_264' title='bbox 1096 5079 1227 5159; x_wconf 85' lang='lat' dir='ltr'><strong>suisset</strong></span> <span class='ocrx_word' id='word_1_265' title='bbox 1250 5108 1375 5158; x_wconf 88' lang='lat' dir='ltr'><strong>coram</strong></span> <span class='ocrx_word' id='word_1_266' title='bbox 1396 5082 1600 5160; x_wconf 90' lang='lat' dir='ltr'><strong>senescallo</strong></span> <span class='ocrx_word' id='word_1_267' title='bbox 1627 5098 1754 5159; x_wconf 88' lang='lat' dir='ltr'><strong>nostro</strong></span> <span class='ocrx_word' id='word_1_268' title='bbox 1773 5081 1942 5184; x_wconf 76' lang='lat' dir='ltr'><strong>Petrego-</strong></span> 
     </span>
    </p>
   </div>
   <div class='ocr_carea' id='block_1_8' title="bbox 0 0 2230 6209">
    <p class='ocr_par' dir='ltr' id='par_1_8' title="bbox 0 0 2230 6209">
     <span class='ocr_line' id='line_1_34' title="bbox 0 0 2230 6209; baseline 0 3"><span class='ocrx_word' id='word_1_269' title='bbox 0 0 2230 6209; x_wconf 95' lang='lat' dir='ltr'><strong> </strong></span> 
     </span>
    </p>
   </div>
  </div>
 </body>
</html>
