4450 6209
735 723 1005 836 nronbms
1031 745 1097 818 nr
1123 732 1330 821 raocrs.
1668 749 1743 820 ees

323 887 421 966 cerei
440 887 480 964 in
499 886 597 964 dicta
616 884 786 977 ecclesia,
809 885 857 964 ad
876 902 1102 992 perpetuam
1123 886 1345 965 memoriam
1371 887 1532 966 emenda
1550 887 1742 994 predicte;
1780 897 1913 952 mmm
1926 897 1969 958 tv.

322 1017 462 1126 quibus
481 1019 535 1096 sic
554 1018 659 1109 actis,
679 1017 838 1126 predicti
856 1019 989 1095 Petrus
1009 1033 1047 1095 et
1067 1017 1270 1124 complices
1284 1018 1398 1096 ibunt
1411 1015 1452 1095 in
1471 1017 1678 1097 continenti
1696 1018 1745 1097 ad
1844 988 1907 1032 Μ’

323 1149 480 1227 domum
498 1148 656 1256 predicti
666 1149 825 1258 Nicolay
842 1149 889 1226 de
911 1146 1070 1238 Chicon‚
1093 1149 1332 1256 presentibus
1351 1147 1542 1256 aliquibus
1568 1150 1616 1227 de
1635 1177 1747 1227 cano·

325 1279 418 1357 nicis
441 1279 539 1357 dicte
562 1279 719 1358 ecclesie
739 1297 778 1358 et
804 1278 968 1384 aliis-qui
995 1278 1139 1358 ibidem
1160 1280 1359 1357 interresse
1378 1279 1585 1371 voluerint,
1605 1297 1643 1356 et
1662 1307 1748 1385 pre-

324 1411 440 1488 dictas
454 1410 609 1520 injurias
627 1429 666 1488 et
682 1410 882 1489 violencias
901 1408 1026 1488 eidem
1046 1410 1226 1489 canonico
1248 1411 1456 1490 solenniter
1471 1409 1746 1498 emendabunt,

322 1542 525 1648 nobisque,
542 1571 612 1649 pro
630 1543 791 1620 emenda
804 1542 1078 1647 predictorum,
1094 1541 1271 1620 videlicet
1285 1542 1408 1620 dietus
1423 1543 1555 1620 Petrus
1569 1541 1748 1650 quingen

322 1688 378 1748 tes
392 1670 507 1749 libras
521 1675 779 1762 Turonenses3
795 1689 833 1750 et
848 1672 972 1750 dictus
987 1672 1145 1777 symon,
1162 1671 1288 1762 miles,
1303 1687 1460 1749 centum
1474 1669 1607 1762 libras,
1623 1669 1748 1748 dictus

321 1802 511 1880 lebannes
528 1803 565 1881 le
586 1801 875 1911 Bourguenoul,
899 1818 1051 1879 centum
1076 1800 1210 1892 libras,
1233 1820 1272 1880 et
1290 1800 1354 1878 alii
1376 1801 1550 1908 armigeri
1573 1801 1747 1907 superius

322 1935 522 2022 nominati,
540 1933 703 2038 quilibet
720 1933 907 2042 sexaginta
927 1929 1041 2008 bbras
1055 1934 1298 2012 Turonenses
1317 1930 1554 2037 prestabant,
1570 1959 1664 2036 quas
1681 1957 1748 2036 pe·

322 2063 431 2140 cunie
452 2091 619 2142 summas
635 2063 738 2140 curia
758 2080 884 2140 nostra
910 2062 1074 2140 decrevit
1097 2063 1237 2142 nostris
1253 2062 1470 2142 nacionibus
1496 2061 1744 2168 applicandas.

377 2195 477 2272 lovis
499 2209 584 2301 post
599 2194 777 2272 Sanctum
793 2193 1010 2270 Barnabam.

378 2325 563 2404 Thibotot
582 2324 794 2433 reportavit.

377 2585 518 2667 XLVII.
536 2587 635 2664 Mota
647 2583 724 2679 lite,
736 2586 776 2663 in
791 2586 894 2663 curia
907 2603 1047 2676 nostra,
1057 2586 1158 2664 inter
1169 2585 1344 2664 dilectam
1358 2603 1396 2663 et
1410 2584 1565 2663 fidelem
1580 2602 1748 2664 nostram
1768 2651 1772 2657 .
1885 2584 1891 2592 ’

322 2717 548 2797 comitissam
560 2715 876 2805 Attrebatensem,
899 2735 1064 2823 exparte
1083 2745 1175 2806 una,
1191 2732 1230 2794 et
1244 2716 1437 2813 dominam
1452 2715 1500 2793 de
1516 2717 1687 2824 Auxeyo,
1704 2745 1749 2794 er

322 2848 453 2937 altera,
466 2876 636 2955 supereo
648 2849 755 2955 quod
766 2845 863 2926 dicta
875 2848 1029 2926 domina
1041 2848 1242 2927 dicebetse
1254 2848 1304 2925 ad
1315 2876 1386 2926 nos
1398 2846 1603 2956 appellasse
1615 2879 1637 2925 a
1650 2848 1749 2926 diota

323 2979 511 3060 comitissa
523 2997 563 3059 et
578 2979 756 3089 gentibus
769 2981 863 3070 suis,
879 3009 899 3058 a
914 2979 1065 3059 delectu
1074 2979 1189 3088 juris,
1206 2980 1480 3088 propterquod
1492 2977 1664 3087 petebat,
1681 3007 1750 3085 per

322 3129 488 3190 nostram
503 3110 660 3201 curiam,
676 3109 854 3188 declarari
871 3110 1008 3190 dictam
1021 3110 1251 3190 comitissam
1262 3109 1505 3189 deficientem
1514 3108 1633 3188 luisse
1642 3110 1684 3185 in
1698 3107 1750 3186 fa-

322 3242 456 3320 ciendo
478 3260 516 3319 et
534 3241 733 3319 reddendo
748 3241 812 3350 jus
833 3241 976 3334 cidem,
999 3260 1036 3320 et
1054 3242 1192 3320 dictam
1212 3241 1509 3349 appellacionem
1521 3269 1629 3318 suam
1645 3239 1751 3346 legit·

322 3373 454 3450 timam
467 3371 722 3479 pronunciari,
739 3388 795 3462 et,
811 3389 966 3479 propter
977 3373 1121 3450 dietum
1135 3371 1338 3461 defectum,
1355 3399 1397 3450 se
1410 3370 1551 3450 absolvi
1565 3371 1612 3448 ab
1622 3371 1750 3448 homa·

321 3503 385 3612 gio
406 3519 443 3580 et
462 3503 642 3580 fidelitate
663 3501 802 3609 quibus
819 3502 918 3606 dicte
937 3503 1126 3581 comitisse
1142 3520 1221 3581 erat
1234 3503 1398 3592 astricta,
1415 3501 1568 3579 racione
1581 3519 1680 3579 terre
1699 3502 1747 3579 de

322 3633 487 3740 Auxeyo,
506 3659 622 3738 quam
638 3632 737 3710 dicta
756 3632 913 3712 domina
930 3632 971 3711 in
989 3631 1151 3712 baillum
1169 3660 1237 3710 seu
1256 3633 1423 3742 gardam,
1441 3631 1598 3709 nomine
1611 3631 1749 3710 libero-

322 3793 408 3844 rum
428 3792 600 3853 suorum,
621 3763 774 3842 tenebat
796 3793 816 3840 n
837 3764 935 3841 dicta
953 3763 1153 3856 comitissa,
1173 3781 1212 3843 et
1230 3763 1492 3873 cognicionem
1507 3761 1633 3840 debati
1653 3762 1747 3840 moti

322 3896 421 3972 inter
435 3895 552 3974 dictas
564 3911 703 4000 partes,
721 3895 873 3974 racione
887 3894 1084 4002 cujusdam
1099 3895 1266 3996 hominis
1281 3896 1441 3986 mortui,
1457 3894 1567 3972 levati
1579 3921 1648 4001 per
1658 3921 1749 3999 gen-

322 4046 379 4104 tes
396 4025 677 4114 dictedomine,
695 4026 852 4102 incuria
871 4042 996 4102 nostra
1015 4026 1156 4104 debere
1176 4056 1391 4118 remanere,
1413 4028 1670 4134 dampnaque,
1691 4053 1748 4102 ra·

324 4155 626 4264 cionepredicta,
641 4155 713 4262 ipsi
725 4155 881 4232 domine
896 4154 981 4232 data
992 4183 1060 4262 per
1075 4157 1213 4234 dictam
1223 4159 1453 4236 comitissam
1464 4176 1502 4235 et
1515 4185 1614 4245 suos,
1627 4183 1747 4262 usque

323 4290 371 4367 ad
397 4315 582 4366 summam
606 4287 898 4394 quingentarum
920 4285 1101 4364 librarum
1127 4288 1412 4377 Parisiensium,
1429 4287 1609 4394 ponendo
1635 4313 1749 4391 super

326 4447 408 4496 earn
423 4419 578 4498 saisinas
593 4433 631 4495 et
646 4435 874 4496 comestores
893 4398 1153 4525 quamplures,
1168 4417 1240 4496 sibi
1256 4417 1422 4495 resarciri
1437 4445 1506 4522 per
1519 4415 1754 4493 comitissam·

323 4549 554 4656 predictam3
581 4548 678 4626 dicta
704 4547 893 4628 comitissa
919 4577 939 4627 e
969 4551 1154 4628 contrario
1181 4549 1330 4627 dicente
1361 4547 1499 4626 dictam
1527 4542 1750 4652 appellacio-

301 4679 413 4758 nem
430 4709 507 4758 non
527 4680 666 4774 valere,
688 4680 902 4788 dictamque
924 4681 1117 4758 dominam
1138 4680 1222 4770 sibi,-
1243 4697 1437 4787 tamquam
1448 4679 1532 4788 ejus
1549 4675 1747 4782 superiori,

223 4905 230 4916 ι
325 4839 405 4889 esse
425 4811 709 4901 remittendam,
736 4841 862 4889 eoram
887 4813 967 4919 ipsa
986 4809 1177 4920 justiciam
1199 4828 1456 4918 recepturam
1478 4835 1592 4916 snper
1610 4807 1750 4916 quibus

325 4940 594 5036 mandavimus,
606 4943 742 5021 vocatis
758 4941 944 5050 partibus,
959 4941 1172 5048 inquestam
1190 4941 1275 5020 lieri
1290 4959 1329 5020 et
1347 4941 1489 5020 remitti
1504 4957 1632 5020 nostre
1644 4939 1748 5018 curie

322 5071 583 5178 judicandamt
596 5073 703 5150 Dicta
714 5073 830 5180 igitur
841 5074 1023 5180 inquesta,
1037 5071 1249 5178 superbiis,
1264 5073 1403 5151 vocatis
1417 5070 1597 5180 partibus,
1609 5068 1703 5147 lacta
1713 5085 1752 5146 et

1592 5223 1643 5287 86.
