4450 6209
729 706 998 818 cucurum
1024 725 1088 803 rr
1115 705 1318 800 procus.
1666 725 1740 800 535

363 869 521 951 Veneris
540 885 626 976 post
646 868 756 950 Oculi
778 869 866 947 mei.

364 1001 489 1080 Droco
510 999 558 1078 de
575 1000 736 1080 Caritate
756 999 972 1108 reportavit.

364 1263 524 1344 XXXIV.
554 1261 795 1370 Pedagiarius
810 1280 938 1341 noster
951 1263 999 1340 de
1016 1263 1179 1352 Perona,
1196 1262 1483 1370 conquerendo,
1503 1261 1615 1342 nobis
1629 1264 1745 1372 signi-

309 1393 432 1472 ficavit
446 1393 552 1502 quod
566 1396 698 1474 Petrus
714 1395 762 1474 de
779 1397 940 1483 Nannm.
958 1394 1047 1473 civis
1062 1392 1344 1488 Ambianensis,
1364 1412 1404 1473 et
1417 1395 1574 1501 quidam
1587 1394 1648 1473 alii
1665 1423 1744 1475 ser-

307 1526 467 1620 vientes,
494 1555 561 1633 per
583 1526 819 1636 pedagiarios
843 1526 891 1606 de
908 1526 1098 1635 bapalmis
1116 1526 1288 1634 deputati
1310 1529 1358 1606 ad
1379 1526 1606 1634 capiendum
1627 1545 1665 1607 et
1685 1558 1744 1604 ar-

306 1656 526 1738 restandum
541 1677 787 1752 mercaturas,
807 1688 877 1768 per
893 1660 968 1740 vias
982 1659 1203 1751 indirectas,
1220 1659 1268 1738 de
1284 1660 1460 1738 Flandria
1472 1659 1685 1750 venientes,
1704 1662 1744 1738 in

308 1788 531 1896 dampnum,
554 1789 727 1870 fraudem
752 1807 790 1870 et
808 1791 1064 1900 prejudicium
1087 1791 1206 1870 nostri
1233 1808 1272 1870 et
1290 1791 1496 1901 pedagiarii
1519 1791 1696 1898 predicti,
1722 1823 1743 1868 a

307 1922 594 2014 mercatoribus,
616 1923 669 2004 sic
688 1953 756 2032 per
776 1941 896 2002 metas
918 1923 1008 2002 dicti
1028 1923 1180 2034 pedagii
1206 1925 1255 2002 de
1273 1925 1419 2004 Perona
1442 1922 1626 2002 indirecte
1641 1942 1743 2002 tran·

306 2053 520 2146 seuntibus,
540 2055 736 2134 Ambianis
757 2074 876 2136 certas
889 2051 1125 2164 recipiebant
1140 2057 1301 2163 pecunie
1320 2086 1504 2148 summas,
1527 2073 1565 2134 et
1583 2085 1653 2164 per
1671 2057 1745 2134 flu-

306 2186 409 2266 vium
427 2187 585 2294 Signum
598 2189 704 2294 quod
721 2189 825 2266 idem
839 2191 973 2270 Petrus
990 2187 1122 2268 secisse
1136 2187 1344 2281 dicebatur,
1362 2189 1483 2268 dictos
1497 2205 1742 2282 mercatores,

306 2316 449 2425 absque
464 2318 657 2397 solucione
676 2319 765 2398 dicti
783 2321 934 2427 pedagii
955 2320 1003 2398 de
1021 2323 1181 2412 Perona,
1204 2350 1292 2399 cum
1305 2320 1383 2400 suis
1400 2321 1638 2412 mercaturis,
1655 2321 1744 2398 licet

306 2449 419 2538 nobis
431 2451 626 2529 confiscari
642 2451 842 2544 deberent,
860 2453 965 2530 abire
980 2452 1222 2558 permittebat
1235 2469 1274 2531 et
1289 2452 1447 2531 transire
1460 2470 1580 2530 metas
1593 2452 1742 2561 pedagii

305 2581 523 2688 supradicti.
539 2583 614 2662 Nos
626 2610 715 2662 vero
726 2611 841 2691 super
851 2583 1045 2689 premissis
1059 2583 1231 2662 volentes
1245 2583 1329 2662 lieri
1348 2584 1544 2674 cerciores,
1559 2584 1669 2663 certis
1679 2615 1744 2662 au-

307 2711 495 2792 ditoribus
520 2714 778 2792 commisimus
799 2730 838 2792 et
863 2713 1126 2792 mandavimus
1144 2713 1341 2821 quatinus,
1362 2714 1501 2792 vocatis
1527 2716 1741 2807 evocandis,

306 2872 421 2952 super
432 2845 622 2953 premissis
638 2845 816 2924 omnibus
832 2862 871 2923 et
890 2845 1064 2953 singulis,
1083 2875 1173 2924 cum
1190 2844 1406 2953 diligencia,
1427 2846 1664 2952 inquirerent
1681 2878 1743 2927 ve·

306 2976 474 3070 ritatem,
493 2995 531 3054 et
547 2977 653 3085 quod
671 2979 882 3086 inquestam
899 3005 968 3084 per
981 2977 1082 3084 ipsos
1096 3005 1211 3084 snper
1223 2977 1417 3085 premissis
1436 2976 1587 3070 laetam,
1606 2978 1678 3057 sub
1693 2978 1743 3058 si-

306 3108 407 3217 gillis
430 3110 523 3199 suis,
548 3109 658 3188 nobis
677 3110 916 3188 remitterent
935 3109 1101 3189 fideliter
1123 3108 1385 3199 interclusam,
1409 3126 1446 3186 et
1469 3110 1576 3217 quod
1596 3109 1742 3190 dictum

306 3241 463 3317 Petrum
485 3256 524 3316 et
542 3240 635 3318 alios
654 3266 751 3347 quos
771 3239 870 3316 dicta
892 3256 1065 3350 tangeret
1087 3241 1261 3346 inquesta
1285 3239 1334 3316 ad
1358 3239 1461 3317 diem
1478 3239 1742 3322 Ambianensis

308 3369 458 3449 ballivie
475 3371 594 3448 nostri
612 3370 773 3477 proximi
788 3369 1014 3477 parlamenti
1031 3371 1292 3478 adjornarent,
1306 3370 1451 3460 visuros
1468 3371 1676 3477 predictam
1692 3376 1743 3452 in-

308 3518 480 3610 questam
506 3501 688 3609 judicari:
710 3501 861 3580 Auditis
889 3502 1005 3610 igitur
1032 3531 1145 3610 super
1172 3501 1247 3579 hoc
1274 3500 1383 3578 dictis
1407 3503 1576 3608 partibus
1606 3521 1644 3582 et
1667 3507 1743 3584 visa

309 3634 483 3742 inquesta
495 3661 609 3741 super
623 3633 831 3742 premissis,
848 3633 895 3712 de
912 3632 1091 3713 mandato
1102 3649 1246 3722 nostro,
1259 3628 1367 3721 sacta,
1382 3631 1468 3738 quia
1481 3651 1675 3740 repertum
1688 3657 1745 3716 est

309 3764 453 3844 dictum
473 3766 646 3860 Petrum,
669 3784 747 3845 tam
762 3795 831 3874 per
855 3766 938 3875 ejus
952 3765 1231 3844 consessionem
1255 3790 1371 3869 quam
1391 3762 1482 3842 alias
1500 3763 1705 3874 legittime,
1722 3799 1744 3846 a

307 3897 431 3976 tribus
450 3899 558 3977 annis
578 3899 669 3976 citra
689 3916 728 3978 et
747 3898 924 4006 amplius,
945 3899 986 3976 in
1005 3916 1133 3978 nostra
1150 3895 1239 3976 villa
1258 3892 1516 3989 Ambianensi,
1539 3897 1742 4010 pedagium

310 4029 360 4136 de¹
372 4029 559 4136 Bapalmis
579 4030 781 4138 recepisse,
805 4059 954 4109 necnon
977 4031 1185 4110 Martinum
1204 4029 1350 4111 dictum
1370 4031 1545 4138 Piquete,
1565 4031 1743 4139 pedagia·

308 4162 409 4240 rium
430 4161 478 4240 de
496 4162 701 4269 bapalmis,
720 4160 822 4240 dicto
837 4164 947 4240 Petro
962 4191 1077 4269 super
1089 4161 1166 4242 hoc
1181 4179 1405 4270 potestatem
1422 4178 1460 4240 et
1480 4164 1741 4243 auctoritatem

311 4294 471 4386 dedisse,
489 4314 528 4374 et
541 4295 666 4404 ipsum
679 4296 720 4374 in
739 4296 814 4374 hoc
828 4322 1022 4387 avouasse,
1038 4325 1106 4402 per
1119 4295 1221 4374 curie
1234 4313 1360 4374 nostre
1372 4293 1577 4403 judicium,
1596 4294 1742 4374 dictum

309 4427 382 4506 luit
404 4429 511 4537 quod
529 4428 690 4537 predicti
711 4427 844 4510 Petrus
865 4445 902 4508 et
921 4427 1104 4507 Martinus
1125 4444 1317 4505 eteorum
1341 4424 1505 4534 quilibet
1524 4425 1650 4517 nobis,
1674 4455 1742 4533 pro

311 4561 487 4653 emenda,
506 4561 700 4642 occasione
715 4560 999 4668 premissorum,
1017 4552 1206 4667 s'exaginta
1225 4558 1339 4638 libras
1352 4557 1579 4637 Parisienses
1597 4557 1742 4665 persol-

310 4708 409 4786 vent,
431 4710 470 4772 et
483 4695 589 4802 quod
606 4694 767 4804 dampna
784 4710 823 4772 et
837 4693 1035 4802 deperdita
1051 4720 1127 4800 que
1143 4718 1213 4770 nos
1228 4706 1267 4769 et
1285 4689 1520 4798 pedagiarius
1536 4688 1583 4768 de
1598 4691 1744 4770 Perona

310 4822 518 4929 predictus,
541 4857 562 4904 a
585 4826 686 4909 dicto
707 4845 878 4934 tempore
905 4825 1011 4916 citra,
1038 4824 1232 4904 occasione
1252 4823 1539 4931 premissorum,
1561 4823 1744 4901 sustinui·

312 4984 398 5034 mus
418 4974 457 5035 et
474 4958 695 5052 habuimus,
721 4959 882 5043 reddere
903 4958 1014 5038 nobis
1039 4975 1077 5039 et
1096 4956 1199 5038 dicto
1217 4955 1434 5066 pedagiaria
1454 4955 1503 5034 de
1522 4955 1667 5034 Perona
1686 4972 1743 5036 te·

313 5089 517 5185 nebuntur,
544 5108 598 5182 et,
620 5123 689 5198 per
712 5093 815 5174 idem
832 5091 1040 5200 judicium,
1067 5089 1214 5170 dictum
1239 5088 1313 5169 suit
1336 5086 1442 5196 quod
1466 5085 1666 5195 pedagium
1693 5087 1743 5164 de

1776 881 1907 937 Parctrrs
1921 881 1965 946 tv,

1839 977 1903 1020 isto.
