4450 6209
735 697 998 807 susurrus
1027 719 1088 790 er
1114 696 1320 791 enecas.
1647 658 1740 795 'ora

325 895 384 945 res
402 881 440 942 et
458 862 640 970 quosdam
656 861 859 938 monachos
875 859 1090 936 monasterii
1107 860 1155 936 de
1174 859 1321 965 Figiaco
1341 877 1444 937 mota
1458 860 1663 951 discordia,
1679 889 1742 939 ra·
1778 870 1908 924 emim
1921 870 1964 933 tv,

207 982 214 988 ⁸
324 997 432 1075 cione
447 993 638 1101 sepulture
656 991 848 1098 cujusdam
859 989 1025 1067 defuncti
1040 990 1106 1096 qui
1119 991 1220 1096 apud
1233 990 1354 1068 dictos
1366 991 1620 1070 Predicatores
1635 1021 1743 1070 suam
1840 962 1903 1003 m

324 1127 496 1234 eligeret,
513 1141 557 1202 ut
571 1124 720 1214 dicitur,
734 1121 975 1229 sepulturam,
991 1119 1083 1197 dicti
1098 1121 1290 1210 monachi,
1307 1149 1393 1198 cum
1407 1149 1542 1198 eorum
1555 1125 1744 1230 complici·

323 1258 410 1346 bus,
436 1272 564 1332 contra
583 1254 704 1331 dictos
723 1253 979 1330 Predicatores
1004 1250 1187 1328 insultum
1207 1249 1393 1338 feceramt,
1416 1269 1455 1329 et
1477 1253 1678 1359 quemdam
1698 1283 1743 1332 ex

326 1387 435 1466 dictis
453 1383 755 1464 Predicatoribus
774 1383 1035 1471 vulnerarunt,
1060 1383 1110 1460 ita
1124 1383 1229 1489 quod
1246 1382 1340 1460 infra
1357 1411 1494 1489 paucos
1514 1384 1595 1462 dies
1618 1383 1745 1462 deces-

325 1518 388 1609 sit,
406 1517 669 1623 dicereturque
689 1515 792 1622 quod
814 1514 904 1591 dicti
921 1513 1138 1592 monasterii
1164 1513 1277 1591 abbas
1301 1514 1503 1619 culpabilis,
1518 1533 1596 1594 erat
1611 1516 1651 1593 in
1674 1519 1745 1594 hu·

320 1648 506 1754 jusmodi,
529 1665 567 1725 et
592 1647 708 1725 eciam
734 1645 928 1756 negligens
952 1646 991 1722 in
1015 1644 1210 1750 puniendo
1235 1645 1440 1724 monachos
1465 1673 1554 1724 suos
1578 1648 1745 1753 culpabi-

324 1778 379 1856 les
400 1779 447 1856 de
463 1778 659 1884 predictis,
676 1805 764 1870 nos,
781 1778 829 1854 ad
843 1777 935 1853 tanti
952 1801 1122 1853 excessus
1133 1775 1394 1881 punicionem,
1412 1794 1596 1883 quantum
1611 1779 1659 1856 ad
1675 1807 1744 1856 nos

324 1909 503 2014 pertinet,
523 1906 691 1985 volentes
714 1904 939 2013 procedere,
962 1904 1221 1982 mandavimus
1239 1932 1352 2010 super
1373 1905 1581 2010 premissis,
1607 1909 1744 1987 vocatis

323 2039 509 2142 partibus,
525 2037 717 2115 veritatem
737 2035 877 2141 inquiri
896 2066 904 2110 :
925 2035 1011 2113 Visa
1030 2035 1147 2142 igitur
1162 2035 1334 2141 inquesta
1353 2053 1468 2141 super
1485 2036 1558 2114 hiis
1572 2037 1621 2115 de
1637 2067 1745 2117 snau-

326 2166 412 2245 dato
426 2184 555 2246 nostro
569 2165 678 2254 facta,
695 2165 857 2270 visisque
872 2165 1177 2242 excusacionibus
1191 2179 1350 2269 exparte
1367 2165 1456 2241 dicti
1471 2165 1615 2246 abbatis
1632 2199 1745 2276 super

325 2297 399 2373 hoc
417 2297 634 2403 propositis,
649 2323 718 2404 per
734 2294 836 2372 curie
858 2313 985 2374 nostre
998 2294 1204 2403 judicium,
1220 2293 1363 2371 dictum
1382 2293 1455 2371 fuit
1472 2323 1551 2374 non
1568 2326 1744 2404 apparere

327 2453 395 2532 per
408 2427 616 2534 inquestam
632 2425 838 2532 predictam
855 2425 997 2503 dietum
1017 2425 1192 2502 abbatem
1206 2424 1320 2530 super
1335 2426 1407 2503 boc
1426 2424 1590 2533 inculpa
1608 2429 1667 2505 vel
1686 2457 1746 2507 ne·

325 2555 507 2666 gligeucia
524 2556 657 2644 fuisse,
679 2555 875 2662 quodque,
895 2583 965 2662 pre
990 2556 1086 2633 lacto
1108 2555 1300 2661 predicto,
1318 2556 1424 2634 curia
1443 2574 1588 2648 nostra,
1615 2587 1686 2665 pro
1704 2589 1745 2640 se

325 2686 381 2763 vel
400 2715 471 2792 pro
485 2703 606 2793 parte,
628 2685 772 2763 nullam
787 2683 984 2763 emendam
1004 2685 1117 2764 levari
1133 2684 1244 2762 faciet
1260 2685 1308 2762 ab
1323 2685 1455 2764 abbate
1470 2687 1656 2794 predicto,
1678 2691 1746 2768 sed

325 2817 427 2923 quia,
461 2846 530 2923 per
559 2815 697 2893 dictam
731 2817 960 2924 inquestam,
994 2833 1232 2922 compertum
1263 2833 1320 2893 est
1357 2818 1541 2924 quosdam
1572 2817 1742 2908 clericos,

323 2963 400 3024 tam
419 2947 754 3056 religiososquam
775 2946 978 3038 seculares,
999 2947 1039 3023 in
1057 2945 1276 3053 hujusmodi
1298 2946 1518 3054 deliquisse,
1540 2978 1654 3055 super
1673 2952 1745 3029 boc

325 3078 426 3156 curia
444 3095 571 3156 nostra
593 3077 853 3188 cognicionem
871 3094 910 3156 et
928 3077 1173 3184 punicionem
1190 3078 1388 3156 ordinariis
1405 3078 1599 3186 judicibus
1612 3109 1745 3159 eorum

326 3207 480 3284 dimisit.

380 3336 544 3426 dabbato
564 3354 650 3443 post
662 3339 945 3420 Penthecosten.

383 3602 472 3680 CIV.
505 3601 627 3707 Super
640 3599 775 3676 saisina
796 3595 1059 3676 mensurarum
1071 3598 1157 3677 ville
1171 3600 1219 3678 de
1234 3599 1469 3680 Guiencourt
1487 3619 1592 3681 moto
1610 3603 1746 3684 debato

327 3732 425 3809 iuter
444 3730 639 3810 deminum
663 3730 711 3808 de
729 3729 981 3822 Guiencourt,
1007 3759 1051 3808 er
1074 3759 1151 3808 una
1169 3750 1289 3838 parte,
1316 3750 1355 3810 et
1376 3751 1655 3839 procuratorem
1682 3735 1751 3812 do*

328 3861 422 3936 mini
442 3861 567 3967 Regis,
598 3889 642 3938 ex
659 3859 794 3952 altera,
826 3862 964 3941 auditis
987 3861 1171 3968 partibus,
1200 3880 1239 3940 et
1255 3864 1331 3942 visa
1359 3864 1517 3971 apprisia
1543 3890 1657 3971 super
1676 3865 1748 3942 hoc
1852 3967 1856 3973 .

329 3989 421 4067 lacta
441 4008 587 4068 necnon
603 3990 726 4066 littera
745 4019 858 4096 super
873 3992 961 4080 hoc,
985 4020 1028 4070 ex
1046 4008 1150 4097 parte
1169 3993 1259 4071 dicti
1274 3993 1440 4084 domini,
1462 3997 1659 4100 producta,
1682 4023 1750 4102 per

329 4137 510 4199 arrestum
532 4136 658 4198 nostre
679 4120 797 4210 curie,
814 4120 957 4197 dictum
972 4119 1046 4197 luit
1064 4123 1170 4228 quod
1190 4124 1367 4202 dominus
1382 4127 1459 4201 Rex
1477 4125 1688 4204 remanebit
1709 4127 1750 4202 in

329 4250 461 4326 saisina
483 4277 745 4328 mensurarum
767 4249 1035 4354 predictarum,
1057 4251 1170 4343 salva,
1188 4280 1304 4358 super
1327 4255 1422 4340 hoc,
1444 4253 1546 4332 dicto
1570 4254 1747 4342 domino,

328 4381 528 4487 questione
540 4381 788 4488 proprietatis.
1354 4451 1358 4457 .

385 4511 520 4589 Actum
539 4511 716 4600 Parisius,
738 4509 892 4590 sabbate
906 4530 991 4618 post
1005 4513 1239 4604 brandones,
1256 4540 1355 4590 anno
1373 4511 1532 4590 decimo.

385 4770 458 4853 CV.
489 4770 575 4853 Visa
598 4769 770 4880 inquesta
794 4791 923 4851 contra
946 4775 1113 4851 Huetum
1142 4772 1190 4850 de
1215 4773 1395 4863 Bauceio,
1423 4772 1684 4864 domicellum,
1715 4793 1753 4852 et

333 4899 413 5009 ejus
431 4900 560 4982 fratres
579 4922 616 4982 et
636 4904 852 5011 complices,
867 4904 960 4982 facta
972 4903 1182 4982 secundum
1193 4920 1364 4981 tenorem
1373 4903 1530 5011 judicati
1551 4905 1749 4982 novissime

330 5030 499 5136 preteriti
514 5035 751 5137 parlamenti,
765 5027 1127 5140 superestimacione
1140 5035 1390 5140 dampnorum
1400 5064 1468 5141 per
1479 5063 1543 5114 eos
1558 5029 1747 5113 illatorum
