4450 6209
522 742 593 816 tto
1041 735 1043 737 ’
1095 738 1187 810 LES
1216 735 1359 810 OLlM.

289 895 421 952 raram:
432 893 477 958 W·
574 886 634 963 lll.
666 882 753 962 Visa
768 881 958 990 inquesta,
976 882 1025 958 de
1037 879 1216 958 mandato
1234 877 1381 960 domini
1398 876 1509 986 Regis
1527 875 1621 956 lacta
1633 876 1735 954 inter
1747 894 1882 986 gentes
1896 878 1949 986 ip-

349 988 414 1034 ¹⁸⁰⁸
517 1019 597 1098 sius
617 1015 767 1095 domini
786 1013 916 1122 Regis,
939 1041 985 1090 ex
1005 1041 1080 1090 una
1096 1027 1219 1118 parte,
1240 1027 1278 1089 et
1294 1009 1490 1120 religiosos
1505 1009 1604 1088 viros
1617 1007 1795 1088 abbatem
1808 1026 1847 1088 et
1861 1038 1947 1088 con-

515 1166 670 1228 ventum
689 1144 1049 1235 Sancte-Generosa,
1068 1161 1107 1223 et
1124 1170 1257 1222 eorum
1273 1144 1440 1250 priorem
1460 1141 1508 1220 de
1523 1141 1739 1250 Espinolio,
1758 1171 1804 1222 ex
1816 1141 1945 1234 altera,

513 1309 630 1390 super
647 1309 694 1360 eo
713 1279 839 1387 quod,
855 1276 983 1356 statim
998 1294 1085 1383 post
1103 1276 1253 1355 obitum
1270 1273 1544 1352 recordationis
1563 1272 1693 1352 inclite
1708 1273 1840 1382 regine
1855 1275 1949 1352 Mar·

512 1414 631 1523 garite
651 1441 787 1490 manus
802 1411 949 1488 domini
965 1409 1076 1518 Regis
1093 1407 1262 1516 apposita
1275 1405 1398 1484 luerat
1416 1406 1456 1483 in
1473 1404 1548 1484 alta
1559 1402 1711 1513 justicia
1728 1405 1776 1483 de
1793 1404 1948 1512 Espino-

511 1543 583 1636 lio,
611 1547 760 1653 dequo
786 1542 878 1622 dicti
900 1541 1068 1650 religiosi
1095 1539 1446 1647 conquerebantur3
1473 1554 1511 1616 et
1534 1566 1649 1645 super
1675 1537 1851 1644 eoquod
1879 1537 1944 1645 ipsi

511 1678 679 1787 religiosi
709 1676 905 1785 quoddam
934 1673 1126 1781 expletum
1152 1671 1226 1749 alte
1251 1671 1402 1780 justicie
1429 1687 1559 1779 postea
1583 1667 1758 1748 lecerunt
1785 1667 1943 1758 ibidem,

512 1810 561 1890 de
581 1839 659 1919 quo
680 1807 986 1917 conquerebatur
1003 1803 1150 1884 domini
1169 1804 1279 1914 Regis
1293 1819 1516 1911 procurator
1528 1834 1537 1880 :
1549 1801 1621 1880 Per
1633 1800 1826 1909 judicium
1847 1801 1945 1879 curie

513 1961 660 2033 nostre,
684 1943 829 2020 dictum
850 1939 924 2018 fuit
942 1938 1050 2048 quod
1074 1965 1208 2016 manus
1229 1935 1376 2013 domini
1397 1933 1509 2043 Regis
1531 1934 1578 2013 de
1601 1933 1701 2011 dicta
1718 1933 1890 2041 justicia,
1912 1949 1946 2010 et

513 2075 833 2182 impedimentum
847 2100 917 2180 per
930 2071 1049 2179 ipsius
1064 2070 1212 2148 domini
1230 2068 1342 2177 Regis
1356 2083 1489 2178 gentes
1505 2095 1620 2174 super
1639 2066 1713 2144 hoc
1733 2064 1845 2142 dictis
1863 2063 1947 2143 reli·

512 2206 627 2315 giosis
647 2204 862 2313 appositum
877 2202 1167 2289 amovebuntur,
1200 2217 1238 2277 et
1256 2199 1303 2278 ab
1325 2200 1487 2281 emenda
1511 2227 1586 2307 que
1614 2213 1769 2304 propter
1789 2196 1865 2275 boc
1883 2223 1945 2303 pe·

512 2337 664 2416 tebatur
683 2337 730 2416 ab
751 2336 804 2416 eis
826 2334 1082 2412 remanebunt
1100 2333 1305 2412 immunes.

569 2473 677 2549 Lune
697 2486 785 2577 post
803 2469 987 2548 Sanctum
1006 2466 1215 2546 Martinum
1234 2464 1463 2574 hyemalem.

569 2738 630 2816 lv.
660 2737 704 2813 In
724 2734 862 2815 eodem
877 2734 998 2824 bello,
1015 2732 1207 2812 defunctis
1221 2733 1416 2825 lobanne,
1435 2731 1592 2810 domino
1607 2731 1655 2808 de
1671 2729 1943 2837 Boycbavoine,

512 2866 712 2974 etEgidio‚
726 2865 808 2972 ejus
819 2865 1092 2973 primogenito,
1110 2863 1314 2954 militibus,
1329 2892 1443 2970 super
1457 2864 1700 2971 adipiscenda
1712 2863 1945 2970 possessione

512 2997 735 3076 hereditatis
751 3014 788 3074 et
801 3013 901 3074 terre
916 2995 963 3073 de
978 2996 1237 3103 Boycbavoine
1251 3013 1333 3073 orta
1347 2996 1438 3086 suit,
1456 2995 1495 3072 in
1507 2994 1611 3072 curia
1622 2993 1786 3104 Nigelle,
1802 2993 1946 3074 discen·

512 3130 570 3208 sio
587 3129 685 3206 inter
703 3129 877 3216 Petrum,
899 3126 990 3204 dicti
1011 3128 1160 3206 domini
1176 3126 1317 3218 filium,
1339 3156 1384 3206 ex
1404 3156 1478 3204 una
1492 3144 1614 3234 parte,
1633 3143 1671 3204 et
1687 3126 1883 3204 dominam
1900 3127 1944 3204 de

513 3263 773 3353 Ronaucourt,
800 3259 891 3338 dicti
919 3260 1043 3368 Egidii
1064 3259 1254 3350 relictam,
1281 3259 1433 3338 racione
1452 3258 1620 3338 dotalicii
1643 3258 1704 3337 sui
1731 3275 1769 3336 et
1792 3259 1943 3338 nomine

510 3393 616 3472 bailli
642 3393 853 3471 liberorum
882 3420 1041 3470 suorum
1068 3422 1113 3470 ex
1141 3393 1244 3470 dicto
1262 3391 1399 3501 Egidio
1425 3408 1715 3498 susceptorum,
1744 3419 1789 3466 ex
1814 3390 1941 3478 altera;

510 3544 671 3633 utraque
681 3541 787 3632 parte
801 3524 977 3632 pluribus
990 3525 1207 3603 racionibus
1227 3540 1461 3632 proponente
1477 3553 1533 3614 se,
1550 3541 1731 3630 tanquam
1743 3522 1944 3629 proximio-

510 3687 609 3748 rem,
637 3657 779 3734 debere
803 3656 952 3733 admitti
978 3656 1026 3731 ad
1045 3656 1268 3763 homagium
1290 3671 1329 3732 et
1347 3655 1522 3734 saisinam
1543 3655 1737 3734 bonorum
1756 3654 1943 3760 predicto-

511 3819 611 3867 rum.
636 3790 679 3865 ln
705 3817 780 3895 qua
802 3817 927 3880 causa,
953 3787 1134 3866 concluso
1155 3817 1174 3864 a
1194 3789 1365 3895 partibus
1398 3787 1617 3878 antedictis,
1646 3786 1824 3865 homines
1849 3787 1942 3865 dicte

511 3922 615 3998 curie
623 3921 891 4028 judicaverunt
904 3921 1048 3998 dictum
1063 3922 1234 4011 Petrum,
1250 3940 1431 4028 tanquam
1445 3921 1734 4028 proximiorem,
1753 3920 1801 3997 ad
1815 3921 1942 3999 boma·

511 4053 618 4161 gium
643 4069 683 4128 et
705 4053 878 4130 saisinam
902 4052 1001 4130 dicte
1025 4070 1125 4130 terre
1148 4053 1195 4129 de
1215 4053 1466 4146 Boicbavoine
1489 4052 1629 4132 debere
1655 4050 1822 4140 admitti,
1850 4049 1942 4130 salva

511 4184 712 4293 questione
727 4183 966 4291 proprietatis
979 4185 1076 4291 parti
1097 4185 1268 4275 adverse,
1287 4213 1400 4293 aquo
1412 4185 1602 4293 judicato,
1619 4200 1798 4290 tanquam
1818 4182 1941 4262 asalso

511 4334 550 4394 et
562 4345 691 4424 pravo,
710 4317 809 4394 dicta
825 4316 970 4407 relicta,
990 4316 1147 4394 nomine
1163 4345 1241 4423 quo
1257 4346 1386 4424 supra,
1404 4317 1452 4394 ad
1468 4333 1635 4394 nostram
1653 4314 1797 4393 curiam
1821 4312 1942 4422 appel-

510 4447 620 4526 lavit:
635 4449 861 4528 Constitutis
880 4449 1008 4558 igitur,
1026 4449 1066 4523 in
1086 4476 1196 4526 causa
1218 4449 1315 4526 dicte
1334 4447 1623 4555 appellacionis‚
1639 4447 1680 4524 in
1704 4463 1833 4524 nostra
1845 4444 1942 4523 curia

510 4579 620 4656 dictis
632 4581 818 4687 partibus,
837 4597 876 4656 et
891 4580 1031 4657 exibito
1048 4579 1118 4685 ipsi
1134 4578 1236 4656 curie
1257 4596 1384 4659 nostre
1405 4578 1513 4658 totali
1527 4606 1706 4686 processu
1722 4577 1822 4656 dicte
1843 4575 1940 4656 curie

509 4710 670 4818 Nigelle,
688 4741 803 4818 super
822 4740 901 4819 quo
921 4711 1123 4788 fundatum
1143 4710 1216 4787 fuit
1228 4710 1442 4819 judicatum
1465 4711 1695 4817 predictum,
1718 4725 1837 4815 prout
1856 4735 1940 4786 con-

509 4838 605 4917 fesse
625 4841 783 4919 luerunt
801 4843 840 4918 in
860 4861 988 4920 nostra
1012 4843 1116 4920 curia
1134 4842 1234 4920 dicte
1253 4859 1396 4950 partes,
1415 4843 1628 4949 auditisque
1649 4840 1869 4918 racionibus
1885 4839 1938 4945 ip-

509 4999 636 5048 sarum
651 4972 822 5078 parcium
834 4973 924 5050 binc
942 4990 981 5050 et
994 4974 1104 5064 inde,
1127 4991 1166 5051 et
1184 4973 1269 5051 visis
1288 4973 1491 5084 diligenter
1510 5002 1687 5080 processu
1709 4971 1880 5080 predicto
1899 4998 1939 5046 ac

509 5101 645 5181 litteris
662 5105 831 5211 parcium
847 5105 1122 5212 predictarum,
1140 5133 1208 5212 per
1222 5107 1324 5184 curie
1340 5124 1468 5186 nostre
1477 5104 1687 5216 judicium,
1706 5105 1852 5182 dictum
1868 5101 1938 5179 luit
