4450 6209
503 719 577 805 028
1086 719 1177 793 LES
1207 717 1344 793 OLIM.

277 863 406 920 rmum
419 866 463 931 Ν.
500 861 729 965 predictum,
746 861 856 941 dictis
869 861 978 941 sociis
994 861 1035 938 in
1048 861 1278 940 contrarium
1289 861 1520 953 dicentibus,
1537 861 1662 968 quod,
1678 886 1749 966 pro
1762 861 1924 939 evidenti

337 957 399 1005 ¹³¹¹·
500 989 660 1068 uticae
680 1009 719 1070 et
738 992 886 1100 urgenti
906 992 1124 1070 necessitate
1143 992 1234 1069 areu
1249 992 1401 1099 papini,
1415 991 1589 1100 passus
1603 992 1743 1071 uestes
1758 992 1921 1079 oneras,

500 1120 627 1198 debita
651 1121 929 1230 sollempnitate
949 1122 1047 1232 juris
1067 1120 1277 1212 observata,
1300 1123 1425 1201 dictus
1448 1140 1660 1202 contractus
1686 1123 1809 1202 luerat
1827 1123 1923 1200 cele-

497 1249 641 1342 bratus,
652 1281 768 1361 quare
779 1253 954 1331 dicebant
964 1254 1131 1360 predicta
1144 1254 1276 1359 petita,
1289 1283 1358 1360 pro
1374 1254 1476 1332 dicto
1488 1254 1649 1362 pupillo,
1666 1247 1750 1333 fieri
1766 1282 1845 1330 non
1860 1253 1921 1330 de-

495 1380 586 1459 bere
605 1415 613 1459 :
634 1384 744 1462 Facta
768 1383 882 1492 igitur
901 1413 1015 1491 super
1034 1384 1106 1462 hoc
1132 1384 1305 1490 inquesta
1323 1403 1361 1460 et
1380 1385 1425 1462 ad
1446 1402 1612 1463 nostram
1634 1387 1777 1462 curiam
1797 1411 1922 1491 repor-

496 1529 587 1604 tata,
615 1542 672 1603 ac,
696 1515 744 1592 de
768 1513 917 1622 speciali
944 1515 1123 1592 mandato
1147 1531 1277 1594 nostro
1297 1532 1335 1591 et
1359 1543 1404 1591 ex
1422 1543 1550 1607 causa,
1572 1544 1804 1622 quamquam
1823 1532 1920 1592 extra

495 1642 787 1748 parlamentum,
815 1643 862 1721 ad
894 1643 1103 1722 videndum
1141 1661 1178 1722 et
1203 1645 1452 1753 judicandum
1476 1644 1628 1735 tradita,
1657 1644 1919 1751 dictorumque

495 1787 678 1865 tutorum,
700 1775 958 1881 proximorum
976 1792 1015 1852 et
1032 1774 1257 1865 amicorum,
1280 1804 1325 1853 ex
1344 1805 1420 1854 una
1445 1793 1566 1883 parte,
1587 1776 1918 1884 predictorumque

497 1902 706 1995 sociorum,
729 1932 772 1980 ex
791 1905 922 1993 altera,
944 1905 1081 1984 auditis
1097 1905 1312 1984 nacionibus
1331 1907 1422 1985 binc
1441 1923 1480 1985 et
1498 1907 1605 1998 inde,
1628 1923 1667 1983 et
1684 1905 1771 1984 visis
1788 1904 1919 1983 litteris

498 2049 536 2110 et
565 2033 823 2113 instrumentis
853 2035 900 2112 ab
930 2051 1088 2144 utraque
1114 2053 1218 2144 parte
1241 2038 1452 2142 productis,
1478 2039 1630 2146 visaque
1659 2054 1699 2114 et
1722 2036 1918 2144 diligenter

497 2165 702 2242 examinata
722 2167 893 2274 inquestn
913 2167 1097 2272 predicta,
1120 2197 1207 2244 eum
1222 2197 1290 2276 per
1305 2197 1389 2246 eam
1408 2169 1604 2248 inventum
1625 2168 1739 2247 luerit
1759 2167 1877 2274 quod,
1898 2198 1917 2244 a

495 2293 717 2374 vendicione
737 2296 784 2374 de
807 2297 916 2375 dictis
933 2296 1148 2376 redditibus
1165 2299 1269 2406 prius
1288 2299 1382 2376 lacta
1396 2301 1508 2379 Petro
1527 2300 1681 2389 Donati,
1701 2328 1771 2405 pro
1792 2327 1831 2377 se
1847 2301 1919 2378 sin-

495 2423 674 2530 gulariter
702 2426 953 2518 contrahenti,
981 2428 1028 2505 de
1058 2429 1235 2506 societate
1259 2430 1424 2535 predicta
1450 2431 1637 2524 existenti,
1659 2430 1699 2511 in
1724 2458 1798 2537 qua
1823 2430 1916 2538 juris

495 2555 752 2664 sollempnitas
769 2556 960 2636 observata
980 2557 1093 2636 fuisse
1114 2559 1321 2652 videbatur,
1343 2561 1391 2638 de
1407 2589 1593 2640 consensu
1608 2561 1698 2640 dicti
1712 2562 1829 2650 Petri,
1849 2590 1914 2666 pro

495 2713 550 2774 se,
573 2705 611 2764 et
631 2690 758 2766 matris
779 2690 870 2768 dicti
885 2689 1032 2798 pupilli,
1046 2691 1217 2800 ejusdem
1230 2692 1389 2787 tutricis,
1402 2693 1569 2773 totaliter
1581 2693 1654 2771 luit
1664 2721 1863 2783 recessum,
1880 2710 1915 2769 et

493 2796 651 2924 quod'in
664 2837 857 2898 contractu
870 2821 1102 2899 vendicionis
1118 2821 1308 2900 dictorum
1319 2824 1555 2916 reddituum,
1571 2841 1700 2934 postea
1711 2824 1807 2902 facte
1822 2850 1914 2900 mer·

494 2948 681 3026 catoribus
702 2951 749 3026 de
774 2951 950 3028 societate
970 2952 1153 3058 predicta,
1170 2953 1269 3060 juris
1291 2954 1550 3061 sollempnitas
1574 2955 1730 3035 omnino
1754 2954 1828 3032 fuit
1847 2953 1911 3032 ob

492 3077 615 3168 missa,
639 3081 818 3187 quodque
838 3081 929 3160 dicti
951 3083 1144 3172 redditus,
1165 3101 1338 3192 tempore
1362 3084 1461 3163 dicte
1484 3087 1717 3165 vendicionis
1735 3085 1830 3162 lacte
1854 3113 1910 3162 so·

492 3207 614 3286 cietati
640 3212 822 3317 predicte,
847 3213 1017 3292 deductis
1039 3214 1284 3294 missionibus
1312 3235 1350 3295 et
1379 3219 1569 3325 expensis,
1598 3217 1785 3305 valebant,
1816 3245 1909 3294 anno

491 3339 679 3445 quolibet,
708 3343 997 3452 quadringentas
1021 3343 1136 3423 libras
1151 3375 1353 3455 parvorum
1367 3351 1648 3428 Turonensium
1667 3350 1857 3428 bonorum
1874 3365 1909 3424 et

490 3471 665 3578 amplius;
687 3475 753 3581 qui
772 3475 943 3554 redditus
963 3477 1072 3554 dictis
1091 3478 1201 3556 sociis
1219 3480 1360 3557 venditi
1382 3479 1536 3560 fuerunt
1560 3511 1681 3589 usque
1705 3481 1753 3558 ad
1771 3481 1910 3559 tresde·

490 3601 563 3678 eim
583 3631 700 3682 annos
718 3633 787 3711 pro
805 3623 949 3713 septem
966 3606 1071 3685 mille
1091 3607 1276 3686 librarum
1296 3611 1578 3689 Turonensium
1594 3612 1730 3691 debilis
1745 3630 1904 3696 monete,

489 3734 552 3839 qui
574 3735 698 3812 valent
725 3737 763 3814 in
787 3737 886 3815 bona
912 3755 1063 3815 moneta
1084 3739 1162 3816 duo
1185 3739 1304 3817 millia
1322 3760 1508 3820 trecentas
1528 3744 1678 3853 triginta
1698 3762 1774 3822 tres
1796 3743 1905 3822 libras

488 3891 551 3939 sex
570 3863 711 3942 solidos
737 3883 775 3942 et
797 3883 882 3945 octo
907 3867 1079 3944 denarios
1104 3870 1363 3963 Turonenses,
1390 3889 1428 3950 et
1446 3901 1516 3978 pro
1540 3875 1784 3983 quadraginta
1805 3875 1904 3951 libris

488 3994 767 4072 Turonensium
803 3996 1007 4088 debilium,
1038 4026 1154 4105 quas,
1186 4028 1285 4079 anno
1321 4003 1493 4109 quolibet
1524 4005 1781 4112 predictorum
1817 4024 1904 4084 tres-

488 4122 609 4200 decim
629 4153 814 4204 annorum
833 4127 903 4234 ipsi
923 4129 1065 4207 solvere
1093 4129 1282 4211 debebant
1303 4135 1411 4210 matri
1434 4135 1523 4213 dicti
1542 4136 1697 4243 pupilli,
1720 4165 1790 4242 pro
1810 4137 1902 4213 victu

486 4281 575 4344 suo,
600 4285 669 4362 per
694 4285 768 4364 que
793 4257 940 4366 liquido
965 4279 1119 4366 apparet
1143 4262 1287 4341 dictum
1313 4264 1504 4370 pupillum
1529 4266 1568 4344 in
1589 4267 1756 4375 predicta
1780 4267 1902 4345 vendi·

486 4386 608 4478 cione,
638 4387 753 4466 eciam
774 4389 805 4466 si
823 4405 988 4480 teneret,
1013 4390 1129 4470 fuisse
1150 4410 1188 4470 et
1207 4421 1288 4471 esse
1310 4395 1516 4474 enormiter
1537 4396 1681 4486 lesum,
1710 4427 1778 4505 per
1803 4399 1901 4476 curie

485 4533 610 4595 nostre
619 4517 825 4624 judicium,
843 4521 986 4599 dictum
1007 4521 1080 4600 fuit
1093 4524 1306 4630 predictum
1325 4544 1556 4605 contractum
1572 4528 1802 4606 vendicionis
1818 4528 1899 4606 nul·

483 4643 564 4754 lum
585 4675 664 4725 esse
685 4667 723 4726 et
742 4677 819 4727 non
835 4651 972 4730 debere
993 4670 1143 4745 tenere3
1160 4671 1216 4745 et,
1235 4683 1304 4762 per
1321 4656 1423 4734 idem
1435 4658 1642 4767 judicium,
1669 4658 1741 4736 suit
1760 4659 1898 4736 baum

482 4776 587 4881 quod
603 4780 760 4883 predicti
777 4782 868 4859 socii
884 4811 1015 4862 omnes
1034 4782 1180 4864 fructus
1194 4803 1233 4864 et
1252 4787 1372 4866 exitus
1394 4789 1441 4868 ab
1461 4790 1604 4868 eisdem
1623 4790 1669 4869 de
1690 4790 1899 4868 redditibus

482 4905 570 4982 dicti
590 4906 662 4985 loci
682 4929 895 5018 perceptos,
913 4915 1031 5022 etqui
1050 4916 1192 5024 percipi
1212 4935 1419 5024 potuerunt
1437 4949 1505 5028 per
1521 4922 1690 5030 quinque
1705 4949 1823 5000 annos
1838 4948 1898 5002 no

480 5036 628 5116 vissime
651 5041 850 5146 preteritos
872 5046 1013 5151 quibus
1032 5048 1102 5155 ipsi
1129 5066 1317 5156 emptores
1338 5052 1458 5132 dictos
1483 5052 1654 5130 redditus
1674 5052 1896 5159 explectave-
