4450 6209
498 735 571 812 684
1075 730 1166 806 tas
1190 728 1328 804 OLlM.

272 891 401 942 esrom
415 888 458 952 Ν,
498 879 601 957 curie
617 895 744 957 nostre
759 876 929 964 remissa,
947 867 1023 952 visa
1040 890 1078 951 et
1095 871 1297 978 diligenter
1314 870 1534 960 examinata,
1551 869 1656 976 quia,
1672 897 1742 977 per
1755 899 1836 948 eam
1861 898 1920 948 re·

335 981 397 1024 ¹³st
499 1025 650 1116 portum
668 1024 725 1086 est
743 1007 880 1086 dictam
898 1003 1092 1084 dominam
1114 1003 1273 1110 ejusque
1287 1016 1417 1109 gentes
1433 1029 1476 1076 ac
1493 999 1720 1078 servientem
1735 1017 1916 1088 nostrum,

499 1169 585 1216 cum
597 1138 787 1217 nostrisac
798 1136 937 1215 ballivii
949 1133 1211 1214 Ambianensis
1222 1131 1373 1221 litteris,
1385 1131 1434 1208 ad
1447 1131 1522 1209 boe
1533 1130 1918 1238 specialiter-destina-

498 1289 598 1360 tum,
620 1265 761 1378 pluries
781 1266 1017 1374 requisivisse
1027 1261 1255 1374 justiciarius
1272 1262 1372 1340 dicte
1391 1263 1598 1354 comitisse,
1618 1279 1659 1340 et
1671 1261 1792 1370 ipsam
1809 1264 1919 1340 comi-

498 1401 643 1492 tissam,
658 1399 765 1506 quod
789 1397 941 1478 saisinas
965 1411 1004 1474 et
1026 1410 1256 1475 comestores
1274 1421 1387 1499 super
1406 1393 1526 1500 ipsam
1548 1391 1743 1471 dominam
1757 1393 1915 1500 positos,

497 1531 646 1610 racione
663 1530 752 1608 dicti
768 1529 937 1608 bominis
951 1526 1110 1616 mortui,
1130 1524 1240 1603 levati
1252 1552 1321 1630 per
1333 1523 1473 1631 ipsam,
1488 1540 1696 1617 amoveret,
1712 1542 1752 1602 et
1765 1525 1834 1632 ipsi
1850 1524 1918 1602 do·

499 1667 601 1741 mine
617 1661 755 1740 laceret
765 1661 828 1770 jus
841 1688 956 1766 super
975 1656 1052 1736 suis
1066 1655 1283 1736 rosionibus
1298 1683 1392 1763 quas
1411 1655 1559 1734 dicebat
1577 1656 1617 1732 in
1636 1655 1856 1762 hujusmodi
1879 1682 1917 1731 se

499 1793 649 1882 habere,
667 1791 725 1888 vel
738 1792 803 1900 jus
821 1791 893 1868 sibi
909 1789 1102 1878 redderet,
1117 1787 1148 1864 si
1168 1787 1243 1865 boc
1260 1785 1332 1864 sibi
1347 1785 1468 1864 facere
1481 1786 1693 1876 tenebatur,
1708 1785 1917 1892 dictamque

499 1923 725 2002 comitissam
742 1939 780 2000 et
799 1921 881 2030 ejus
898 1936 1028 2028 gentes
1042 1918 1185 2025 pluries
1203 1934 1243 1994 et
1260 1915 1490 1996 sufficienter
1508 1946 1622 2024 super
1638 1917 1712 1994 hoc
1725 1917 1918 2023 requisitas

497 2084 519 2131 a
539 2054 637 2131 dieta
650 2053 802 2130 domina
817 2066 855 2128 et
869 2050 948 2128 suis
965 2049 1142 2159 gentibus
1152 2077 1195 2124 ac
1209 2047 1392 2125 serviente
1404 2064 1535 2126 nostro
1545 2047 1733 2154 predicto,
1748 2045 1919 2125 deficien-

497 2203 555 2264 tes
574 2183 688 2262 luisse
708 2183 747 2258 in
762 2180 933 2259 iaciendo
943 2180 1007 2288 jus
1026 2177 1153 2256 eidem
1171 2177 1326 2256 domine
1346 2177 1394 2256 de
1408 2178 1602 2285 predictis,
1624 2177 1839 2286 dictamque
1857 2206 1917 2254 co-

497 2313 679 2392 mitissam
702 2312 870 2419 predicto
887 2309 1060 2391 servienti
1075 2324 1222 2398 nostro,
1239 2337 1342 2401 eam,
1358 2324 1403 2386 ut
1422 2307 1648 2416 premissum
1668 2325 1741 2397 est,
1763 2325 1917 2414 exparte

499 2460 625 2522 nostra
648 2443 873 2550 requirenti,
894 2443 948 2520 sic
966 2440 1230 2547 respondisset
1250 2440 1298 2517 Et
1316 2467 1387 2548 ego
1409 2440 1575 2547 precipio
1598 2439 1706 2519 vobis
1723 2440 1830 2548 quod
1850 2467 1917 2546 ego

498 2573 616 2652 nichil
633 2572 781 2662 faciam,
801 2588 839 2650 et
862 2573 913 2650 ob
934 2571 1026 2660 boe,
1044 2569 1185 2647 dictam
1206 2569 1399 2648 dominam
1413 2569 1461 2648 ab
1477 2570 1675 2649 audiencia
1689 2571 1789 2650 dicte
1808 2571 1919 2649 comi-

497 2706 587 2784 tisse
607 2721 647 2782 et
662 2731 819 2782 suorum
829 2699 1127 2811 justitiariorum
1142 2698 1191 2777 ad
1207 2727 1276 2778 nos
1295 2699 1476 2807 legittime
1491 2700 1708 2808 appellasse,
1727 2702 1916 2810 ipsamque

500 2836 704 2923 dominam
717 2835 868 2912 racione
881 2832 1061 2941 predicta,
1077 2832 1240 2939 dampna
1253 2831 1374 2937 plura,
1389 2861 1511 2939 usque
1526 2833 1575 2910 ad
1585 2861 1773 2912 summam
1782 2849 1918 2912 trecen

497 2983 621 3044 tarum
636 2964 818 3042 librarum
834 2980 986 3042 monete
1001 2981 1091 3064 tuno
1110 2963 1310 3052 currentis,
1331 2962 1571 3058 sustinuisse,
1586 2993 1656 3071 per
1673 2964 1777 3042 carrie
1796 2982 1917 3043 nostre

493 3097 701 3206 judicium,
717 3096 860 3175 dictum
877 3095 949 3173 luit
966 3095 1175 3203 predictam
1191 3094 1419 3174 comitissam
1439 3113 1485 3178 et
1496 3097 1578 3205 ejus
1587 3095 1816 3206 justiciarius
1831 3097 1918 3175 deli-

499 3229 639 3306 cientes
663 3227 788 3305 eidem
813 3225 965 3304 domine
993 3254 1106 3333 super
1127 3225 1306 3332 predictis
1325 3225 1364 3303 in
1377 3229 1465 3335 jure
1490 3228 1563 3305 sibi
1589 3227 1764 3306 faciendo
1788 3227 1913 3319 lirisse,

498 3359 712 3465 dictamque
726 3357 919 3436 dominam
936 3385 958 3434 a
973 3356 1073 3434 dicto
1090 3355 1240 3435 delectu
1246 3357 1344 3465 juris
1355 3357 1537 3466 legittime
1549 3358 1766 3466 appellasse,
1779 3378 1820 3436 et
1833 3387 1915 3437 ean·

346 3493 365 3524 '⁴
498 3492 586 3568 dem
603 3471 796 3569 dominam
809 3487 912 3567 curia
923 3505 1051 3568 nostra
1064 3486 1224 3567 absolvit
1234 3489 1280 3567 ab
1294 3489 1483 3598 homagio,
1494 3489 1678 3568 fidelitate
1691 3507 1730 3568 et
1740 3490 1916 3570 obedien·

497 3621 553 3699 cia
568 3620 708 3728 quibus
725 3622 804 3727 ipsa
824 3621 922 3698 dicte
944 3619 1135 3700 comitisse
1154 3637 1235 3697 erat
1247 3621 1410 3709 astricta,
1432 3620 1582 3700 racione
1600 3619 1705 3699 bailli
1721 3650 1790 3700 seu
1808 3622 1914 3731 garde

496 3769 596 3829 terre
605 3751 773 3856 predicte
789 3749 998 3828 liberorum
1012 3776 1187 3840 suorum,
1200 3749 1441 3829 existencium
1456 3752 1496 3827 in
1507 3749 1621 3828 baillo
1631 3780 1702 3830 suo
1716 3780 1785 3830 sen
1795 3752 1912 3860 garda,

497 3882 737 3960 decernendo
756 3881 923 3987 predicta
948 3881 1185 3989 homagium,
1203 3881 1426 3960 fidelitatem
1450 3899 1489 3961 et
1507 3883 1786 3974 obedienciam,
1805 3885 1915 3962 dicte·

497 4037 572 4116 que
603 4039 712 4088 cause
731 4011 945 4119 principalis
975 4013 1234 4120 cognicionem
1260 4014 1309 4091 ad
1338 4042 1408 4092 nos
1436 4013 1613 4092 devenire
1635 4014 1793 4104 debere,
1815 4015 1915 4093 salvis

497 4139 615 4218 eciam
629 4141 740 4220 nobis
755 4142 915 4220 emenda
928 4159 965 4220 et
972 4143 1125 4252 juribus
1134 4145 1351 4252 ceterisque
1362 4145 1471 4224 nobis
1481 4144 1612 4224 deberi
1624 4164 1785 4253 possunt
1794 4165 1914 4226 contra

498 4269 635 4350 dictam
654 4273 898 4364 comitissam,
920 4292 1073 4381 propter
1092 4275 1373 4354 inobediencias
1392 4275 1637 4381 supradictas,
1662 4294 1778 4383 prout
1795 4295 1913 4357 nostra

497 4403 599 4480 curia
621 4401 770 4482 duxerit
788 4403 1069 4482 declarandum.
1096 4406 1182 4485 Fuit
1200 4408 1355 4513 insuper
1379 4407 1477 4484 dieta
1501 4407 1703 4498 comitissa,
1729 4408 1911 4515 peridem

492 4533 699 4639 judicium,
721 4536 970 4614 condemnata
988 4536 1037 4614 ad
1056 4537 1297 4616 reddendum
1317 4538 1416 4616 dicte
1436 4538 1590 4616 domine
1608 4556 1794 4618 trecentas
1808 4539 1912 4618 libras

496 4681 647 4741 monete
667 4682 759 4743 tunc
778 4666 979 4760 currentis,
1000 4696 1069 4774 pro
1086 4667 1260 4775 dampnis
1277 4670 1355 4747 suis
1372 4669 1562 4776 predictis.

552 4793 653 4871 Jovis
669 4813 754 4900 post
769 4796 948 4874 Sanctum
966 4798 1186 4875 Barnabam.
1244 4785 1251 4796 ’

554 4924 713 5030 Mangon
737 4927 947 5032 reportavit.
