4450 6209
503 714 578 785 292
1084 708 1175 781 tes
1204 706 1345 781 OLIM.

278 859 464 924 narranatv
500 852 611 929 dini
601 880 770 958 ipsorum
790 850 839 928 de
859 850 1085 939 Scnecourt,
1108 865 1146 925 et
1171 848 1287 925 eciam
1308 848 1480 956 capiendi
1504 874 1786 956 quemcumque
1806 850 1927 930 alium

340 952 402 996 lm

502 984 715 1061 invenirent
729 984 768 1060 in
787 983 885 1059 dicta
904 981 989 1058 villa
1009 996 1253 1087 querentem,
1270 997 1307 1056 et
1327 980 1398 1058 sibi
1419 980 1550 1088 prisias
1568 980 1789 1087 hujusmodi
1808 984 1932 1090 appli-

504 1116 627 1204 candi,
649 1116 829 1223 petebant
844 1114 916 1192 sibi
936 1113 1044 1191 reddi
1065 1130 1103 1190 et
1118 1111 1319 1189 deliberari
1335 1112 1544 1220 quemdam
1553 1140 1695 1219 equum
1709 1141 1796 1190 cum
1810 1112 1931 1193 farina

503 1274 572 1352 per
591 1274 722 1323 eorum
742 1261 873 1353 gentes
892 1243 932 1321 in
949 1241 1159 1332 dictavilla,
1177 1242 1327 1320 racione
1348 1238 1448 1321 dicte
1466 1258 1615 1350 queste,
1629 1260 1798 1348 captum,
1821 1262 1859 1323 et
1878 1248 1929 1323 ad

502 1404 657 1455 manum
684 1392 848 1453 nostram
873 1374 1041 1480 positum
1064 1390 1220 1481 propter
1247 1373 1427 1451 debatum
1451 1374 1622 1480 parcium
1646 1376 1927 1481 predictarum

504 1507 605 1584 dicto
626 1506 801 1614 episcopo
821 1506 861 1582 in
882 1506 1111 1585 contramum
1129 1522 1363 1611 proponente
1381 1533 1421 1583 se
1437 1532 1518 1583 esse
1538 1506 1578 1582 in
1593 1504 1728 1583 saisina
1746 1505 1869 1585 solum
1891 1525 1931 1583 et

504 1638 543 1713 in
562 1636 727 1715 solidum
746 1635 913 1713 habendi
933 1635 1192 1713 omnimodam
1210 1633 1322 1713 altam
1342 1655 1381 1715 et
1393 1635 1539 1715 bassam
1557 1635 1748 1743 justiciam
1770 1636 1810 1714 in
1831 1636 1930 1713 dicta

503 1766 606 1859 villa,
618 1784 657 1845 et
671 1794 729 1859 se,
739 1784 935 1873 tamquam
951 1765 1077 1843 solum
1089 1764 1362 1871 justiciarium,
1375 1762 1636 1843 malefactores
1647 1782 1686 1844 et
1699 1764 1929 1875 delinquen-

503 1914 562 1977 tes
576 1897 722 1975 ibidem
740 1896 931 2005 capiendi,
942 1925 985 1973 ac
1002 1912 1155 2001 petente
1177 1895 1321 1974 dictum
1341 1925 1484 2004 equum
1503 1925 1590 1974 cum
1609 1896 1724 1973 farina
1745 1896 1818 1975 sibi
1835 1898 1932 1976 deli-

504 2029 625 2109 berari
642 2044 680 2106 et
693 2027 804 2106 reddi
816 2060 827 2105 ε
838 2027 1024 2117 Tandem,
1037 2028 1210 2135 inquesta
1222 2056 1338 2135 super
1348 2030 1422 2107 hoc
1436 2028 1485 2107 de
1497 2027 1677 2106 mandato
1688 2045 1820 2107 nostro
1834 2028 1931 2107 locta

504 2160 585 2241 visa.
599 2177 638 2237 et
653 2159 853 2267 diligenter
865 2158 1089 2250 examinata,
1106 2160 1196 2266 quia
1206 2160 1402 2237 inventum
1419 2176 1475 2236 est
1485 2157 1713 2237 sufficienter
1726 2159 1929 2265 probatum

505 2289 624 2370 dictos
640 2290 851 2400 religiones,
861 2290 1014 2369 racione
1031 2290 1121 2367 dieti
1136 2290 1348 2369 molendini
1361 2290 1440 2381 sni,
1455 2318 1535 2369 esse
1550 2289 1590 2368 in
1607 2292 1743 2367 saisina
1760 2289 1930 2369 habendi

505 2438 675 2527 questam
696 2420 735 2496 in
754 2421 854 2497 dicta
872 2418 977 2508 villa,
993 2434 1034 2496 et
1053 2420 1172 2497 eciam
1192 2419 1285 2499 alios
1304 2420 1447 2498 ibidem
1467 2438 1668 2527 querentes
1687 2421 1876 2529 capiendi,
1894 2438 1931 2497 et

504 2549 722 2658 hujusmodi
735 2550 866 2656 prisias
882 2550 953 2627 sibi
974 2550 1197 2656 applicandi,
1216 2580 1284 2657 per
1303 2552 1407 2629 curie
1425 2568 1554 2629 nostre
1564 2552 1767 2659 judicium,
1783 2553 1929 2631 dictum

503 2681 574 2759 fuit
600 2709 716 2787 equm
743 2681 962 2788 predictum·
983 2708 1070 2763 cnm
1095 2681 1215 2759 farina
1245 2681 1354 2759 dietis
1376 2682 1560 2789 religiosis
1584 2710 1663 2761 esse
1687 2684 1930 2763 reddendum

505 2830 543 2889 et
561 2810 874 2900 deliberandum,
895 2810 1020 2890 salva
1011 2838 1053 2888 ro
1072 2810 1153 2887 aliis
1180 2811 1428 2891 omnimoda'
1414 2812 1566 2985 justicia
1591 2813 1679 2891 dicti
1704 2814 1868 2922 episcopi
1890 2817 1929 2891 in

504 2943 591 3020 villa
609 2940 789 3046 predicta.

560 3072 718 3150 Veneris
737 3087 822 3179 post
840 3069 1101 3151 Candelosam.

560 3203 735 3283 bocellus
757 3203 969 3312 reportavit.

560 3471 688 3550 XXIX.
719 3472 816 3550 Cum
830 3470 934 3576 prior
946 3486 987 3547 et
998 3487 1205 3549 conventus
1219 3471 1432 3549 monasterii
1445 3470 1930 3550 Sancti-Martini-detlam-

504 3602 578 3707 pis,
589 3604 696 3711 juxta
711 3602 889 3690 Parisios,
905 3601 1122 3695 dicentesse
1139 3630 1219 3679 esse
1234 3620 1274 3678 et
1286 3602 1403 3681 fuisse
1416 3603 1457 3678 in
1472 3602 1572 3680 bona
1593 3602 1727 3679 saisina
1740 3601 1926 3708 ponendi,

505 3733 671 3809 habendi
688 3748 727 3809 et
748 3730 924 3809 tradendi
940 3759 1135 3807 mensuras
1157 3732 1249 3824 vini,
1268 3732 1389 3821 bladi,
1410 3760 1524 3811 avene
1548 3750 1587 3810 et
1606 3730 1768 3809 aliorum
1790 3760 1928 3839 grano-

506 3891 591 3939 rum
604 3862 645 3939 in
655 3861 800 3941 villadc
810 3861 1030 3969 Gooyllons‚
1040 3863 1379 3941 versusYenvillam
1397 3864 1435 3940 in
1452 3864 1584 3954 Belsia,
1598 3883 1700 3953 etse,
1713 3891 1782 3969 per
1795 3881 1928 3971 gentes

506 4008 667 4078 nostras,
679 3990 848 4094 indebite
865 4008 904 4068 et
923 3990 971 4069 de
989 4020 1085 4069 novo
1101 3992 1324 4099 impeditos,
1336 4010 1414 4070 tnm
1430 3995 1468 4071 in
1485 3994 1594 4073 dictis
1611 3994 1796 4073 mensuris
1812 4022 1925 4101 quiam

506 4122 546 4197 in
562 4122 713 4228 justicia
728 4123 898 4227 ipsorum
913 4121 1177 4230 religiosorum
1198 4124 1238 4199 io
1254 4123 1362 4201 dictis
1378 4124 1526 4203 casibus
1542 4141 1579 4202 ct
1594 4124 1676 4201 aliis
1687 4125 1727 4201 in
1742 4123 1828 4201 villa
1843 4152 1927 4231 pre·

505 4253 604 4330 dicta
622 4269 660 4329 et
677 4253 869 4331 territorio
887 4282 929 4329 ac
946 4254 1188 4360 pertinenciis
1210 4253 1382 4361 ejusdem
1404 4256 1641 4333 moventibus
1661 4284 1682 4331 a
1699 4256 1925 4334 monasterio

503 4386 692 4531 predicto,
710 4384 946 4491 requirerent
965 4386 1110 4463 dictum
1127 4384 1445 4492 impedimentum
1461 4387 1624 4464 amoveri
1644 4404 1737 4464 etse
1754 4386 1801 4463 de
1818 4386 1925 4464 dictis

503 4515 691 4593 mensuris
717 4533 936 4622 pergentes
967 4532 1111 4592 nostras
1141 4517 1257 4621 captis
1286 4517 1472 4609 resaisiri;
1501 4518 1691 4626 preposito
1724 4532 1853 4595 nostro
1878 4517 1925 4592 de

502 4646 671 4725 Yenvilla
682 4673 750 4752 pro
766 4646 876 4725 nobis
892 4647 1122 4723 contrarium
1136 4664 1396 4753 proponente.
1415 4650 1605 4739 Tandem,
1623 4650 1795 4755 inquesta
1814 4674 1925 4754 super

503 4777 576 4853 boc
590 4776 729 4854 lacta
698 4806 773 4853 visa
791 4794 829 4853 et
842 4776 1043 4885 diligenter
1054 4775 1276 4870 examinata,
1297 4806 1373 4855 una
1385 4806 1471 4855 cum
1488 4778 1623 4857 litteris
1643 4806 1712 4884 per
1726 4776 1856 4855 dictos
1866 4806 1922 4854 re-

503 4906 656 5014 ligiosos
672 4934 785 5012 super
800 4906 897 4984 boc
887 4937 927 4983 m
942 4907 1100 4987 modum
1117 4906 1353 5014 probacionis
1370 4910 1581 5016 productis,
1597 4938 1666 5016 per
1682 4910 1784 4986 curie
1797 4926 1921 4987 nostre

498 5035 705 5143 judicium,
721 5036 863 5115 dictum
877 5039 947 5117 luit
959 5038 1292 5144 impedimentum,
1310 5068 1378 5147 per
1396 5058 1527 5148 gentes
1543 5058 1688 5119 nostras
1706 5039 1848 5117 eisdem
1866 5066 1922 5113 re
