4450 6209
484 727 558 800 666
1066 727 1157 800 11118
1187 725 1326 802 OLIM.

258 876 386 930 Pur-rm
399 875 442 938 ¹V·
537 869 695 950 Veneris
705 883 792 976 post
803 866 1088 948 Penthecosten.

539 1001 645 1082 Creci
662 1000 874 1108 reportavit.

320 968 382 1010 1³11.

539 1265 664 1342 xxxl.
695 1263 794 1342 Cum
810 1261 908 1340 inter
925 1278 1207 1368 procuratorem
1227 1279 1398 1340 nostrum
1417 1260 1652 1369 prepositure
1670 1260 1901 1348 Parisiensis,

483 1423 551 1502 pro
573 1393 699 1482 nobis,
717 1421 760 1470 ex
777 1421 853 1470 una
869 1409 991 1497 parte,
1011 1410 1050 1469 et
1066 1392 1261 1472 Galterum
1277 1391 1325 1470 de
1344 1390 1569 1483 Rroissellis,
1589 1390 1708 1468 civem
1724 1391 1903 1468 Parisien·

483 1554 578 1615 sem,
597 1553 639 1602 ex
654 1522 785 1614 altera,
803 1524 843 1598 in
857 1539 983 1602 nostra
999 1523 1100 1602 curia
1112 1522 1261 1630 questio
1275 1539 1484 1600 verteretur
1498 1550 1612 1627 super
1625 1550 1674 1599 60
1686 1521 1793 1628 quod
1804 1522 1903 1600 idem

482 1656 672 1744 Galterus,
691 1655 783 1734 dum
801 1654 961 1746 vivebat,
979 1671 1033 1744 et,
1052 1652 1903 1761 0061616661011661,101166666Απο66,666-

484 1815 619 1880 cessor,
639 1802 684 1864 ut
703 1784 869 1876 dicebat,
892 1803 929 1864 et
953 1785 1062 1862 heres
1082 1784 1201 1890 ipsius
1224 1782 1384 1873 6611611,
1413 1782 1562 1861 racione
1585 1784 1712 1860 uxoris
1735 1783 1903 1891 ejusdem

482 1918 682 2008 Johannis,
699 1917 776 1994 11116
792 1915 950 2023 predicti
971 1914 1128 2002 Galteri,
1149 1913 1338 1992 asserebat
1352 1914 1528 2004 domum,
1538 1914 1730 2022 justiciam
1746 1931 1785 1991 et
1798 1913 1903 1991 here-

485 2048 623 2156 ditagia
644 2048 712 2126 sita
731 2047 771 2124 in
790 2046 877 2124 villa
900 2063 937 2124 et
953 2045 1144 2124 territorio
1166 2043 1492 2136 Portus-Nulliaci,
1516 2073 1590 2151 que
1609 2045 1807 2152 Philippus
1823 2045 1902 2120 Fla·

483 2179 648 2288 mingus,
680 2177 865 2256 dictarum
889 2204 1016 2254 rerum
1045 2193 1137 2253 tuuc
1165 2175 1360 2266 dominus,
1386 2193 1430 2253 ut
1458 2175 1663 2264 dicebatur,
1689 2174 1904 2252 vendiderat

484 2327 692 2388 memorato
706 2308 868 2398 Galtero,
879 2307 926 2384 ad
939 2335 1094 2385 manum
1106 2323 1288 2396 nostram,
1302 2308 1383 2386 sine
1397 2337 1523 2396 causa,
1537 2308 1584 2385 ad
1597 2307 1815 2384 instanciam
1827 2335 1904 2413 pro

484 2441 666 2518 curatoris
691 2439 808 2516 nostri
834 2437 1011 2545 predicti,
1037 2436 1150 2514 fuisse
1174 2437 1378 2544 appositos,
1403 2437 1604 2544 ipsumque
1625 2435 1819 2514 Galterum
1841 2465 1905 2544 per

485 2570 649 2648 eundern
659 2583 940 2677 procuratorem
958 2585 1147 2657 nostrum,
1159 2568 1328 2646 indebite
1342 2584 1381 2646 et
1393 2570 1441 2646 de
1456 2596 1553 2646 novo
1563 2569 1778 2656 turbatum,
1794 2568 1905 2645 etim·

483 2702 655 2810 peditum
675 2699 790 2779 luisse
811 2699 1016 2807 quominus
1035 2698 1222 2778 dictarum
1246 2728 1375 2778 rerum
1396 2699 1530 2778 saisina
1549 2698 1669 2776 libere
1687 2699 1743 2776 uti
1763 2717 1902 2807 posset,

484 2831 874 2940 quarepetebatidem
885 2831 1901 2937 661161666110666666111611161116,66666660161116166,

487 2981 529 3040 61
554 2963 800 3071 premittitur,
830 2962 1002 3069 ejusdem
1030 2960 1187 3050 Galteri,
1215 2961 1493 3055 turbacionem,
1527 2961 1842 3069 impedimentum
1870 2981 1905 3040 et

485 3123 641 3174 manum
652 3110 817 3176 nostram
829 3092 877 3170 de
891 3092 1000 3171 dictis
1011 3093 1127 3170 rebus
1136 3094 1318 3185 amoveri,
1330 3093 1499 3200 predicto
1512 3109 1753 3200 procuratore
1766 3112 1901 3181 nostro,

486 3257 529 3304 ex
542 3226 709 3316 adverso,
726 3226 874 3304 dicente
888 3253 947 3304 166
962 3224 1167 3332 predictas,
1183 3241 1336 3331 propter
1351 3225 1546 3332 quoddam
1560 3224 1809 3302 homicidium
1826 3253 1905 3332 pre·

486 3359 586 3436 dicto
606 3358 782 3466 Philippo
802 3356 1040 3463 impositum,
1066 3372 1153 3433 ante
1175 3355 1313 3432 dictam
1333 3355 1617 3445 vendicionem,
1639 3372 1682 3433 ut
1700 3355 1902 3443 dicebatur,

486 3472 746 3580 commissum,
764 3489 875 3566 nobis
890 3486 1081 3566 confiscari
1105 3485 1260 3575 debere,
1279 3503 1317 3564 61
1333 3486 1553 3566 earumdem
1568 3514 1699 3564 rerum
1712 3486 1904 3563 alienacio-

485 3650 573 3700 66111
588 3639 675 3728 post
689 3638 829 3699 motam
843 3647 957 3727 super
967 3619 1068 3696 dicto
1087 3617 1243 3694 crimine
1257 3619 1510 3725 questionem,
1528 3635 1564 3694 et
1578 3646 1733 3695 manum
1743 3635 1903 3695 nostram

485 3753 525 3829 in
542 3753 632 3860 ipsis
644 3751 774 3842 rebus,
792 3766 945 3858 propter
959 3750 1031 3828 hoc
1045 3749 1269 3855 appositam,
1290 3778 1366 3826 non
1379 3749 1500 3828 valere
1515 3780 1524 3825 :
1542 3751 1653 3825 Facta
1668 3749 1783 3857 igitur
1798 3775 1903 3855 super

485 3883 692 3988 premissis,
716 3879 962 3960 demandato
986 3896 1128 3968 nostro,
1153 3879 1341 3985 inquesta,
1369 3896 1408 3955 et
1431 3881 1479 3956 ad
1502 3897 1668 3958 nostram
1691 3879 1832 3957 curiam
1854 3906 1905 3955 as·

485 4028 630 4118 portata
644 4029 682 4090 et
697 4011 897 4118 diligenter
911 4009 1092 4115 inspecta,
1113 4011 1215 4116 quia,
1233 4038 1414 4119 peream,
1431 4010 1579 4117 liquido
1599 4027 1834 4117 compertum
1855 4026 1906 4086 est

486 4141 590 4248 quod
616 4141 737 4222 dictus
762 4141 975 4249 Philippus,
1001 4158 1173 4247 tempore
1194 4141 1429 4220 vendicionis
1452 4141 1636 4220 dictarum
1664 4169 1790 4218 rerum
1815 4140 1904 4216 16616

486 4271 637 4354 6611610
653 4273 840 4381 predicto,
856 4291 895 4351 et
907 4273 976 4351 diu
990 4289 1091 4362 ante,
1107 4271 1259 4379 pacifice
1270 4273 1488 4378 possidebat
1498 4301 1559 4350 166
1572 4272 1757 4379 predictas
1769 4272 1904 4378 absque

487 4405 559 4484 hoc
573 4405 679 4511 quod
694 4433 827 4482 manus
842 4421 968 4482 nostra
984 4419 1081 4481 esset
1095 4402 1257 4490 ibidem,
1277 4419 1316 4479 et
1328 4401 1433 4508 quod
1447 4402 1564 4479 eciam
1579 4402 1682 4479 idem
1696 4401 1902 4507 Philippus,

486 4535 532 4614 ab
546 4536 722 4642 imposito
736 4535 808 4612 sibi
821 4534 991 4642 predicto
1003 4533 1160 4610 crimine
1170 4561 1239 4639 per
1251 4551 1527 4641 competentem
1536 4532 1723 4640 judicem,
1739 4532 1904 4640 ejusdem

486 4666 717 4744 vendicionis
730 4683 920 4773 tempore,
938 4663 1058 4742 luerat
1072 4663 1254 4771 legittime
1277 4663 1489 4753 absolutus,
1509 4693 1578 4770 per
1592 4663 1696 4742 curie
1711 4681 1836 4741 nostre
1847 4662 1905 4769 ju·

488 4793 645 4884 dicium,
661 4794 734 4873 luit
749 4796 893 4874 dictum
906 4794 1182 4884 turbacionem,
1200 4795 1515 4900 impedimentum
1530 4811 1567 4871 et
1578 4823 1734 4871 manum
1744 4809 1905 4871 nostram

413 4969 420 4978 -
488 4924 671 5032 predictas
687 4928 733 5005 de
750 4928 859 5006 dictis
871 4928 987 5007 rebus
1004 4927 1168 5015 amoveri
1188 4927 1338 5004 debere.

544 5057 697 5136 Veneris
712 5075 797 5163 post
808 5059 1092 5138 Penthecosten.
