4450 6209
503 694 547 763 12
1083 685 1174 759 LES
1203 683 1347 760 OLIM.

270 846 401 899 rutuli-s
415 843 459 907 W.
501 846 667 920 crolum,
681 860 750 909 seu
768 827 954 907 babulum
967 827 1016 906 de
1027 828 1169 917 beure,
1186 844 1225 909 et
1238 826 1345 935 quod
1358 855 1428 933 per
1441 826 1580 905 dictam
1594 830 1833 941 trancbeyam
1848 832 1930 911 im·

272 3718 291 3753 S

332 936 396 979 m
499 964 654 1072 peditur
671 982 709 1043 et
724 960 890 1051 totaliter
907 960 1086 1039 avertitur
1098 959 1222 1037 dictus
1239 986 1385 1049 cursus,
1401 958 1441 1035 in
1461 958 1553 1037 dicti
1567 960 1699 1039 babuli
1714 961 1928 1043 detrimen-

495 1112 638 1175 tumet
659 1094 849 1171 dictorum
869 1090 1127 1170 babitancinm
1151 1090 1199 1169 de
1224 1091 1346 1169 Leuce
1368 1090 1620 1199 prejudicium
1644 1110 1684 1171 et
1705 1122 1925 1203 grammon,

498 1255 568 1335 per
586 1226 690 1304 curie
708 1242 835 1303 nostre
850 1221 1060 1330 judicium,
1083 1221 1376 1329 pronunciatum
1399 1221 1474 1301 luit
1492 1222 1631 1301 dictam
1660 1226 1923 1334 trancbeyam,

497 1376 684 1467 qualorum
703 1354 836 1435 avertit
856 1372 897 1432 ct
917 1372 974 1437 est
989 1353 1086 1433 lacta
1106 1372 1237 1431 contra
1255 1354 1467 1433 naturalem
1488 1372 1527 1433 et
1548 1356 1750 1465 antiquum
1767 1386 1923 1437 cursum

499 1490 598 1568 dicte
627 1488 750 1567 dulcis
774 1514 871 1594 aque
896 1500 936 1563 et
957 1484 997 1561 in
1022 1484 1293 1563 detrimentum
1325 1483 1414 1563 dicti
1441 1482 1571 1563 babuli
1601 1504 1641 1565 et
1668 1487 1925 1598 prejudicium

499 1620 686 1699 dictorum
705 1617 963 1697 babitaneium
985 1617 1033 1694 de
1052 1616 1193 1707 beura,
1209 1616 1373 1696 amoveri
1393 1615 1545 1695 debers.

555 1886 648 1963 XIX.
680 1884 777 1964 Cum
804 1880 919 1959 abbas
942 1898 979 1961 et
1005 1897 1209 1959 conventus
1229 1880 1277 1959 de
1297 1880 1453 1972 Alneto,
1474 1910 1543 1989 pro
1570 1883 1679 1962 firma
1698 1883 1807 1964 barre
1823 1902 1928 1965 vete·

500 2016 552 2095 ris
571 2016 743 2124 Semylli,
765 2042 833 2121 per
852 2012 1036 2091 ballivum
1055 2012 1351 2107 Cadomensem,
1375 2013 1619 2093 demandato
1640 2014 1869 2095 dilectorum
1890 2032 1929 2093 et

501 2146 676 2226 bdelium
692 2164 908 2225 nostrorum
922 2145 1189 2253 magistrorum
1209 2144 1374 2235 scacarii,
1394 2173 1463 2251 pro
1484 2162 1587 2223 certo
1606 2169 1732 2225 annuo
1752 2147 1926 2235 redditu,

500 2279 635 2359 tradita
662 2278 788 2357 abbati
813 2297 852 2356 et
878 2275 1079 2355 conventui
1103 2275 1391 2365 Sancti-Laudi,
1412 2276 1712 2355 Comtanciensis
1739 2279 1927 2388 dyocesis,

500 2410 585 2517 plus
598 2410 759 2488 offerent
771 2407 1019 2517 quadraginta
1031 2407 1147 2485 libras
1158 2406 1332 2485 redditus
1344 2408 1478 2496 annui,
1491 2407 1659 2485 dicentes
1670 2438 1740 2487 nos
1750 2410 1929 2517 deceptos
1993 2468 1996 2477 .

499 2541 633 2631 luisse,
647 2571 688 2617 ac
697 2541 983 2647 solempnitates
996 2539 1143 2617 debitas
1156 2566 1234 2615 non
1247 2538 1362 2617 luisse
1377 2556 1535 2617 servatas
1549 2540 1806 2619 intrudiciona
1817 2539 1928 2618 firme

500 2673 683 2779 predicte,
707 2689 955 2779 petentesque
973 2672 1112 2747 dictam
1131 2671 1278 2747 firmam
1299 2670 1371 2751 sibi
1390 2670 1487 2747 tradi
1502 2698 1571 2777 per
1589 2670 1927 2749 inchan'amentum

500 2804 788 2910 predictumpet
803 2819 968 2879 econtra
986 2800 1076 2877 dicti
1097 2799 1213 2877 abbas
1233 2817 1272 2877 et
1291 2796 1496 2879 cdnventus
1511 2802 1778 2880 Sancti-Laudi
1791 2828 1929 2909 propo-

502 2950 637 3009 nerent
656 2932 794 3010 dictam
814 2930 923 3007 firme
942 2929 1189 3008 tradicionem
1205 2930 1304 3007 bene
1326 2948 1363 3009 et
1381 2931 1639 3037 solempniter,
1655 2934 1754 3011 sieut
1765 2960 1928 3011 conwo-

500 3082 583 3140 tum
606 3080 662 3139 est
683 3063 724 3137 in
737 3060 894 3147 talibus,
916 3059 1031 3137 fuisse
1051 3060 1205 3149 iactam,
1228 3090 1270 3138 ao
1282 3088 1351 3169 per
1364 3088 1433 3139 nos
1448 3060 1708 3140 confirmatam
1728 3079 1768 3141 et
1784 3090 1825 3140 ce
1840 3090 1927 3141 ean·

503 3196 590 3273 dem
611 3192 825 3300 perplures
857 3220 976 3270 annos
995 3192 1162 3271 tenuisse
1184 3209 1221 3270 et
1244 3192 1488 3299 quamplures
1507 3192 1791 3272 melioracionas
1816 3195 1858 3271 in
1885 3220 1927 3271 ea

500 3327 648 3416 secisse,
669 3324 846 3431 pluribus
859 3324 1076 3401 nacionibus
1088 3322 1358 3429 pretendentes
1372 3324 1494 3401 dictos
1508 3325 1715 3403 monachos
1728 3325 1775 3402 de
1790 3324 1926 3403 Alneto

501 3486 579 3535 non
593 3457 734 3534 debere
747 3433 959 3532 admitti'ad
974 3453 1317 3531 incbariamentum
1331 3449 1567 3559 predictum:
1582 3454 1774 3545 Tandem,
1788 3454 1926 3532 auditis

493 3578 668 3696 'parcium
687 3588 904 3665 nacionibus
923 3585 1014 3662 binc
1033 3604 1071 3663 et
1090 3586 1181 3663 inde
1203 3603 1243 3663 ct
1262 3572 1346 3663 visa‘
1357 3584 1522 3691 quallam
1540 3586 1702 3693 apprisia
1721 3614 1836 3693 super
1853 3585 1926 3665 boc

499 3720 609 3807 lacta,
635 3720 799 3823 visisque
824 3716 960 3803 litteris
980 3717 1070 3793 dicti
1089 3716 1215 3793 ballivi
1241 3745 1356 3821 super
1379 3716 1586 3793 tradicione
1608 3716 1708 3793 dicte
1731 3716 1861 3810 firme,
1885 3745 1926 3795 ac

502 3851 637 3927 litteris
664 3834 801 3925 nostris
820 3876 935 3954 super
958 3848 1131 3955 ejusdem
1157 3846 1448 3925 confirmacione
1476 3846 1672 3939 conlectis,
1694 3876 1846 3927 nemon
1870 3876 1925 3927 an·

501 3997 601 4058 resto
616 3980 784 4086 quodam
802 4008 916 4087 super
929 3981 1002 4057 boc
1016 3979 1112 4061 lacto
1129 3980 1167 4057 in
1181 3978 1341 4057 scacario
1357 3976 1495 4055 Pascbe
1510 3978 1712 4057 novissime
1725 3980 1922 4085 preterito,

503 4141 544 4187 ac
564 4111 817 4218 quorumdam
841 4110 919 4188 fide
937 4111 1142 4219 dignorum
1166 4110 1295 4187 audita
1315 4136 1428 4215 super
1448 4111 1522 4187 hoc
1545 4109 1752 4201 relacione,
1771 4138 1843 4218 per
1861 4110 1924 4218 jn·

502 4242 645 4320 dicium
664 4260 792 4320 nostre
821 4243 944 4332 curie,
967 4242 1112 4320 dictum
1138 4240 1211 4318 suit
1238 4258 1277 4319 et
1299 4240 1590 4348 pronunciatum
1611 4243 1749 4320 dictam
1776 4241 1923 4319 lirmam

467 4372 471 4379 ’
501 4374 681 4482 predictis
699 4372 824 4451 abbati
844 4390 883 4451 et
902 4372 1101 4451 conventui
1124 4372 1405 4463 Sancti-Laudi,
1428 4373 1525 4450 sicut
1544 4389 1602 4451 est
1621 4372 1675 4449 eis
1693 4372 1846 4463 tradita,
1868 4400 1926 4450 rc·

501 4534 655 4583 manere
681 4505 835 4595 debere,
862 4522 900 4583 et
923 4504 1114 4612 predictos
1136 4504 1311 4582 abbatem
1336 4521 1375 4582 et
1395 4521 1622 4582 conventum
1646 4503 1695 4583 de
1713 4501 1853 4582 Alneto
1877 4500 1925 4580 ad

501 4636 839 4714 incbariamentnm
861 4636 1033 4744 ejusdem
1057 4636 1168 4713 firme
1190 4664 1270 4713 non
1295 4634 1435 4713 dobere
1454 4635 1614 4715 admitti.
1636 4636 1678 4713 ln
1703 4634 1827 4744 cujus,
1849 4650 1920 4714 etc.

490 4766 656 4873 Actum,
677 4767 855 4855 Parisius,
876 4793 993 4856 anno,
1017 4782 1088 4843 etc.
1110 4794 1240 4844 mense
1260 4766 1453 4845 lanuario.

560 5030 638 5105 XX.
668 5030 841 5138 inquesta
862 5029 956 5107 facta
976 5046 1104 5109 contra
1128 5031 1214 5111 illos
1237 5030 1286 5109 de
1308 5031 1521 5121 Exelduno,
1549 5058 1662 5136 super
1680 5024 1864 5106 mortcliis
1883 5040 1920 5103 et
