<?xml version="1.0" encoding="UTF-8"?>
<!DOCTYPE html PUBLIC "-//W3C//DTD XHTML 1.0 Transitional//EN"
    "http://www.w3.org/TR/xhtml1/DTD/xhtml1-transitional.dtd">
<html xmlns="http://www.w3.org/1999/xhtml" xml:lang="en" lang="en">
 <head>
  <title>
</title>
<meta http-equiv="Content-Type" content="text/html;charset=utf-8" />
  <meta name='ocr-system' content='tesseract 3.04.00' />
  <meta name='ocr-capabilities' content='ocr_page ocr_carea ocr_par ocr_line ocrx_word'/>
</head>
<body>
  <div class='ocr_page' id='page_1' title='image "./lesolimouregist00parigoog_0626.png"; bbox 0 0 4450 6209; ppageno 0'>
   <div class='ocr_carea' id='block_1_1' title="bbox 746 727 1757 840">
    <p class='ocr_par' dir='ltr' id='par_1_1' title="bbox 746 727 1757 840">
     <span class='ocr_line' id='line_1_1' title="bbox 746 727 1757 840; baseline -0.004 -18"><span class='ocrx_word' id='word_1_1' title='bbox 746 730 1017 840; x_wconf 80' lang='lat' dir='ltr'><strong>nuounrns</strong></span> <span class='ocrx_word' id='word_1_2' title='bbox 1042 749 1107 822; x_wconf 84' lang='lat' dir='ltr'><strong>nr</strong></span> <span class='ocrx_word' id='word_1_3' title='bbox 1134 727 1342 824; x_wconf 77' lang='lat' dir='ltr'><strong>ruoobs.</strong></span> <span class='ocrx_word' id='word_1_4' title='bbox 1683 747 1757 819; x_wconf 82' lang='lat'><strong>529</strong></span> 
     </span>
    </p>
   </div>
   <div class='ocr_carea' id='block_1_2' title="bbox 330 887 1988 2180">
    <p class='ocr_par' dir='ltr' id='par_1_2' title="bbox 330 887 1988 2180">
     <span class='ocr_line' id='line_1_2' title="bbox 334 887 1988 1000; baseline -0.003 -34"><span class='ocrx_word' id='word_1_5' title='bbox 334 887 476 968; x_wconf 90' lang='lat' dir='ltr'><strong>dietum</strong></span> <span class='ocrx_word' id='word_1_6' title='bbox 490 905 773 996; x_wconf 88' lang='lat' dir='ltr'><strong>procuratorem</strong></span> <span class='ocrx_word' id='word_1_7' title='bbox 793 920 920 970; x_wconf 84' lang='lat' dir='ltr'><strong>coram</strong></span> <span class='ocrx_word' id='word_1_8' title='bbox 934 890 1040 1000; x_wconf 90' lang='lat' dir='ltr'><strong>ipsis,</strong></span> <span class='ocrx_word' id='word_1_9' title='bbox 1058 890 1156 969; x_wconf 83' lang='lat' dir='ltr'><strong>salvo</strong></span> <span class='ocrx_word' id='word_1_10' title='bbox 1170 890 1258 999; x_wconf 87' lang='lat' dir='ltr'><strong>jure</strong></span> <span class='ocrx_word' id='word_1_11' title='bbox 1277 888 1412 997; x_wconf 91' lang='lat' dir='ltr'><strong>prioris</strong></span> <span class='ocrx_word' id='word_1_12' title='bbox 1432 905 1471 968; x_wconf 90' lang='lat' dir='ltr'><strong>et</strong></span> <span class='ocrx_word' id='word_1_13' title='bbox 1488 905 1709 978; x_wconf 87' lang='lat' dir='ltr'><strong>conventus,</strong></span> <span class='ocrx_word' id='word_1_14' title='bbox 1726 887 1757 966; x_wconf 90' lang='lat' dir='ltr'><strong>si</strong></span> <span class='ocrx_word' id='word_1_15' title='bbox 1793 901 1923 954; x_wconf 75' lang='lat' dir='ltr'><strong>Pnuuu</strong></span> <span class='ocrx_word' id='word_1_16' title='bbox 1944 897 1988 961; x_wconf 76' lang='lat' dir='ltr'><strong>tv.</strong></span> 
     </span>
     <span class='ocr_line' id='line_1_3' title="bbox 331 992 1921 1131; baseline -0.002 -33"><span class='ocrx_word' id='word_1_17' title='bbox 331 1047 399 1128; x_wconf 94' lang='lat' dir='ltr'><strong>per</strong></span> <span class='ocrx_word' id='word_1_18' title='bbox 413 1019 529 1099; x_wconf 89' lang='lat' dir='ltr'><strong>alium</strong></span> <span class='ocrx_word' id='word_1_19' title='bbox 543 1021 701 1100; x_wconf 91' lang='lat' dir='ltr'><strong>modum</strong></span> <span class='ocrx_word' id='word_1_20' title='bbox 715 1022 899 1131; x_wconf 92' lang='lat' dir='ltr'><strong>loquendi</strong></span> <span class='ocrx_word' id='word_1_21' title='bbox 914 1022 1055 1130; x_wconf 88' lang='lat' dir='ltr'><strong>possint</strong></span> <span class='ocrx_word' id='word_1_22' title='bbox 1071 1021 1130 1101; x_wconf 94' lang='lat' dir='ltr'><strong>vel</strong></span> <span class='ocrx_word' id='word_1_23' title='bbox 1144 1022 1308 1101; x_wconf 90' lang='lat' dir='ltr'><strong>debeant</strong></span> <span class='ocrx_word' id='word_1_24' title='bbox 1328 1023 1366 1100; x_wconf 93' lang='lat' dir='ltr'><strong>in</strong></span> <span class='ocrx_word' id='word_1_25' title='bbox 1384 1020 1563 1131; x_wconf 86' lang='lat' dir='ltr'><strong>predictis</strong></span> <span class='ocrx_word' id='word_1_26' title='bbox 1577 1039 1616 1100; x_wconf 90' lang='lat' dir='ltr'><strong>et</strong></span> <span class='ocrx_word' id='word_1_27' title='bbox 1630 1037 1758 1098; x_wconf 88' lang='lat' dir='ltr'><strong>contra</strong></span> <span class='ocrx_word' id='word_1_28' title='bbox 1857 992 1921 1037; x_wconf 54' lang='grc' dir='ltr'><strong>Μ’</strong></span> 
     </span>
     <span class='ocr_line' id='line_1_4' title="bbox 332 1149 1760 1263; baseline -0.001 -35"><span class='ocrx_word' id='word_1_29' title='bbox 332 1149 545 1230; x_wconf 79' lang='lat' dir='ltr'><strong>detinentes</strong></span> <span class='ocrx_word' id='word_1_30' title='bbox 566 1152 663 1231; x_wconf 89' lang='lat' dir='ltr'><strong>dieta</strong></span> <span class='ocrx_word' id='word_1_31' title='bbox 681 1153 781 1232; x_wconf 90' lang='lat' dir='ltr'><strong>bona</strong></span> <span class='ocrx_word' id='word_1_32' title='bbox 796 1154 862 1263; x_wconf 88' lang='lat' dir='ltr'><strong>jus</strong></span> <span class='ocrx_word' id='word_1_33' title='bbox 878 1153 1036 1245; x_wconf 74' lang='lat' dir='ltr'><strong>babere,</strong></span> <span class='ocrx_word' id='word_1_34' title='bbox 1052 1182 1167 1261; x_wconf 87' lang='lat' dir='ltr'><strong>aquo</strong></span> <span class='ocrx_word' id='word_1_35' title='bbox 1184 1153 1349 1262; x_wconf 88' lang='lat' dir='ltr'><strong>judicio,</strong></span> <span class='ocrx_word' id='word_1_36' title='bbox 1369 1169 1549 1260; x_wconf 87' lang='lat' dir='ltr'><strong>tauquam</strong></span> <span class='ocrx_word' id='word_1_37' title='bbox 1568 1181 1589 1228; x_wconf 92' lang='lat' dir='ltr'><strong>a</strong></span> <span class='ocrx_word' id='word_1_38' title='bbox 1608 1150 1700 1228; x_wconf 85' lang='lat' dir='ltr'><strong>salso</strong></span> <span class='ocrx_word' id='word_1_39' title='bbox 1721 1167 1760 1227; x_wconf 90' lang='lat' dir='ltr'><strong>et</strong></span> 
     </span>
     <span class='ocr_line' id='line_1_5' title="bbox 330 1281 1760 1393; baseline -0.001 -34"><span class='ocrx_word' id='word_1_40' title='bbox 330 1309 462 1389; x_wconf 92' lang='lat' dir='ltr'><strong>pravo,</strong></span> <span class='ocrx_word' id='word_1_41' title='bbox 480 1301 697 1390; x_wconf 78' lang='lat' dir='ltr'><strong>procurator</strong></span> <span class='ocrx_word' id='word_1_42' title='bbox 709 1284 897 1364; x_wconf 89' lang='lat' dir='ltr'><strong>dictorum</strong></span> <span class='ocrx_word' id='word_1_43' title='bbox 911 1285 1175 1393; x_wconf 86' lang='lat' dir='ltr'><strong>religiosorum</strong></span> <span class='ocrx_word' id='word_1_44' title='bbox 1190 1284 1239 1363; x_wconf 92' lang='lat' dir='ltr'><strong>ad</strong></span> <span class='ocrx_word' id='word_1_45' title='bbox 1254 1285 1397 1362; x_wconf 90' lang='lat' dir='ltr'><strong>curiam</strong></span> <span class='ocrx_word' id='word_1_46' title='bbox 1412 1301 1578 1362; x_wconf 90' lang='lat' dir='ltr'><strong>nostram</strong></span> <span class='ocrx_word' id='word_1_47' title='bbox 1593 1281 1760 1389; x_wconf 84' lang='lat' dir='ltr'><strong>appella-</strong></span> 
     </span>
     <span class='ocr_line' id='line_1_6' title="bbox 331 1413 1758 1526; baseline 0 -36"><span class='ocrx_word' id='word_1_48' title='bbox 331 1413 403 1492; x_wconf 86' lang='lat' dir='ltr'><strong>vit:</strong></span> <span class='ocrx_word' id='word_1_49' title='bbox 424 1414 523 1495; x_wconf 83' lang='lat' dir='ltr'>Visis</span> <span class='ocrx_word' id='word_1_50' title='bbox 537 1415 652 1522; x_wconf 86' lang='lat' dir='ltr'><strong>igitur</strong></span> <span class='ocrx_word' id='word_1_51' title='bbox 666 1416 776 1495; x_wconf 88' lang='lat' dir='ltr'><strong>dictis</strong></span> <span class='ocrx_word' id='word_1_52' title='bbox 787 1417 1043 1526; x_wconf 83' lang='lat' dir='ltr'><strong>processibus,</strong></span> <span class='ocrx_word' id='word_1_53' title='bbox 1055 1445 1124 1524; x_wconf 90' lang='lat' dir='ltr'><strong>per</strong></span> <span class='ocrx_word' id='word_1_54' title='bbox 1136 1417 1239 1494; x_wconf 86' lang='lat' dir='ltr'><strong>curie</strong></span> <span class='ocrx_word' id='word_1_55' title='bbox 1255 1433 1383 1495; x_wconf 91' lang='lat' dir='ltr'><strong>nostre</strong></span> <span class='ocrx_word' id='word_1_56' title='bbox 1395 1414 1599 1524; x_wconf 88' lang='lat' dir='ltr'><strong>judicium,</strong></span> <span class='ocrx_word' id='word_1_57' title='bbox 1615 1413 1758 1492; x_wconf 93' lang='lat' dir='ltr'><strong>dictum</strong></span> 
     </span>
     <span class='ocr_line' id='line_1_7' title="bbox 330 1543 1758 1658; baseline 0.001 -37"><span class='ocrx_word' id='word_1_58' title='bbox 330 1543 404 1622; x_wconf 85' lang='lat' dir='ltr'><strong>fuit</strong></span> <span class='ocrx_word' id='word_1_59' title='bbox 419 1545 609 1652; x_wconf 88' lang='lat' dir='ltr'><strong>predictos</strong></span> <span class='ocrx_word' id='word_1_60' title='bbox 621 1547 808 1626; x_wconf 89' lang='lat' dir='ltr'><strong>decanum</strong></span> <span class='ocrx_word' id='word_1_61' title='bbox 823 1565 861 1627; x_wconf 92' lang='lat' dir='ltr'><strong>et</strong></span> <span class='ocrx_word' id='word_1_62' title='bbox 876 1549 1081 1658; x_wconf 87' lang='lat' dir='ltr'><strong>capitulum</strong></span> <span class='ocrx_word' id='word_1_63' title='bbox 1095 1545 1368 1654; x_wconf 82' lang='lat' dir='ltr'><strong>Sancti-Reguli</strong></span> <span class='ocrx_word' id='word_1_64' title='bbox 1383 1545 1482 1624; x_wconf 89' lang='lat' dir='ltr'><strong>male</strong></span> <span class='ocrx_word' id='word_1_65' title='bbox 1491 1546 1758 1654; x_wconf 86' lang='lat' dir='ltr'><strong>pronunciasse</strong></span> 
     </span>
     <span class='ocr_line' id='line_1_8' title="bbox 332 1676 1756 1787; baseline -0.001 -34"><span class='ocrx_word' id='word_1_66' title='bbox 332 1693 370 1754; x_wconf 94' lang='lat' dir='ltr'><strong>et</strong></span> <span class='ocrx_word' id='word_1_67' title='bbox 388 1694 671 1783; x_wconf 85' lang='lat' dir='ltr'><strong>procuratorem</strong></span> <span class='ocrx_word' id='word_1_68' title='bbox 689 1679 825 1787; x_wconf 90' lang='lat' dir='ltr'><strong>prioris</strong></span> <span class='ocrx_word' id='word_1_69' title='bbox 849 1697 888 1758; x_wconf 90' lang='lat' dir='ltr'><strong>et</strong></span> <span class='ocrx_word' id='word_1_70' title='bbox 906 1695 1112 1758; x_wconf 90' lang='lat' dir='ltr'><strong>conventus</strong></span> <span class='ocrx_word' id='word_1_71' title='bbox 1132 1678 1389 1786; x_wconf 90' lang='lat' dir='ltr'><strong>predictorum</strong></span> <span class='ocrx_word' id='word_1_72' title='bbox 1408 1676 1506 1755; x_wconf 88' lang='lat' dir='ltr'><strong>bene</strong></span> <span class='ocrx_word' id='word_1_73' title='bbox 1529 1676 1730 1784; x_wconf 91' lang='lat' dir='ltr'><strong>appellasse</strong></span> <span class='ocrx_word' id='word_1_74' title='bbox 1747 1711 1756 1767; x_wconf 74' lang='grc' dir='ltr'><strong>ς</strong></span> 
     </span>
     <span class='ocr_line' id='line_1_9' title="bbox 332 1807 1663 1916; baseline -0.001 -31"><span class='ocrx_word' id='word_1_75' title='bbox 332 1823 370 1886; x_wconf 89' lang='lat' dir='ltr'><strong>ct</strong></span> <span class='ocrx_word' id='word_1_76' title='bbox 389 1807 464 1887; x_wconf 89' lang='lat' dir='ltr'><strong>hoc</strong></span> <span class='ocrx_word' id='word_1_77' title='bbox 478 1808 694 1888; x_wconf 82' lang='lat' dir='ltr'><strong>emendabit</strong></span> <span class='ocrx_word' id='word_1_78' title='bbox 712 1811 815 1887; x_wconf 87' lang='lat' dir='ltr'><strong>curia</strong></span> <span class='ocrx_word' id='word_1_79' title='bbox 836 1810 1012 1890; x_wconf 86' lang='lat' dir='ltr'><strong>secularis</strong></span> <span class='ocrx_word' id='word_1_80' title='bbox 1027 1809 1158 1888; x_wconf 88' lang='lat' dir='ltr'><strong>decani</strong></span> <span class='ocrx_word' id='word_1_81' title='bbox 1175 1825 1213 1886; x_wconf 87' lang='lat' dir='ltr'><strong>et</strong></span> <span class='ocrx_word' id='word_1_82' title='bbox 1226 1808 1380 1915; x_wconf 89' lang='lat' dir='ltr'><strong>capituli</strong></span> <span class='ocrx_word' id='word_1_83' title='bbox 1395 1808 1663 1916; x_wconf 88' lang='lat' dir='ltr'><strong>predictorum.</strong></span> 
     </span>
     <span class='ocr_line' id='line_1_10' title="bbox 385 1937 875 2047; baseline 0.004 -31"><span class='ocrx_word' id='word_1_84' title='bbox 385 1937 487 2017; x_wconf 83' lang='lat' dir='ltr'><strong>lovis</strong></span> <span class='ocrx_word' id='word_1_85' title='bbox 506 1955 591 2047; x_wconf 90' lang='lat' dir='ltr'><strong>post</strong></span> <span class='ocrx_word' id='word_1_86' title='bbox 609 1940 875 2020; x_wconf 87' lang='lat' dir='ltr'><strong>Reminiscere.</strong></span> 
     </span>
     <span class='ocr_line' id='line_1_11' title="bbox 385 2067 748 2180; baseline 0.011 -32"><span class='ocrx_word' id='word_1_87' title='bbox 385 2067 512 2149; x_wconf 83' lang='lat' dir='ltr'><strong>Cassel</strong></span> <span class='ocrx_word' id='word_1_88' title='bbox 535 2071 748 2180; x_wconf 82' lang='lat' dir='ltr'><strong>reportavit.</strong></span> 
     </span>
    </p>
   </div>
   <div class='ocr_carea' id='block_1_3' title="bbox 385 2336 1760 2444">
    <p class='ocr_par' dir='ltr' id='par_1_3' title="bbox 385 2336 1760 2444">
     <span class='ocr_line' id='line_1_12' title="bbox 385 2336 1760 2444; baseline 0.001 -30"><span class='ocrx_word' id='word_1_89' title='bbox 385 2337 529 2416; x_wconf 81' lang='lat' dir='ltr'><strong>XXVII.</strong></span> <span class='ocrx_word' id='word_1_90' title='bbox 561 2337 661 2418; x_wconf 86' lang='lat' dir='ltr'><strong>Cum</strong></span> <span class='ocrx_word' id='word_1_91' title='bbox 678 2338 726 2415; x_wconf 92' lang='lat' dir='ltr'><strong>ad</strong></span> <span class='ocrx_word' id='word_1_92' title='bbox 740 2339 976 2418; x_wconf 84' lang='lat' dir='ltr'><strong>audienciam</strong></span> <span class='ocrx_word' id='word_1_93' title='bbox 993 2337 1122 2418; x_wconf 87' lang='lat' dir='ltr'><strong>dilecti</strong></span> <span class='ocrx_word' id='word_1_94' title='bbox 1151 2355 1191 2416; x_wconf 91' lang='lat' dir='ltr'><strong>et</strong></span> <span class='ocrx_word' id='word_1_95' title='bbox 1210 2337 1334 2416; x_wconf 85' lang='lat' dir='ltr'><strong>fidelis</strong></span> <span class='ocrx_word' id='word_1_96' title='bbox 1353 2337 1517 2444; x_wconf 91' lang='lat' dir='ltr'><strong>Philippi</strong></span> <span class='ocrx_word' id='word_1_97' title='bbox 1541 2336 1588 2415; x_wconf 92' lang='lat' dir='ltr'><strong>de</strong></span> <span class='ocrx_word' id='word_1_98' title='bbox 1606 2337 1760 2416; x_wconf 88' lang='lat' dir='ltr'><strong>Sancto-</strong></span> 
     </span>
    </p>
   </div>
   <div class='ocr_carea' id='block_1_4' title="bbox 327 2466 1762 5209">
    <p class='ocr_par' dir='ltr' id='par_1_4' title="bbox 327 2466 1762 5209">
     <span class='ocr_line' id='line_1_13' title="bbox 328 2466 1761 2578; baseline -0.003 -31"><span class='ocrx_word' id='word_1_99' title='bbox 328 2467 490 2557; x_wconf 83' lang='lat' dir='ltr'><strong>Veran0,</strong></span> <span class='ocrx_word' id='word_1_100' title='bbox 504 2468 635 2546; x_wconf 91' lang='lat' dir='ltr'><strong>militis</strong></span> <span class='ocrx_word' id='word_1_101' title='bbox 648 2469 786 2559; x_wconf 91' lang='lat' dir='ltr'><strong>nostri,</strong></span> <span class='ocrx_word' id='word_1_102' title='bbox 803 2471 1038 2578; x_wconf 86' lang='lat' dir='ltr'><strong>inquisitoris</strong></span> <span class='ocrx_word' id='word_1_103' title='bbox 1054 2471 1092 2548; x_wconf 93' lang='lat' dir='ltr'><strong>in</strong></span> <span class='ocrx_word' id='word_1_104' title='bbox 1103 2469 1283 2548; x_wconf 79' lang='lat' dir='ltr'><strong>Arvernia</strong></span> <span class='ocrx_word' id='word_1_105' title='bbox 1300 2484 1338 2545; x_wconf 90' lang='lat' dir='ltr'><strong>et</strong></span> <span class='ocrx_word' id='word_1_106' title='bbox 1351 2485 1615 2546; x_wconf 89' lang='lat' dir='ltr'><strong>montanarum</strong></span> <span class='ocrx_word' id='word_1_107' title='bbox 1629 2466 1761 2544; x_wconf 82' lang='lat' dir='ltr'><strong>Arver-</strong></span> 
     </span>
     <span class='ocr_line' id='line_1_14' title="bbox 328 2598 1760 2712; baseline 0.001 -38"><span class='ocrx_word' id='word_1_108' title='bbox 328 2598 575 2692; x_wconf 86' lang='lat' dir='ltr'><strong>nieballiviis,</strong></span> <span class='ocrx_word' id='word_1_109' title='bbox 587 2629 629 2678; x_wconf 84' lang='lat' dir='ltr'><strong>ex</strong></span> <span class='ocrx_word' id='word_1_110' title='bbox 637 2617 742 2709; x_wconf 84' lang='lat' dir='ltr'><strong>parte</strong></span> <span class='ocrx_word' id='word_1_111' title='bbox 753 2619 881 2682; x_wconf 90' lang='lat' dir='ltr'><strong>nostra</strong></span> <span class='ocrx_word' id='word_1_112' title='bbox 891 2603 1075 2712; x_wconf 87' lang='lat' dir='ltr'><strong>deputati,</strong></span> <span class='ocrx_word' id='word_1_113' title='bbox 1087 2601 1319 2709; x_wconf 87' lang='lat' dir='ltr'><strong>pervenisset</strong></span> <span class='ocrx_word' id='word_1_114' title='bbox 1328 2601 1434 2709; x_wconf 91' lang='lat' dir='ltr'><strong>quod</strong></span> <span class='ocrx_word' id='word_1_115' title='bbox 1444 2627 1531 2678; x_wconf 90' lang='lat' dir='ltr'><strong>eum</strong></span> <span class='ocrx_word' id='word_1_116' title='bbox 1542 2600 1649 2689; x_wconf 91' lang='lat' dir='ltr'><strong>olim,</strong></span> <span class='ocrx_word' id='word_1_117' title='bbox 1662 2615 1760 2676; x_wconf 87' lang='lat' dir='ltr'><strong>certa</strong></span> 
     </span>
     <span class='ocr_line' id='line_1_15' title="bbox 331 2727 1761 2843; baseline 0.001 -37"><span class='ocrx_word' id='word_1_118' title='bbox 331 2727 380 2808; x_wconf 95' lang='lat' dir='ltr'><strong>de</strong></span> <span class='ocrx_word' id='word_1_119' title='bbox 388 2759 514 2822; x_wconf 87' lang='lat' dir='ltr'><strong>causa,</strong></span> <span class='ocrx_word' id='word_1_120' title='bbox 528 2760 569 2811; x_wconf 87' lang='lat' dir='ltr'><strong>er</strong></span> <span class='ocrx_word' id='word_1_121' title='bbox 580 2749 686 2841; x_wconf 88' lang='lat' dir='ltr'><strong>parte</strong></span> <span class='ocrx_word' id='word_1_122' title='bbox 697 2751 840 2825; x_wconf 86' lang='lat' dir='ltr'><strong>nostra,</strong></span> <span class='ocrx_word' id='word_1_123' title='bbox 850 2734 1124 2843; x_wconf 83' lang='lat' dir='ltr'><strong>proclamatum</strong></span> <span class='ocrx_word' id='word_1_124' title='bbox 1134 2733 1277 2824; x_wconf 87' lang='lat' dir='ltr'><strong>fuisset,</strong></span> <span class='ocrx_word' id='word_1_125' title='bbox 1291 2733 1394 2839; x_wconf 89' lang='lat' dir='ltr'><strong>apud</strong></span> <span class='ocrx_word' id='word_1_126' title='bbox 1400 2731 1644 2840; x_wconf 72' lang='lat' dir='ltr'><strong>langiorum,</strong></span> <span class='ocrx_word' id='word_1_127' title='bbox 1656 2731 1761 2837; x_wconf 94' lang='lat' dir='ltr'><strong>quod</strong></span> 
     </span>
     <span class='ocr_line' id='line_1_16' title="bbox 330 2860 1758 2974; baseline 0.002 -38"><span class='ocrx_word' id='word_1_128' title='bbox 330 2860 505 2941; x_wconf 91' lang='lat' dir='ltr'><strong>homines</strong></span> <span class='ocrx_word' id='word_1_129' title='bbox 523 2865 571 2942; x_wconf 87' lang='lat' dir='ltr'><strong>de</strong></span> <span class='ocrx_word' id='word_1_130' title='bbox 585 2865 768 2973; x_wconf 86' lang='lat' dir='ltr'><strong>Langiaco</strong></span> <span class='ocrx_word' id='word_1_131' title='bbox 786 2895 873 2944; x_wconf 89' lang='lat' dir='ltr'><strong>cum</strong></span> <span class='ocrx_word' id='word_1_132' title='bbox 891 2867 1004 2946; x_wconf 85' lang='lat' dir='ltr'><strong>armis</strong></span> <span class='ocrx_word' id='word_1_133' title='bbox 1019 2867 1119 2974; x_wconf 89' lang='lat' dir='ltr'><strong>apud</strong></span> <span class='ocrx_word' id='word_1_134' title='bbox 1138 2862 1558 2944; x_wconf 89' lang='lat' dir='ltr'><strong>Sanctum-Porcianum</strong></span> <span class='ocrx_word' id='word_1_135' title='bbox 1571 2860 1758 2950; x_wconf 88' lang='lat' dir='ltr'><strong>venirent,</strong></span> 
     </span>
     <span class='ocr_line' id='line_1_17' title="bbox 330 2989 1761 3105; baseline 0 -35"><span class='ocrx_word' id='word_1_136' title='bbox 330 2992 401 3070; x_wconf 87' lang='lat' dir='ltr'><strong>sub</strong></span> <span class='ocrx_word' id='word_1_137' title='bbox 414 3019 510 3101; x_wconf 88' lang='lat' dir='ltr'><strong>pena</strong></span> <span class='ocrx_word' id='word_1_138' title='bbox 526 2994 735 3074; x_wconf 90' lang='lat' dir='ltr'><strong>amissionis</strong></span> <span class='ocrx_word' id='word_1_139' title='bbox 746 3025 947 3105; x_wconf 87' lang='lat' dir='ltr'><strong>corporum</strong></span> <span class='ocrx_word' id='word_1_140' title='bbox 966 3015 1005 3077; x_wconf 88' lang='lat' dir='ltr'><strong>et</strong></span> <span class='ocrx_word' id='word_1_141' title='bbox 1017 2996 1221 3089; x_wconf 89' lang='lat' dir='ltr'><strong>bonorum,</strong></span> <span class='ocrx_word' id='word_1_142' title='bbox 1238 2995 1287 3073; x_wconf 90' lang='lat' dir='ltr'><strong>ad</strong></span> <span class='ocrx_word' id='word_1_143' title='bbox 1302 3013 1441 3073; x_wconf 88' lang='lat' dir='ltr'><strong>certam</strong></span> <span class='ocrx_word' id='word_1_144' title='bbox 1456 2993 1569 3084; x_wconf 91' lang='lat' dir='ltr'><strong>diem,</strong></span> <span class='ocrx_word' id='word_1_145' title='bbox 1581 3009 1619 3070; x_wconf 89' lang='lat' dir='ltr'><strong>et</strong></span> <span class='ocrx_word' id='word_1_146' title='bbox 1633 2989 1761 3098; x_wconf 91' lang='lat' dir='ltr'><strong>plures</strong></span> 
     </span>
     <span class='ocr_line' id='line_1_18' title="bbox 329 3123 1762 3236; baseline 0.002 -36"><span class='ocrx_word' id='word_1_147' title='bbox 329 3123 448 3231; x_wconf 86' lang='lat' dir='ltr'><strong>ipsius</strong></span> <span class='ocrx_word' id='word_1_148' title='bbox 462 3126 535 3204; x_wconf 91' lang='lat' dir='ltr'><strong>loci</strong></span> <span class='ocrx_word' id='word_1_149' title='bbox 550 3124 726 3209; x_wconf 90' lang='lat' dir='ltr'><strong>homines</strong></span> <span class='ocrx_word' id='word_1_150' title='bbox 740 3129 891 3209; x_wconf 90' lang='lat' dir='ltr'><strong>nobiles</strong></span> <span class='ocrx_word' id='word_1_151' title='bbox 905 3130 945 3207; x_wconf 94' lang='lat' dir='ltr'><strong>in</strong></span> <span class='ocrx_word' id='word_1_152' title='bbox 961 3131 1031 3208; x_wconf 83' lang='lat' dir='ltr'><strong>bac</strong></span> <span class='ocrx_word' id='word_1_153' title='bbox 1047 3148 1154 3236; x_wconf 91' lang='lat' dir='ltr'><strong>parte</strong></span> <span class='ocrx_word' id='word_1_154' title='bbox 1172 3156 1306 3236; x_wconf 87' lang='lat' dir='ltr'><strong>parcre</strong></span> <span class='ocrx_word' id='word_1_155' title='bbox 1324 3127 1510 3219; x_wconf 84' lang='lat' dir='ltr'><strong>volentes,</strong></span> <span class='ocrx_word' id='word_1_156' title='bbox 1532 3123 1633 3232; x_wconf 85' lang='lat' dir='ltr'><strong>apud</strong></span> <span class='ocrx_word' id='word_1_157' title='bbox 1651 3127 1762 3210; x_wconf 82' lang='lat' dir='ltr'><strong>Sano-</strong></span> 
     </span>
     <span class='ocr_line' id='line_1_19' title="bbox 329 3239 1757 3368; baseline 0.002 -36"><span class='ocrx_word' id='word_1_158' title='bbox 329 3259 647 3337; x_wconf 86' lang='lat' dir='ltr'><strong>tum-Poreianum</strong></span> <span class='ocrx_word' id='word_1_159' title='bbox 659 3261 844 3352; x_wconf 91' lang='lat' dir='ltr'><strong>venirent,</strong></span> <span class='ocrx_word' id='word_1_160' title='bbox 852 3262 960 3368; x_wconf 84' lang='lat' dir='ltr'><strong>juxta</strong></span> <span class='ocrx_word' id='word_1_161' title='bbox 974 3262 1195 3339; x_wconf 85' lang='lat' dir='ltr'><strong>mandatum</strong></span> <span class='ocrx_word' id='word_1_162' title='bbox 1211 3259 1250 3336; x_wconf 91' lang='lat' dir='ltr'><strong>in</strong></span> <span class='ocrx_word' id='word_1_163' title='bbox 1265 3259 1563 3366; x_wconf 85' lang='lat' dir='ltr'><strong>proclamacione</strong></span> <span class='ocrx_word' id='word_1_164' title='bbox 1573 3239 1757 3363; x_wconf 83' lang='lat' dir='ltr'><strong>predicta,</strong></span> 
     </span>
     <span class='ocr_line' id='line_1_20' title="bbox 331 3390 1756 3501; baseline 0.001 -36"><span class='ocrx_word' id='word_1_165' title='bbox 331 3417 375 3466; x_wconf 88' lang='lat' dir='ltr'><strong>ex</strong></span> <span class='ocrx_word' id='word_1_166' title='bbox 386 3407 490 3497; x_wconf 90' lang='lat' dir='ltr'><strong>parte</strong></span> <span class='ocrx_word' id='word_1_167' title='bbox 501 3409 642 3484; x_wconf 90' lang='lat' dir='ltr'><strong>nostra,</strong></span> <span class='ocrx_word' id='word_1_168' title='bbox 658 3392 815 3483; x_wconf 83' lang='lat' dir='ltr'><strong>lactum,</strong></span> <span class='ocrx_word' id='word_1_169' title='bbox 830 3391 1055 3486; x_wconf 86' lang='lat' dir='ltr'><strong>Guillelmus</strong></span> <span class='ocrx_word' id='word_1_170' title='bbox 1065 3391 1229 3470; x_wconf 91' lang='lat' dir='ltr'><strong>Penidos</strong></span> <span class='ocrx_word' id='word_1_171' title='bbox 1239 3391 1288 3468; x_wconf 87' lang='lat' dir='ltr'><strong>de</strong></span> <span class='ocrx_word' id='word_1_172' title='bbox 1302 3392 1504 3501; x_wconf 82' lang='lat' dir='ltr'><strong>baugiaco,</strong></span> <span class='ocrx_word' id='word_1_173' title='bbox 1518 3390 1572 3471; x_wconf 89' lang='lat' dir='ltr'><strong>cis</strong></span> <span class='ocrx_word' id='word_1_174' title='bbox 1587 3391 1756 3479; x_wconf 82' lang='lat' dir='ltr'><strong>obvians,</strong></span> 
     </span>
     <span class='ocr_line' id='line_1_21' title="bbox 330 3517 1758 3630; baseline 0.001 -34"><span class='ocrx_word' id='word_1_175' title='bbox 330 3519 465 3599; x_wconf 85' lang='lat' dir='ltr'><strong>dixerit</strong></span> <span class='ocrx_word' id='word_1_176' title='bbox 485 3524 590 3630; x_wconf 92' lang='lat' dir='ltr'><strong>quod</strong></span> <span class='ocrx_word' id='word_1_177' title='bbox 610 3551 743 3603; x_wconf 91' lang='lat' dir='ltr'><strong>omnes</strong></span> <span class='ocrx_word' id='word_1_178' title='bbox 766 3517 1057 3616; x_wconf 86' lang='lat' dir='ltr'><strong>reverterentur,</strong></span> <span class='ocrx_word' id='word_1_179' title='bbox 1081 3524 1175 3602; x_wconf 92' lang='lat' dir='ltr'><strong>dum</strong></span> <span class='ocrx_word' id='word_1_180' title='bbox 1196 3540 1325 3601; x_wconf 90' lang='lat' dir='ltr'><strong>tamen</strong></span> <span class='ocrx_word' id='word_1_181' title='bbox 1347 3522 1417 3601; x_wconf 88' lang='lat' dir='ltr'><strong>sibi</strong></span> <span class='ocrx_word' id='word_1_182' title='bbox 1442 3522 1604 3630; x_wconf 88' lang='lat' dir='ltr'><strong>quilibet</strong></span> <span class='ocrx_word' id='word_1_183' title='bbox 1626 3549 1758 3600; x_wconf 88' lang='lat' dir='ltr'><strong>eorum</strong></span> 
     </span>
     <span class='ocr_line' id='line_1_22' title="bbox 327 3651 1758 3764; baseline 0.001 -37"><span class='ocrx_word' id='word_1_184' title='bbox 327 3651 492 3731; x_wconf 90' lang='lat' dir='ltr'><strong>traderet</strong></span> <span class='ocrx_word' id='word_1_185' title='bbox 505 3655 636 3764; x_wconf 82' lang='lat' dir='ltr'><strong>viginti</strong></span> <span class='ocrx_word' id='word_1_186' title='bbox 650 3673 728 3735; x_wconf 84' lang='lat' dir='ltr'><strong>tres</strong></span> <span class='ocrx_word' id='word_1_187' title='bbox 748 3655 889 3734; x_wconf 91' lang='lat' dir='ltr'><strong>solidos</strong></span> <span class='ocrx_word' id='word_1_188' title='bbox 909 3657 1169 3745; x_wconf 90' lang='lat' dir='ltr'><strong>Turonenses,</strong></span> <span class='ocrx_word' id='word_1_189' title='bbox 1186 3682 1353 3734; x_wconf 84' lang='lat' dir='ltr'><strong>asserens</strong></span> <span class='ocrx_word' id='word_1_190' title='bbox 1362 3653 1464 3732; x_wconf 85' lang='lat' dir='ltr'><strong>idem</strong></span> <span class='ocrx_word' id='word_1_191' title='bbox 1478 3654 1704 3734; x_wconf 87' lang='lat' dir='ltr'><strong>Guillelmus</strong></span> <span class='ocrx_word' id='word_1_192' title='bbox 1718 3681 1758 3730; x_wconf 90' lang='lat' dir='ltr'><strong>se</strong></span> 
     </span>
     <span class='ocr_line' id='line_1_23' title="bbox 329 3783 1758 3896; baseline 0.001 -36"><span class='ocrx_word' id='word_1_193' title='bbox 329 3783 377 3860; x_wconf 90' lang='lat' dir='ltr'><strong>ad</strong></span> <span class='ocrx_word' id='word_1_194' title='bbox 393 3785 481 3876; x_wconf 91' lang='lat' dir='ltr'><strong>hoe,</strong></span> <span class='ocrx_word' id='word_1_195' title='bbox 503 3814 547 3864; x_wconf 83' lang='lat' dir='ltr'><strong>ex</strong></span> <span class='ocrx_word' id='word_1_196' title='bbox 560 3806 665 3894; x_wconf 83' lang='lat' dir='ltr'><strong>parte</strong></span> <span class='ocrx_word' id='word_1_197' title='bbox 680 3805 822 3880; x_wconf 89' lang='lat' dir='ltr'><strong>nostra,</strong></span> <span class='ocrx_word' id='word_1_198' title='bbox 839 3788 979 3868; x_wconf 88' lang='lat' dir='ltr'><strong>habere</strong></span> <span class='ocrx_word' id='word_1_199' title='bbox 999 3787 1159 3896; x_wconf 89' lang='lat' dir='ltr'><strong>speciale</strong></span> <span class='ocrx_word' id='word_1_200' title='bbox 1173 3788 1416 3877; x_wconf 70' lang='lat' dir='ltr'><strong>mandatum</strong></span> <span class='ocrx_word' id='word_1_201' title='bbox 1433 3804 1472 3866; x_wconf 91' lang='lat' dir='ltr'><strong>et</strong></span> <span class='ocrx_word' id='word_1_202' title='bbox 1485 3786 1535 3866; x_wconf 93' lang='lat' dir='ltr'><strong>ob</strong></span> <span class='ocrx_word' id='word_1_203' title='bbox 1552 3785 1648 3877; x_wconf 93' lang='lat' dir='ltr'><strong>boc,</strong></span> <span class='ocrx_word' id='word_1_204' title='bbox 1668 3785 1758 3864; x_wconf 91' lang='lat' dir='ltr'><strong>dicti</strong></span> 
     </span>
     <span class='ocr_line' id='line_1_24' title="bbox 329 3914 1758 4027; baseline 0.003 -37"><span class='ocrx_word' id='word_1_205' title='bbox 329 3914 504 3994; x_wconf 90' lang='lat' dir='ltr'><strong>homines</strong></span> <span class='ocrx_word' id='word_1_206' title='bbox 526 3920 662 3996; x_wconf 89' lang='lat' dir='ltr'><strong>r&#39;eversi</strong></span> <span class='ocrx_word' id='word_1_207' title='bbox 682 3919 848 4010; x_wconf 86' lang='lat' dir='ltr'><strong>lucrant,</strong></span> <span class='ocrx_word' id='word_1_208' title='bbox 872 3937 911 3998; x_wconf 90' lang='lat' dir='ltr'><strong>et</strong></span> <span class='ocrx_word' id='word_1_209' title='bbox 931 3919 1056 3998; x_wconf 91' lang='lat' dir='ltr'><strong>eidem</strong></span> <span class='ocrx_word' id='word_1_210' title='bbox 1077 3919 1263 3997; x_wconf 88' lang='lat' dir='ltr'><strong>solverant</strong></span> <span class='ocrx_word' id='word_1_211' title='bbox 1276 3917 1437 4027; x_wconf 72' lang='lat' dir='ltr'><strong>quilibet</strong></span> <span class='ocrx_word' id='word_1_212' title='bbox 1455 3919 1585 4026; x_wconf 84' lang='lat' dir='ltr'><strong>viginti</strong></span> <span class='ocrx_word' id='word_1_213' title='bbox 1604 3935 1681 3996; x_wconf 87' lang='lat' dir='ltr'><strong>tres</strong></span> <span class='ocrx_word' id='word_1_214' title='bbox 1697 3945 1758 3994; x_wconf 89' lang='lat' dir='ltr'><strong>so-</strong></span> 
     </span>
     <span class='ocr_line' id='line_1_25' title="bbox 328 4043 1758 4158; baseline 0.003 -36"><span class='ocrx_word' id='word_1_215' title='bbox 328 4043 430 4124; x_wconf 92' lang='lat' dir='ltr'><strong>lidos</strong></span> <span class='ocrx_word' id='word_1_216' title='bbox 438 4047 713 4142; x_wconf 60' lang='lat' dir='ltr'><strong>‚Turonenses3</strong></span> <span class='ocrx_word' id='word_1_217' title='bbox 737 4051 859 4128; x_wconf 87' lang='lat' dir='ltr'><strong>dictus</strong></span> <span class='ocrx_word' id='word_1_218' title='bbox 880 4049 1093 4157; x_wconf 88' lang='lat' dir='ltr'><strong>Philippus,</strong></span> <span class='ocrx_word' id='word_1_219' title='bbox 1111 4066 1241 4129; x_wconf 90' lang='lat' dir='ltr'><strong>contra</strong></span> <span class='ocrx_word' id='word_1_220' title='bbox 1262 4051 1388 4158; x_wconf 91' lang='lat' dir='ltr'><strong>ipsum</strong></span> <span class='ocrx_word' id='word_1_221' title='bbox 1411 4049 1658 4130; x_wconf 89' lang='lat' dir='ltr'><strong>Guillelmum</strong></span> <span class='ocrx_word' id='word_1_222' title='bbox 1675 4077 1758 4156; x_wconf 90' lang='lat' dir='ltr'><strong>pre·</strong></span> 
     </span>
     <span class='ocr_line' id='line_1_26' title="bbox 329 4179 1755 4289; baseline 0.001 -34"><span class='ocrx_word' id='word_1_223' title='bbox 329 4193 491 4268; x_wconf 88' lang='lat' dir='ltr'><strong>sentem,</strong></span> <span class='ocrx_word' id='word_1_224' title='bbox 512 4205 637 4256; x_wconf 89' lang='lat' dir='ltr'><strong>coram</strong></span> <span class='ocrx_word' id='word_1_225' title='bbox 652 4180 746 4286; x_wconf 91' lang='lat' dir='ltr'><strong>ipso,</strong></span> <span class='ocrx_word' id='word_1_226' title='bbox 762 4180 931 4286; x_wconf 90' lang='lat' dir='ltr'><strong>predicta</strong></span> <span class='ocrx_word' id='word_1_227' title='bbox 944 4181 1161 4288; x_wconf 87' lang='lat' dir='ltr'><strong>proposuit,</strong></span> <span class='ocrx_word' id='word_1_228' title='bbox 1178 4181 1227 4257; x_wconf 93' lang='lat' dir='ltr'><strong>ad</strong></span> <span class='ocrx_word' id='word_1_229' title='bbox 1242 4180 1357 4260; x_wconf 85' lang='lat' dir='ltr'><strong>linem</strong></span> <span class='ocrx_word' id='word_1_230' title='bbox 1369 4183 1493 4289; x_wconf 92' lang='lat' dir='ltr'><strong>quod,</strong></span> <span class='ocrx_word' id='word_1_231' title='bbox 1509 4179 1603 4259; x_wconf 86' lang='lat' dir='ltr'><strong>facta</strong></span> <span class='ocrx_word' id='word_1_232' title='bbox 1616 4181 1692 4258; x_wconf 86' lang='lat' dir='ltr'><strong>fide</strong></span> <span class='ocrx_word' id='word_1_233' title='bbox 1708 4181 1755 4256; x_wconf 96' lang='lat' dir='ltr'><strong>de</strong></span> 
     </span>
     <span class='ocr_line' id='line_1_27' title="bbox 329 4309 1755 4419; baseline -0.001 -33"><span class='ocrx_word' id='word_1_234' title='bbox 329 4309 403 4387; x_wconf 91' lang='lat' dir='ltr'><strong>hiis</strong></span> <span class='ocrx_word' id='word_1_235' title='bbox 420 4337 494 4416; x_wconf 92' lang='lat' dir='ltr'><strong>que</strong></span> <span class='ocrx_word' id='word_1_236' title='bbox 509 4309 725 4389; x_wconf 88' lang='lat' dir='ltr'><strong>sufficerent</strong></span> <span class='ocrx_word' id='word_1_237' title='bbox 740 4312 788 4390; x_wconf 91' lang='lat' dir='ltr'><strong>de</strong></span> <span class='ocrx_word' id='word_1_238' title='bbox 803 4311 1010 4418; x_wconf 85' lang='lat' dir='ltr'><strong>premissis,</strong></span> <span class='ocrx_word' id='word_1_239' title='bbox 1033 4310 1136 4389; x_wconf 90' lang='lat' dir='ltr'><strong>idem</strong></span> <span class='ocrx_word' id='word_1_240' title='bbox 1157 4311 1383 4391; x_wconf 87' lang='lat' dir='ltr'><strong>Guillelmus</strong></span> <span class='ocrx_word' id='word_1_241' title='bbox 1402 4339 1518 4419; x_wconf 91' lang='lat' dir='ltr'><strong>super</strong></span> <span class='ocrx_word' id='word_1_242' title='bbox 1534 4313 1610 4390; x_wconf 90' lang='lat' dir='ltr'><strong>boo</strong></span> <span class='ocrx_word' id='word_1_243' title='bbox 1628 4309 1755 4386; x_wconf 88' lang='lat' dir='ltr'><strong>debite</strong></span> 
     </span>
     <span class='ocr_line' id='line_1_28' title="bbox 328 4439 1753 4550; baseline -0.001 -32"><span class='ocrx_word' id='word_1_244' title='bbox 328 4439 528 4550; x_wconf 88' lang='lat' dir='ltr'><strong>puniretur</strong></span> <span class='ocrx_word' id='word_1_245' title='bbox 553 4444 659 4520; x_wconf 88' lang='lat' dir='ltr'><strong>etad</strong></span> <span class='ocrx_word' id='word_1_246' title='bbox 683 4444 961 4523; x_wconf 90' lang='lat' dir='ltr'><strong>restituendum</strong></span> <span class='ocrx_word' id='word_1_247' title='bbox 984 4460 1134 4550; x_wconf 90' lang='lat' dir='ltr'><strong>recepta</strong></span> <span class='ocrx_word' id='word_1_248' title='bbox 1160 4442 1213 4520; x_wconf 91' lang='lat' dir='ltr'><strong>sic</strong></span> <span class='ocrx_word' id='word_1_249' title='bbox 1238 4472 1306 4550; x_wconf 87' lang='lat' dir='ltr'><strong>per</strong></span> <span class='ocrx_word' id='word_1_250' title='bbox 1332 4472 1421 4520; x_wconf 91' lang='lat' dir='ltr'><strong>eum</strong></span> <span class='ocrx_word' id='word_1_251' title='bbox 1442 4439 1753 4549; x_wconf 78' lang='lat' dir='ltr'><strong>compelleretur3</strong></span> 
     </span>
     <span class='ocr_line' id='line_1_29' title="bbox 328 4570 1757 4683; baseline 0.001 -35"><span class='ocrx_word' id='word_1_252' title='bbox 328 4571 395 4651; x_wconf 87' lang='lat' dir='ltr'><strong>lite</strong></span> <span class='ocrx_word' id='word_1_253' title='bbox 407 4573 522 4682; x_wconf 84' lang='lat' dir='ltr'><strong>igitur</strong></span> <span class='ocrx_word' id='word_1_254' title='bbox 534 4601 649 4682; x_wconf 90' lang='lat' dir='ltr'><strong>super</strong></span> <span class='ocrx_word' id='word_1_255' title='bbox 665 4574 754 4666; x_wconf 89' lang='lat' dir='ltr'><strong>hoc,</strong></span> <span class='ocrx_word' id='word_1_256' title='bbox 772 4603 815 4653; x_wconf 86' lang='lat' dir='ltr'><strong>ex</strong></span> <span class='ocrx_word' id='word_1_257' title='bbox 830 4592 935 4683; x_wconf 86' lang='lat' dir='ltr'><strong>parte</strong></span> <span class='ocrx_word' id='word_1_258' title='bbox 951 4575 1068 4681; x_wconf 86' lang='lat' dir='ltr'><strong>ipsius</strong></span> <span class='ocrx_word' id='word_1_259' title='bbox 1079 4572 1273 4653; x_wconf 87' lang='lat' dir='ltr'><strong>Guillelmi</strong></span> <span class='ocrx_word' id='word_1_260' title='bbox 1288 4573 1456 4680; x_wconf 89' lang='lat' dir='ltr'><strong>predicta</strong></span> <span class='ocrx_word' id='word_1_261' title='bbox 1469 4570 1655 4680; x_wconf 84' lang='lat' dir='ltr'><strong>negantis,</strong></span> <span class='ocrx_word' id='word_1_262' title='bbox 1673 4599 1757 4650; x_wconf 89' lang='lat' dir='ltr'><strong>eon·</strong></span> 
     </span>
     <span class='ocr_line' id='line_1_30' title="bbox 328 4701 1758 4816; baseline -0.003 -34"><span class='ocrx_word' id='word_1_263' title='bbox 328 4721 460 4783; x_wconf 87' lang='lat' dir='ltr'><strong>testata</strong></span> <span class='ocrx_word' id='word_1_264' title='bbox 471 4735 597 4784; x_wconf 83' lang='lat' dir='ltr'><strong>coram</strong></span> <span class='ocrx_word' id='word_1_265' title='bbox 610 4706 711 4786; x_wconf 91' lang='lat' dir='ltr'><strong>dioto</strong></span> <span class='ocrx_word' id='word_1_266' title='bbox 724 4705 914 4816; x_wconf 92' lang='lat' dir='ltr'><strong>Philippo,</strong></span> <span class='ocrx_word' id='word_1_267' title='bbox 928 4705 1181 4812; x_wconf 87' lang='lat' dir='ltr'><strong>receptisque,</strong></span> <span class='ocrx_word' id='word_1_268' title='bbox 1196 4731 1264 4811; x_wconf 90' lang='lat' dir='ltr'><strong>per</strong></span> <span class='ocrx_word' id='word_1_269' title='bbox 1276 4704 1401 4810; x_wconf 91' lang='lat' dir='ltr'><strong>ipsum</strong></span> <span class='ocrx_word' id='word_1_270' title='bbox 1410 4701 1640 4811; x_wconf 91' lang='lat' dir='ltr'><strong>Philippum,</strong></span> <span class='ocrx_word' id='word_1_271' title='bbox 1657 4704 1758 4781; x_wconf 89' lang='lat' dir='ltr'><strong>testi-</strong></span> 
     </span>
     <span class='ocr_line' id='line_1_31' title="bbox 328 4833 1756 4947; baseline -0.003 -33"><span class='ocrx_word' id='word_1_272' title='bbox 328 4835 402 4914; x_wconf 95' lang='lat' dir='ltr'><strong>bus</strong></span> <span class='ocrx_word' id='word_1_273' title='bbox 415 4865 529 4944; x_wconf 85' lang='lat' dir='ltr'><strong>super</strong></span> <span class='ocrx_word' id='word_1_274' title='bbox 539 4837 730 4946; x_wconf 90' lang='lat' dir='ltr'><strong>predictis,</strong></span> <span class='ocrx_word' id='word_1_275' title='bbox 740 4837 875 4947; x_wconf 87' lang='lat' dir='ltr'><strong>juratis</strong></span> <span class='ocrx_word' id='word_1_276' title='bbox 893 4854 931 4915; x_wconf 91' lang='lat' dir='ltr'><strong>et</strong></span> <span class='ocrx_word' id='word_1_277' title='bbox 943 4835 1177 4925; x_wconf 83' lang='lat' dir='ltr'><strong>examinatis,</strong></span> <span class='ocrx_word' id='word_1_278' title='bbox 1197 4834 1285 4942; x_wconf 92' lang='lat' dir='ltr'><strong>quia</strong></span> <span class='ocrx_word' id='word_1_279' title='bbox 1298 4835 1401 4913; x_wconf 88' lang='lat' dir='ltr'><strong>dicto</strong></span> <span class='ocrx_word' id='word_1_280' title='bbox 1409 4833 1583 4942; x_wconf 93' lang='lat' dir='ltr'><strong>Philippo</strong></span> <span class='ocrx_word' id='word_1_281' title='bbox 1598 4833 1756 4912; x_wconf 92' lang='lat' dir='ltr'><strong>dubium</strong></span> 
     </span>
     <span class='ocr_line' id='line_1_32' title="bbox 330 4966 1754 5077; baseline -0.004 -30"><span class='ocrx_word' id='word_1_282' title='bbox 330 4997 444 5076; x_wconf 91' lang='lat' dir='ltr'><strong>super</strong></span> <span class='ocrx_word' id='word_1_283' title='bbox 463 4970 641 5077; x_wconf 90' lang='lat' dir='ltr'><strong>predictis</strong></span> <span class='ocrx_word' id='word_1_284' title='bbox 663 4986 891 5060; x_wconf 88' lang='lat' dir='ltr'><strong>occurrerat,</strong></span> <span class='ocrx_word' id='word_1_285' title='bbox 913 4968 1016 5047; x_wconf 90' lang='lat' dir='ltr'><strong>idem</strong></span> <span class='ocrx_word' id='word_1_286' title='bbox 1039 4966 1236 5074; x_wconf 92' lang='lat' dir='ltr'><strong>Philippus</strong></span> <span class='ocrx_word' id='word_1_287' title='bbox 1254 4993 1472 5072; x_wconf 87' lang='lat' dir='ltr'><strong>processum</strong></span> <span class='ocrx_word' id='word_1_288' title='bbox 1489 4982 1527 5043; x_wconf 90' lang='lat' dir='ltr'><strong>et</strong></span> <span class='ocrx_word' id='word_1_289' title='bbox 1543 4966 1754 5073; x_wconf 88' lang='lat' dir='ltr'><strong>inquestam</strong></span> 
     </span>
     <span class='ocr_line' id='line_1_33' title="bbox 330 5097 1754 5209; baseline -0.006 -29"><span class='ocrx_word' id='word_1_290' title='bbox 330 5130 444 5209; x_wconf 89' lang='lat' dir='ltr'><strong>super</strong></span> <span class='ocrx_word' id='word_1_291' title='bbox 464 5100 537 5178; x_wconf 93' lang='lat' dir='ltr'><strong>hoc</strong></span> <span class='ocrx_word' id='word_1_292' title='bbox 555 5099 688 5180; x_wconf 86' lang='lat' dir='ltr'><strong>laetam</strong></span> <span class='ocrx_word' id='word_1_293' title='bbox 709 5102 756 5180; x_wconf 88' lang='lat' dir='ltr'><strong>ad</strong></span> <span class='ocrx_word' id='word_1_294' title='bbox 781 5117 947 5180; x_wconf 90' lang='lat' dir='ltr'><strong>nostram</strong></span> <span class='ocrx_word' id='word_1_295' title='bbox 974 5100 1117 5179; x_wconf 88' lang='lat' dir='ltr'><strong>curiam</strong></span> <span class='ocrx_word' id='word_1_296' title='bbox 1141 5099 1342 5204; x_wconf 87' lang='lat' dir='ltr'><strong>reportavit</strong></span> <span class='ocrx_word' id='word_1_297' title='bbox 1362 5097 1642 5207; x_wconf 86' lang='lat' dir='ltr'><strong>judicandum:</strong></span> <span class='ocrx_word' id='word_1_298' title='bbox 1667 5097 1754 5175; x_wconf 88' lang='lat' dir='ltr'><strong>Visa</strong></span> 
     </span>
    </p>
   </div>
   <div class='ocr_carea' id='block_1_5' title="bbox 414 5248 1622 5332">
    <p class='ocr_par' dir='ltr' id='par_1_5' title="bbox 414 5248 1622 5332">
     <span class='ocr_line' id='line_1_34' title="bbox 414 5248 1622 5332; baseline -0.001 -12"><span class='ocrx_word' id='word_1_299' title='bbox 414 5279 463 5323; x_wconf 73' lang='lat' dir='ltr'><strong>uss</strong></span> <span class='ocrx_word' id='word_1_300' title='bbox 483 5279 566 5320; x_wconf 80' lang='lat' dir='ltr'><strong>ocur.</strong></span> <span class='ocrx_word' id='word_1_301' title='bbox 588 5279 635 5321; x_wconf 90' lang='grc' dir='ltr'><strong>ιιι.</strong></span> <span class='ocrx_word' id='word_1_302' title='bbox 1583 5248 1622 5332; x_wconf 80' lang='grc'><strong>67</strong></span> 
     </span>
    </p>
   </div>
   <div class='ocr_carea' id='block_1_6' title="bbox 0 0 2230 6209">
    <p class='ocr_par' dir='ltr' id='par_1_6' title="bbox 0 0 2230 6209">
     <span class='ocr_line' id='line_1_35' title="bbox 0 0 2230 6209; baseline 0 0"><span class='ocrx_word' id='word_1_303' title='bbox 0 0 2230 6209; x_wconf 95' lang='lat' dir='ltr'><strong> </strong></span> 
     </span>
    </p>
   </div>
  </div>
 </body>
</html>
