4450 6209
502 722 575 795 sto
1082 722 1174 795 LES
1204 721 1346 797 OLIM.

248 870 397 960 *Partim
415 867 460 929 W·
499 863 603 941 curie
618 881 762 955 nostre,
778 862 890 952 lacta,
907 863 983 941 visa
1003 882 1042 943 et
1057 863 1259 971 diligenter
1279 865 1500 955 examinata,
1518 892 1586 973 per
1603 864 1706 943 curie
1723 882 1851 943 nostre
1866 868 1926 974 ju-

201 976 211 987 ·
336 962 401 1006 1³10.

500 993 644 1073 dicium
659 997 801 1075 dictum
819 994 892 1074 fuit
909 996 1015 1102 quod
1027 996 1125 1074 dicta
1138 994 1310 1075 lobanna
1320 996 1540 1103 acquittabit
1550 1014 1588 1074 et
1596 995 1841 1103 garantizabit
1851 1026 1924 1105 pre-

499 1127 650 1219 dictam,
663 1130 908 1237 Margaretam
920 1128 969 1206 de
982 1128 1251 1235 Pinqnigniaco
1264 1156 1350 1237 erga
1366 1130 1504 1209 dicum
1518 1127 1761 1209 domicellam
1771 1132 1923 1211 Mariam

498 1260 546 1337 de
568 1259 721 1337 duobus
742 1257 911 1335 millibus
929 1274 968 1335 et
986 1257 1202 1367 octingintis
1221 1258 1330 1337 libris
1345 1260 1616 1341 Parisiensibus
1634 1260 1866 1367 supradictis.

550 1390 749 1469 Dominica
773 1407 859 1496 post
876 1390 1028 1469 octabas
1046 1388 1267 1469 Candelose.

553 1522 659 1601 Creci
680 1519 890 1627 reportavit.

551 1787 645 1866 XIV.
676 1786 774 1865 Cum
794 1803 924 1895 gentes
944 1788 1093 1865 comitis
1112 1788 1450 1880 Claromontensis,
1469 1790 1719 1899 justitiando,
1741 1790 1923 1899 cepissent

498 1917 702 2025 quemdam
722 1917 920 1995 hominem
943 1918 985 1995 in
1005 1919 1169 2026 quodam
1195 1918 1280 1998 loco
1306 1919 1345 1996 in
1366 1950 1444 2027 quo
1465 1921 1678 2029 Stephanus
1703 1920 1751 1997 de
1772 1921 1923 1999 Sancto-

497 2050 621 2155 Lupo,
638 2047 764 2139 miles,
782 2048 875 2127 dicit
889 2076 929 2127 se
944 2049 1207 2129 omnimodam
1221 2050 1335 2129 altam
1352 2068 1389 2127 et
1403 2052 1548 2131 bosam
1559 2051 1749 2161 justiciam
1764 2033 1920 2141 baberd,

495 2179 620 2285 priore
639 2197 679 2256 et
697 2197 881 2259 conventu
895 2179 1133 2287 Sancti-Lupi
1149 2181 1197 2259 de
1213 2181 1374 2261 Serento
1388 2212 1429 2261 se
1445 2184 1483 2259 in
1496 2184 1717 2291 hujusmodi
1730 2210 1922 2291 opponen-

494 2310 607 2400 tibus,
622 2326 661 2387 et
676 2309 777 2388 dicto
791 2310 877 2389 loco
897 2311 1067 2390 resaisito
1087 2328 1125 2393 et
1144 2312 1362 2419 hujusmodi
1383 2315 1494 2419 prisia
1513 2316 1563 2393 ad
1581 2344 1737 2393 manum
1758 2333 1922 2393 nostram

495 2458 671 2548 tanquam
697 2442 902 2549 superioris
914 2444 1056 2548 posita,
1079 2460 1236 2550 propter
1253 2444 1432 2523 debatum
1451 2464 1490 2525 et
1505 2447 1790 2554 opposicionem
1809 2446 1922 2523 dicto

494 2602 580 2649 rum
592 2573 755 2663 comitis,
768 2573 899 2651 militis
909 2589 948 2651 et
960 2573 1227 2683 religiosorum
1237 2604 1279 2653 ao
1291 2575 1487 2657 Guillelrni
1499 2578 1679 2668 Tiboudl,
1692 2595 1785 2657 tunc
1795 2576 1919 2657 ballivi

496 2702 783 2786 Silvanectensis
808 2734 878 2812 pro
900 2704 1028 2792 nobis,
1058 2705 1230 2797 tandem,
1251 2707 1464 2815 inquestam
1485 2712 1689 2817 quamdam
1709 2738 1824 2817 super
1848 2710 1921 2789 hoc

495 2834 648 2925 betam,
670 2854 852 2942 quantum
868 2836 918 2914 ad
931 2837 1129 2944 religiosos
1145 2856 1184 2917 et
1197 2839 1358 2919 militem
1373 2841 1581 2948 predictos,
1599 2842 1703 2919 idem
1719 2842 1831 2921 miles
1849 2842 1923 2919 ins·

495 2982 617 3043 tanter
630 2966 748 3044 videri
760 2984 907 3072 peteret
917 2985 956 3047 et
965 2968 1145 3076 judicari,
1162 2970 1328 3078 dictique
1339 2973 1487 3052 comitis
1499 2973 1674 3083 gentibus
1684 3002 1723 3052 se
1740 3002 1781 3051 rn
1794 2974 1922 3082 hujus·

497 3096 601 3173 modi
626 3097 925 3203 opponentibus,
947 3099 1070 3177 dictus
1089 3101 1201 3179 miles
1217 3104 1475 3210 proposuisset
1493 3104 1598 3212 quod
1622 3104 1746 3185 dictus
1767 3104 1922 3185 Guillel-

496 3255 594 3317 mus,
614 3244 708 3306 tunc
721 3226 880 3306 ballivus
895 3228 1196 3321 Silvanectensis,
1216 3235 1431 3342 pronobie,
1447 3255 1487 3315 et
1499 3254 1630 3344 gentes
1643 3237 1735 3316 dieti
1756 3238 1920 3327 comitis,

495 3388 565 3466 pro
596 3358 700 3467 ipso,
732 3361 1046 3441 concordaverant
1073 3366 1180 3471 quod
1205 3366 1276 3474 ipsi
1307 3367 1597 3474 supersederent
1624 3398 1738 3478 super
1768 3372 1857 3461 boc,
1886 3388 1923 3449 et

495 3482 760 3597 permitterent
778 3492 923 3571 dictum
938 3494 1101 3574 militem
1119 3514 1246 3575 contra
1262 3496 1382 3576 dictos
1394 3500 1589 3607 religiosos
1601 3500 1702 3579 solos
1720 3530 1835 3608 super
1852 3504 1923 3581 boc

496 3620 659 3729 litigare,
675 3623 816 3731 quibus
830 3624 989 3714 auditis,
1005 3654 1119 3732 super
1138 3627 1358 3735 hujusmodi
1375 3630 1592 3725 concordia,
1612 3633 1802 3721 mandavit
1820 3634 1921 3711 curia

496 3771 638 3841 nostra,
661 3754 831 3860 partibus
849 3756 1003 3844 vocatis,
1024 3760 1219 3837 veritatem
1246 3760 1411 3868 inquiri:
1434 3762 1520 3841 Visa
1539 3764 1653 3872 igitur
1671 3766 1845 3872 inquesta
1862 3794 1922 3843 su-

494 3909 563 3987 per
594 3883 692 3961 dieta
719 3884 920 3963 concordia
950 3915 1018 3991 per
1050 3887 1194 3965 dictum
1226 3890 1386 3969 militem
1419 3894 1627 4001 proposita,
1663 3896 1711 3973 de
1743 3899 1919 3976 mandato

441 4058 445 4070 ·
496 4029 628 4091 nostro
654 4013 768 4105 lacta,
795 4043 864 4120 per
891 4020 994 4094 curie
1023 4036 1148 4097 nostre
1172 4018 1377 4128 judicium,
1404 4024 1547 4105 dictum
1570 4024 1643 4103 luit
1670 4028 1775 4136 quod
1797 4029 1921 4109 dictus

496 4172 623 4224 comes
638 4144 977 4240 Claromontensis,
994 4178 1063 4257 pro
1080 4180 1137 4242 se,
1156 4180 1198 4229 ao
1212 4152 1372 4231 ballivus
1388 4156 1691 4249 Silvanectensis,
1707 4188 1775 4267 pro
1793 4161 1918 4251 nobis,

495 4304 609 4382 super
624 4277 698 4355 boc
713 4276 917 4357 audientur
934 4279 975 4356 in
993 4280 1226 4388 parlamento
1240 4286 1419 4391 presenti,
1437 4288 1467 4366 si
1481 4288 1666 4394 pecierint
1680 4291 1802 4409 audiri
1818 4311 1920 4370 antc-

494 4436 608 4515 quam
628 4408 822 4517 judicetur
842 4410 1016 4519 inquesta
1032 4415 1200 4520 predicta
1224 4416 1324 4497 inter
1344 4418 1464 4499 dictos
1484 4420 1642 4501 militem
1665 4440 1702 4501 et
1727 4424 1920 4533 religiosos

493 4536 599 4617 faeta.
1142 4584 1145 4591 ⁴

548 4672 590 4747 ln
610 4669 707 4750 sesto
726 4670 913 4756 Cathedre
933 4680 1050 4757 sancti
1070 4679 1181 4759 Petri.
1267 4636 1271 4641 Ι

513 4993 517 5002 .
548 4934 627 5013 XV.
656 4935 755 5015 Cum
781 4939 990 5032 lohannes,
1012 4942 1215 5037 aurifaber,
1238 4892 1470 5057 apreposito
1500 4968 1629 5031 nostro
1649 4952 1916 5033 silvanectensi

491 5082 640 5171 peteret
657 5069 846 5175 quandam
865 5071 1049 5167 litteram,
1069 5076 1194 5186 sigillo
1217 5078 1367 5161 ballivis
1388 5082 1673 5163 silvanectensis
1697 5085 1912 5195 sigillatam,
