4450 6209
490 734 561 810 tls
1074 735 1167 809 LES
1197 733 1338 808 OLIM.

258 869 390 1007 ruffin
404 871 449 936 1v,
486 878 567 988 nuti
579 940 588 969 ‚
619 877 749 954 illicite
782 879 880 956 etin
907 877 1025 956 nostri
1049 877 1305 986 prejudicium
1333 877 1562 956 detinebat:
1592 877 1640 956 Et
1666 877 1825 966 idcirco,
1853 907 1918 984 per

197 1016 201 1028 '
380 993 386 1003 ⁵
488 1009 592 1087 curie
612 1027 738 1087 nostre
753 1008 961 1116 judicium,
984 1009 1129 1086 dictum
1149 1008 1221 1086 fuit
1241 1025 1279 1085 et
1297 1009 1590 1114 pronunciatum
1610 1009 1733 1117 quod,
1756 1037 1835 1087 non
1852 1009 1919 1086 ob-

488 1141 674 1218 stantibus
702 1140 954 1218 contractibus
984 1157 1022 1216 et
1046 1138 1366 1217 convencionibus
1390 1169 1506 1247 super
1534 1140 1608 1218 hiis
1637 1169 1706 1246 per
1731 1141 1919 1246 predictos

428 1281 433 1292 '
489 1272 614 1374 sactis²
636 1301 679 1348 ac
699 1271 1055 1350 confirmacionibus
1074 1301 1095 1347 a
1114 1270 1225 1348 nobis
1247 1271 1428 1360 obtentis,
1450 1299 1511 1350 res
1531 1299 1664 1350 omnes
1683 1270 1853 1378 predicte
1874 1272 1919 1348 ad

490 1430 560 1481 nos
579 1420 815 1481 revertentur
828 1419 867 1479 et
883 1404 993 1481 nobis
1009 1403 1273 1481 remanebunt.
1295 1405 1410 1492 Item,
1428 1404 1624 1482 inventum
1643 1401 1715 1480 luit
1731 1401 1921 1480 sufficicn-

489 1552 548 1612 ter
565 1534 767 1641 probatum
781 1535 906 1641 quod,
928 1562 999 1642 pro
1017 1535 1147 1644 yiginti
1167 1535 1275 1612 libris
1289 1535 1577 1614 Turonensibus
1595 1533 1710 1614 annui
1730 1535 1918 1624 redditus,

489 1695 583 1773 quas
603 1667 730 1744 eidem
747 1666 887 1744 Jacobo
907 1695 1022 1774 super
1038 1667 1177 1745 nostris
1201 1667 1416 1745 incursibus
1435 1666 1714 1775 percipiendas,
1736 1667 1921 1772 quamdiu

490 1799 603 1876 nobis
618 1798 801 1905 placeret,
817 1827 1138 1889 concesseramus,
1161 1799 1264 1876 idem
1283 1800 1446 1877 lacobus
1467 1799 1598 1878 dolose
1614 1797 1687 1876 sibi
1702 1827 1922 1904 procurave-

490 1948 549 2008 rat
574 1930 751 2037 assignari
775 1930 876 2008 bona
906 1931 1017 2009 nobis
1040 1931 1259 2017 commissa,
1281 1959 1356 2037 que
1386 1931 1543 2010 luerunt
1561 1929 1731 2008 Arnaudi
1748 1929 1920 2024 Enrbnui

492 2062 541 2138 de
557 2060 681 2138 heresi
697 2060 973 2168 condempnati,
996 2061 1082 2167 plus
1097 2061 1262 2139 valencia
1282 2061 1321 2138 in
1339 2061 1500 2168 dupplo,
1521 2079 1560 2140 et
1579 2061 1720 2140 idcirco
1735 2061 1919 2166 peridem
2040 2141 2045 2150 ,

486 2191 678 2300 judicium
698 2191 842 2269 dictum
861 2191 936 2270 fuit
958 2193 1064 2300 quod
1088 2221 1133 2270 ex
1158 2223 1278 2284 nunc,
1308 2211 1480 2272 revocata
1501 2193 1710 2272 donacione
1729 2191 1917 2300 predicta,

490 2323 592 2403 bona
607 2325 829 2433 hujusmodi
848 2325 898 2400 ad
913 2353 982 2402 nos
999 2343 1236 2404 revertentur
1251 2343 1289 2402 et
1304 2325 1415 2403 nobis
1430 2323 1700 2413 remanebunt,
1718 2323 1919 2431 punicione

490 2456 635 2532 fraudis
655 2474 694 2533 et
713 2455 807 2546 doli,
826 2457 863 2533 in
880 2457 1070 2563 premissis
1086 2487 1156 2563 per
1168 2457 1359 2565 predictos
1375 2455 1583 2545 habitores,
1596 2455 1753 2532 arbitrio
1772 2469 1918 2543 nostro,

491 2606 677 2694 quantum
696 2589 745 2666 ad
765 2617 834 2667 nos
853 2589 1042 2694 pertinet,
1068 2607 1265 2668 reservata.

548 2720 701 2798 Sabbati
722 2737 807 2798 ante
826 2721 1059 2799 Brandones.

548 2853 619 2927 lsta
638 2851 812 2958 inquesta
836 2867 894 2929 est
917 2881 1006 2928 eum
1024 2853 1096 2929 alia
1115 2882 1190 2960 que
1212 2853 1379 2961 judicata
1399 2853 1471 2932 luit
1490 2857 1529 2932 in
1549 2855 1801 2960 parlamento,
1823 2881 1917 2932 anno

493 2981 648 3059 Domini
667 2980 873 3060 millesimo
891 2984 1157 3062 trecentesimo
1179 2986 1395 3064 undecimo.

549 3249 676 3326 XXlll.
705 3248 804 3327 Cum
830 3248 942 3328 nobis
968 3249 1239 3330 denunciatum
1263 3251 1396 3332 luisset
1419 3253 1525 3358 quod
1549 3251 1777 3359 Hugolinus,
1804 3279 1918 3357 nepos

492 3381 619 3458 lacobi
639 3382 687 3457 de
707 3381 940 3489 Poligniaco,
959 3380 1010 3458 'de
1031 3382 1106 3459 illis
1126 3384 1249 3460 tribus
1269 3385 1434 3462 denariis
1453 3413 1551 3490 quos
1569 3383 1856 3489 condempnatis
1875 3383 1918 3460 dc

493 3511 617 3590 heresi
645 3511 803 3590 facimus
825 3513 1029 3590 ministrari
1058 3542 1127 3620 per
1151 3513 1272 3603 diem,
1301 3533 1340 3592 et
1363 3517 1411 3594 de
1430 3515 1590 3622 pecunia
1609 3543 1684 3621 que
1709 3514 1856 3592 eisdem
1874 3513 1918 3592 ab

494 3671 626 3721 eorum
648 3644 777 3721 amicis
794 3643 1026 3733 mittebatur,
1049 3663 1188 3722 certam
1204 3663 1350 3754 partem
1366 3647 1438 3725 sibi
1455 3647 1657 3737 retinebat3
1673 3647 1785 3734 item,
1803 3645 1916 3754 quod,
2047 3705 2053 3722 .

493 3791 581 3879 post
599 3775 747 3853 obitum
768 3775 983 3882 aliquorum
1003 3778 1041 3853 in
1062 3807 1175 3855 muro
1197 3779 1484 3869 decedencium,
1506 3780 1693 3886 stipendia
1711 3807 1783 3886 pro
1802 3779 1858 3856 eis
1870 3805 1919 3854 re·

495 3905 657 4010 cipiebat
684 3935 912 4013 perannum
931 3908 989 3986 vel
1008 3908 1226 4001 biennium,
1249 3928 1450 4018 antequam
1471 3941 1574 3990 mors
1594 3939 1727 3989 eorum
1746 3911 1916 3998 sciretur3

494 4034 603 4126 item,
625 4039 731 4143 quod
755 4039 803 4115 do
822 4065 998 4118 morrono
1019 4058 1057 4118 et
1074 4042 1213 4150 tegulis
1237 4043 1375 4121 nostris
1393 4043 1597 4149 quamdam
1616 4041 1776 4122 domum
1794 4069 1863 4149 pro
1883 4069 1918 4118 se

494 4167 632 4245 lecerat
657 4168 849 4250 edificatis
870 4173 956 4252 Visa
975 4158 1144 4281 inquesta
1166 4175 1372 4280 superbiis
1395 4175 1508 4265 lacta,
1535 4173 1651 4252 nichil
1675 4175 1724 4253 de
1744 4173 1919 4280 predictis

494 4299 689 4378 inventum
708 4301 782 4379 luit
801 4321 930 4381 eontra
948 4305 1075 4412 ipsum
1093 4305 1323 4384 sufficienter
1336 4307 1554 4414 probatum,
1579 4306 1773 4385 etidcirco
1790 4305 1919 4384 abbu-

425 4463 430 4471 ·
490 4432 661 4537 jusmodi
681 4433 753 4510 sibi
772 4435 960 4544 impositis
979 4435 1052 4515 suit
1071 4438 1353 4517 sentencialiter
1371 4438 1579 4518 absolutus.

551 4562 703 4640 Sabbati
723 4583 808 4644 ante
828 4567 1057 4646 Brandones.
1186 4625 1189 4634 ·

539 4829 681 4907 ‘Xllllle
703 4830 802 4908 Cum
817 4833 994 4912 consules
1006 4836 1113 4912 castri
1129 4837 1405 4914 lemovicensis
1416 4865 1542 4916 eoram
1557 4835 1848 4942 inquisitoribus
1861 4862 1920 4910 nu·

493 4983 598 5061 pera
618 4959 728 5038 nobis
747 4962 787 5039 in
808 4964 1012 5042 Pictavensi
1032 4967 1249 5046 senescallia
1267 4968 1472 5074 deputatis,
1490 4983 1619 5044 contra
1639 4966 1853 5046 Gerardum
1874 4964 1917 5041 de

432 5113 437 5126 ’
493 5087 667 5179 Buxolio,
689 5093 867 5188 militem,
888 5114 1145 5201 proponentes
1164 5099 1285 5205 quod,
1307 5128 1354 5177 eo
1372 5115 1544 5204 tempore
1564 5126 1641 5205 quo
1661 5099 1743 5204 ipse
1764 5114 1845 5175 erat
1861 5095 1918 5174 ba·
