4450 6209
737 703 1004 814 unounrus
1029 725 1094 800 nr
1120 709 1325 802 raocus.
1671 735 1742 804 227

322 861 494 968 parcium
508 859 723 942 racionibus
735 862 826 942 binc
840 880 878 942 et
897 864 1003 955 inde,
1022 894 1091 972 por
1107 868 1210 946 curie
1230 885 1357 948 nostre
1373 869 1579 977 judicium,
1601 871 1744 952 dictum
1782 891 1912 950 Parnm
1924 899 1968 962 tv,

319 991 393 1070 fuit
411 1009 450 1069 et
469 994 760 1098 pronunciatum
786 995 929 1073 dictum
954 997 1188 1102 prepositum
1217 999 1316 1076 male
1334 999 1521 1107 judicasse
1543 1022 1581 1082 et
1600 1003 1744 1082 dictum
1844 987 1908 1031 ¹³⁰⁷·

319 1121 570 1202 Guillelmum
584 1124 683 1202 bene
702 1123 923 1242 appellasse,
939 1142 978 1203 et
988 1128 1093 1234 qarod
1116 1129 1204 1206 dicti
1229 1132 1421 1210 camerarii
1433 1132 1645 1239 judicatum
1661 1163 1746 1242 pre-

321 1255 464 1331 dictum
484 1254 725 1333 mandabitur
743 1256 971 1334 execucioni.

377 1387 420 1463 In
439 1385 536 1463 festo
555 1385 654 1462 beati
675 1386 838 1464 Andree.

377 1518 428 1595 M.
449 1517 481 1593 l.
503 1515 719 1617 Anthonius
736 1517 953 1623 reportarit.

376 1779 437 1857 vl.
468 1777 580 1868 Cum,
596 1794 699 1856 mota
713 1781 963 1858 controversia
977 1781 1076 1858 inter
1090 1781 1267 1862 abbatem
1284 1801 1322 1862 et
1336 1804 1562 1864 conventum
1578 1787 1746 1895 Majoris·

322 1910 540 1991 Monosterii
556 1911 790 1989 Turonensis
805 1927 993 1990 eteorum
1008 1913 1176 2020 priorem
1192 1914 1238 1992 de
1255 1917 1455 2024 Dynanno,
1473 1919 1686 1996 dicencium
1704 1947 1744 1999 se

299 2067 401 2157 ,esse
421 2024 460 2120 et
477 2069 548 2120 nos
567 2041 684 2120 eciam
701 2041 740 2119 in
762 2043 897 2122 saisina
914 2043 1029 2151 garde
1050 2043 1140 2122 dicti
1162 2047 1299 2152 prioris
1318 2065 1356 2125 et
1374 2047 1456 2154 ejus
1474 2050 1675 2156 prioratus,
1700 2079 1745 2128 ex

320 2179 425 2278 p'arte
442 2201 535 2261 una,
555 2189 593 2250 et
608 2162 813 2251 Henricum
833 2174 882 2250 de
900 2174 1114 2283 Aralgorio‚
1135 2176 1396 2267 domicellum,
1417 2207 1460 2256 ex
1480 2179 1611 2270 altera,
1633 2209 1745 2286 super

267 2358 273 2371 -
317 2302 489 2412 co'quod
505 2303 628 2383 dictus
648 2303 870 2384 domicellus
888 2306 1073 2384 violenter
1087 2324 1126 2384 et
1139 2307 1278 2414 injusto
1295 2327 1332 2388 et
1346 2310 1386 2386 in
1400 2308 1653 2416 prejudicium
1671 2312 1745 2390 dic·

248 2517 255 2528 ,
319 2451 448 2515 torum
470 2434 734 2544 religiosorum
759 2454 799 2513 ct
821 2435 920 2514 dicte
941 2438 1059 2543 garde
1082 2455 1227 2528 nostre,
1257 2457 1300 2517 ut
1324 2440 1530 2533 dicebatur,
1558 2461 1745 2520 amoverat

320 2565 500 2672 qrrasdam
512 2593 642 2660 cruces
658 2566 858 2645 existentes
869 2578 986 2676 tuper
993 2584 1117 2677 portas
1132 2568 1267 2646 domos
1282 2599 1367 2647 suas
1379 2570 1481 2676 apud
1494 2572 1740 2676 Dynannum,

212 2792 216 2801 Ι
318 2725 413 2803 quas
427 2697 550 2774 dictus
558 2697 662 2804 prior
676 2697 839 2787 ibidem,
856 2697 954 2776 dicte
967 2699 1174 2778 amocionis
1187 2717 1375 2807 tempore,
1389 2701 1528 2807 positas
1539 2703 1692 2782 tenebat
1705 2721 1743 2782 et

318 2845 491 2908 tenuerat
507 2856 578 2935 per
598 2829 694 2910 duos
713 2855 831 2910 annos
850 2848 937 2906 aute
957 2846 996 2908 et
1013 2830 1132 2920 ultra,
1150 2859 1300 2910 necnon
1318 2859 1432 2938 super
1442 2832 1593 2939 justicia
1611 2833 1685 2911 alta
1705 2852 1743 2930 et

318 2961 426 3040 bassa
438 2961 479 3038 iu
492 2960 603 3040 dictis
615 2960 793 3040 domibus
807 2979 846 3040 et
858 2962 898 3040 in
910 2953 1114 3040 totofeodo
1128 2962 1475 3055 Sancti-Vincencii,
1491 2980 1528 3040 et
1540 2966 1744 3072 superqui-

318 3089 477 3170 busdam
489 3090 638 3200 injuriis
648 3091 748 3196 dicto
760 3091 878 3201 priori
890 3110 930 3170 et
941 3093 1019 3171 suis
1030 3093 1208 3202 gentibus
1217 3121 1286 3200 per
1299 3112 1430 3202 gentes
1445 3094 1535 3172 dicti
1549 3095 1742 3175 domicelli

319 3240 367 3336 ut
377 3222 583 3313 dicebatur,
600 3222 728 3316 illatis,
744 3225 834 3302 certi
849 3223 1112 3316 commissarii,
1126 3225 1262 3304 virtute
1280 3224 1490 3304 litterarum
1508 3242 1740 3318 nostrarum,

182 3391 190 3402 ·
289 3355 495 3434 0aballiv0
512 3358 727 3435 Turonensi
748 3385 864 3464 super
887 3359 961 3436 hoc
985 3358 1170 3463 deputati,
1192 3357 1233 3434 in
1258 3359 1449 3464 premissis
1473 3357 1739 3464 procedentes,

320 3514 389 3593 per
406 3515 473 3566 eos
491 3489 640 3596 cognito
655 3515 727 3566 nos
748 3506 787 3566 et
805 3488 926 3567 dictos
945 3487 1141 3596 religiosos
1161 3515 1241 3568 esse
1259 3489 1298 3564 in
1319 3488 1450 3564 saisina
1468 3489 1581 3594 garde
1599 3489 1741 3594 priora·

318 3635 379 3697 tus
400 3617 586 3724 predicti,
613 3617 834 3727 dictumque
852 3618 1021 3727 priorem
1050 3618 1169 3696 dictas
1193 3643 1322 3696 cruces
1343 3619 1385 3694 in
1410 3617 1520 3695 dictis
1542 3617 1737 3710 domibus,

318 3750 416 3827 sicut
434 3749 658 3854 premissum
682 3766 758 3839 est,
783 3752 922 3857 positas
940 3766 1070 3828 tenere
1091 3767 1130 3828 et
1151 3751 1335 3842 tenuisse,
1364 3765 1401 3826 et
1428 3775 1490 3826 eas
1508 3777 1579 3854 per
1595 3749 1739 3827 dictum

320 3861 565 3959 domicellum
583 3881 768 3960 violenter
787 3898 825 3959 et
843 3882 982 3991 injuste
1007 3899 1151 3960 amotas
1173 3879 1309 3970 fauisse,
1331 3879 1545 3986 dictunque
1569 3878 1682 3958 altam
1702 3895 1741 3958 et

317 4010 463 4089 bassam
468 4010 658 4119 justiciam
670 4011 840 4090 locorum
854 4013 1110 4120 predictorum
1124 4039 1204 4091 esse
1219 4010 1494 4089 contenciosam
1506 4011 1606 4088 inter
1616 4027 1740 4118 partes

318 4141 522 4249 predictas,
540 4141 657 4221 dictas
676 4171 804 4220 cruces
824 4169 938 4250 super
949 4142 1066 4220 dictas
1084 4142 1218 4219 domos
1235 4140 1370 4247 reponi
1384 4140 1572 4229 secemnt,
1590 4139 1740 4218 dictam·
1763 4143 1767 4152 ’

318 4299 394 4380 que
408 4272 599 4381 justiciam
620 4274 669 4351 ad
688 4301 843 4351 manum
862 4290 1045 4361 nostram,
1067 4290 1247 4379 tanquam
1264 4270 1488 4378 superioris,
1503 4287 1657 4377 propter
1675 4271 1743 4348 de·

317 4402 448 4481 batum
458 4404 642 4514 parcium,
655 4417 881 4511 posuerunt,
896 4404 998 4481 diem
1009 4431 1135 4482 coram
1147 4402 1273 4494 nobis,
1285 4401 1461 4488 Parisius,
1475 4401 1522 4477 ad
1535 4398 1738 4506 parlamen-

318 4549 419 4623 tum,
440 4534 549 4614 dictis
567 4536 735 4644 partibus
754 4563 868 4643 super
883 4535 956 4612 hoc
972 4534 1219 4642 assignantes:
1241 4532 1349 4630 Dicto
1367 4531 1481 4641 igitur
1498 4557 1676 4636 processu
1690 4531 1739 4608 ad

319 4682 484 4744 nostram
497 4668 639 4746 curiam
658 4684 867 4774 reportato,
883 4665 964 4744 viso
980 4684 1019 4744 et
1030 4665 1233 4774 diligenter
1250 4663 1477 4751 examinato,
1496 4662 1598 4739 curia
1612 4677 1740 4742 nostra

319 4794 359 4871 id
375 4797 482 4903 quod
500 4825 570 4904 par
590 4799 710 4876 dictos
729 4797 1004 4878 commissarios
1022 4823 1138 4904 super
1157 4795 1230 4874 hiis
1248 4794 1387 4872 factum
1403 4792 1523 4871 extitit
1541 4819 1609 4899 per
1627 4821 1738 4872 suum
1840 4845 1853 4878 .

313 4923 504 5031 judicium
526 4926 760 5036 approbavit,
781 4944 819 5005 et
834 4927 1004 5035 precepit
1014 4925 1119 5033 quod
1134 4953 1248 5034 super
1263 4922 1410 5034 injuriis
1424 4921 1618 5032 predictis,
1632 4948 1741 4999 voca-

317 5055 368 5132 tis
390 5058 458 5162 qui
482 5057 624 5136 luerint
651 5059 846 5148 evocandi,
869 5057 1004 5136 veritas
1023 5055 1236 5166 inquiratru
1260 5075 1299 5135 et
1318 5053 1503 5136 referatur
1522 5081 1592 5161 per
1618 5067 1739 5130 certos

1564 5228 1612 5291 29·
