4450 6209
501 746 575 819 386
1085 746 1174 821 LES
1204 746 1344 821 OLIM.

273 894 462 961 rnnrmttt,
499 886 648 965 comitis
669 905 707 965 et
724 888 833 994 culpa
854 866 1024 996 ejusdam
1046 887 1267 967 hominibus
1288 891 1425 969 nocuis
1443 887 1764 968 commorantibus
1784 890 1824 965 in
1843 891 1922 969 baa-

333 987 397 1033 ¹⁸⁰⁹'
498 1016 590 1095 tidie
604 1020 742 1097 nostrie
756 1020 804 1097 da
820 1020 1148 1099 BeboMarcbaaio
1156 1036 1199 1099 at
1213 1020 1475 1112 deMarciacm
1491 1038 1529 1099 ct
1541 1021 1631 1129 quia
1641 1021 1839 1100 inventum
1853 1041 1919 1113 est.

499 1178 567 1257 per
587 1150 799 1257 inquestam
820 1151 908 1227 inda
929 1150 1081 1241 factam,
1102 1171 1234 1260 gentes
1254 1153 1345 1231 dicti
1361 1154 1512 1233 comitia
1529 1153 1639 1242 Furi,
1661 1152 1773 1259 culpa-
1790 1154 1918 1259 ipsius,

499 1282 538 1357 in
554 1298 699 1359 tantum
714 1280 997 1389 dampnificassc
1013 1284 1189 1363 homines
1200 1285 1373 1363 villarum
1388 1285 1661 1391 predictarum
1677 1313 1752 1392 quc
1766 1286 1920 1391 pecunia

499 1413 748 1493 distribuetur
762 1416 861 1492 inter
877 1415 997 1493 dictos
1013 1415 1204 1526 bominac,
1222 1418 1384 1523 dampna
1398 1446 1540 1523 pasena,
1554 1416 1659 1522 juxta
1676 1416 1918 1523 quantitatem

497 1544 651 1652 dampni
672 1545 875 1654 cujuslibet
895 1547 1129 1625 eorumdem.
1151 1550 1261 1639 itam,
1282 1547 1370 1655 quin
1390 1549 1429 1627 in
1447 1548 1559 1627 dicus
1575 1546 1674 1627 villis
1688 1576 1757 1654 per
1772 1548 1917 1627 easdam

496 1694 626 1785 gentes
641 1694 805 1785 quatuor
821 1678 995 1755 homiues
1012 1679 1169 1757 suerunt
1187 1679 1299 1758 occini
1320 1698 1363 1757 et
1376 1678 1527 1788 bajulus
1547 1695 1676 1757 noster
1689 1679 1916 1771 vulneratus,

497 1807 786 1915 condempnavit
812 1807 913 1885 curia
939 1826 1065 1887 nostra
1090 1810 1234 1889 dictum
1259 1813 1436 1889 comitem
1456 1811 1550 1888 Furi
1573 1810 1621 1887 ad
1641 1810 1917 1889 emendandum

496 1938 626 2017 liberis
648 1940 704 2017 val
724 1940 806 2017 aliis
824 1940 1117 2047 proximioribus
1134 1941 1341 2021 heredibus
1361 1943 1558 2021 dictorum.
1570 1942 1780 2019 occisorum
1795 1946 1861 2051 qui
1876 1944 1918 2021 li·

495 2069 613 2153 beroa
627 2096 702 2149 non
721 2071 911 2151 babebant
925 2071 974 2149 ad
990 2074 1274 2152 extimacionem
1291 2102 1491 2183 operarum
1506 2074 1719 2154 suturarum
1733 2072 1914 2185 dictorum

496 2202 722 2296 occisorum,
744 2220 930 2310 quantum
948 2204 1040 2282 boni
1055 2204 1122 2283 viri
1143 2233 1211 2313 par
1229 2234 1300 2284 nos
1318 2205 1526 2312 deputandi
1544 2206 1592 2285 ad
1608 2204 1817 2283 taciendam
1836 2236 1914 2284 cae-

495 2334 691 2413 cucionem
713 2334 930 2441 hujusmodi
943 2335 1102 2443 judicati
1121 2337 1393 2428 animaverint,
1405 2337 1512 2445 juxta
1528 2337 1790 2416 condicionem
1806 2355 1844 2415 et
1859 2368 1915 2415 ar-

492 2463 652 2543 tificium
670 2465 871 2575 cujuslibet
892 2467 1023 2560 occisi,‚
1042 2486 1080 2547 ct
1099 2468 1228 2547 habita
1242 2471 1392 2547 racione
1413 2470 1522 2546 etatis
1538 2468 1760 2577 cujuslibet,
1778 2486 1818 2547 et
1830 2498 1915 2548 con·

493 2597 665 2675 sideratis
680 2598 761 2675 aliis
781 2625 854 2705 que
870 2599 918 2677 dc
928 2599 1015 2707 jure
1030 2600 1170 2706 scripto
1184 2600 1224 2677 ia
1238 2600 1376 2679 talibus
1393 2600 1533 2677 dabant
1548 2599 1788 2678 considerari.
1806 2601 1912 2690 Item,

492 2730 594 2808 curia
621 2748 747 2807 nostra
775 2730 1064 2837 condempnavit
1091 2733 1235 2811 dictum
1262 2733 1440 2811 comitem
1464 2734 1574 2821 Furi,
1595 2732 1767 2839 predicto
1791 2733 1914 2841 bajulo

492 2879 640 2952 nostro,
663 2862 730 2968 qui
755 2862 833 2939 suit·
851 2862 1072 2941 verberatur
1087 2880 1125 2941 at
1146 2862 1364 2946 vulneratus
1381 2887 1449 2971 par
1468 2865 1736 2973 dictaageutas
1753 2892 1856 2954 cuns,
1877 2866 1913 2943 in

493 3009 642 3074 centnm
658 2992 764 3071 libris
778 2994 1085 3088 Turonensibua‚
1101 2996 1358 3101 praemanda.
1374 2998 1485 3087 Item,
1501 3024 1570 3103 pro
1585 2994 1761 3073 facienda
1774 2997 1914 3075 ibidem

491 3122 530 3200 in
552 3121 721 3230 qualibet
742 3124 926 3201 dictamum
946 3124 1121 3203 villarum
1137 3154 1213 3203 una
1229 3126 1386 3233 capella,
1404 3126 1469 3216 ubi
1492 3126 1617 3204 divina
1636 3126 1911 3233 imperpetuum

489 3283 559 3361 pro
584 3254 780 3333 animabus
803 3254 1012 3333 occisorum
1035 3257 1159 3335 officia
1180 3258 1430 3351 celebrentur,
1454 3259 1492 3336 in
1513 3256 1798 3366 quadringentis
1810 3258 1912 3337 tibris

490 3387 769 3465 Turonensinrn
795 3388 1002 3479 bonorum,
1027 3418 1096 3495 pro
1117 3389 1286 3496 qualibet
1309 3390 1462 3496 capella«
1482 3392 1592 3481 Item,
1613 3417 1684 3497 pro
1702 3418 1778 3466 una
1797 3390 1912 3496 capei-

489 3518 603 3609 lania,
625 3520 664 3596 in
690 3519 860 3628 qualibet
881 3520 1063 3597 dictarum
1088 3522 1260 3599 villarum
1280 3523 1500 3631 assignanda
1518 3552 1588 3629 pro
1607 3550 1689 3601 una
1706 3521 1909 3629 capellano,

489 3652 554 3759 qui
579 3674 648 3757 pro
661 3652 866 3731 'animabus
889 3653 1149 3760 predictorum
1168 3656 1378 3733 occisorum
1398 3672 1584 3762 perpetuo
1602 3656 1642 3731 in
1663 3653 1834 3762 qualibet
1855 3683 1912 3732 cau

488 3782 587 3887 polla
610 3782 748 3861 debeat
768 3783 974 3871 celebrare,
997 3801 1036 3863 et
1054 3786 1120 3891 qui
1140 3815 1209 3892 per
1228 3814 1298 3865 nna
1318 3804 1357 3865 et
1379 3804 1613 3865 successores
1632 3803 1779 3864 nostros
1798 3787 1911 3892 possit

489 3928 527 3989 ct
546 3912 683 3992 debeat
702 3915 981 4021 imperpetuum
1006 3918 1230 4021 presentari,
1248 3919 1538 4025 condempnavit
1556 3918 1659 3995 curia
1678 3933 1806 3995 nostra
1820 3944 1910 3995 enn-

488 4044 577 4123 dom
605 4046 782 4123 comitam
813 4046 904 4125 Furi
934 4047 973 4126 in
998 4048 1256 4160 quadragintis
1279 4051 1388 4129 libris
1415 4051 1697 4132 Turonensium
1723 4050 1909 4127 bonorum

487 4177 601 4253 annui
620 4178 789 4257 redditus
811 4196 848 4257 at
867 4178 1015 4267 inlunis
1032 4181 1341 4267 convenientibus
1360 4182 1585 4273 occidendis,
1606 4182 1784 4261 videlicet
1802 4182 1842 4257 in
1860 4182 1910 4256 vi-

384 4362 390 4376 .
485 4307 577 4416 giuti
603 4308 710 4388 libris
734 4311 850 4388 annui
870 4310 1043 4390 redditus
1056 4343 1132 4419 pro
1152 4316 1326 4420 quolibet
1342 4313 1548 4421 capellano.
1575 4316 1686 4403 Item,
1708 4310 1909 4419 condemp-

485 4440 586 4520 navit
605 4442 707 4519 curia
727 4458 852 4520 nostra
871 4442 1037 4521 eundern
1059 4446 1237 4523 comitem
1256 4446 1350 4525 Furi
1372 4445 1419 4523 ad
1441 4446 1643 4524 emendam
1660 4445 1907 4550 dampnorum
1927 4480 1932 4485 ·

484 4558 561 4677 qna
571 4572 666 4678 passi
684 4572 836 4652 suerunt
851 4552 1024 4651 homines
1039 4574 1087 4653 de
1102 4577 1266 4669 Ser-rata,
1281 4603 1356 4683 que
1371 4574 1459 4653 villa
1472 4575 1545 4654 suit
1557 4606 1626 4683 par
1640 4577 1786 4655 dictum
1801 4575 1908 4653 comi·

482 4716 561 4779 tem
584 4704 675 4781 Furi
699 4723 737 4782 et
758 4721 888 4814 gentas
904 4734 989 4784 suaa
1012 4706 1202 4789 hostiliter
1222 4709 1362 4796 invasa,
1385 4725 1506 4814 capta,
1529 4708 1720 4796 destructa
1734 4706 1821 4813 igne
1843 4706 1907 4782 im·

482 4832 613 4921 misso,
633 4853 670 4912 et
684 4838 930 4947 quadraginta
947 4856 984 4918 ct
998 4839 1142 4945 plures,
1159 4859 1238 4922 tam
1251 4840 1441 4933 homines,
1456 4869 1571 4947 quam
1587 4839 1783 4926 mulier-ca,
1796 4864 1904 4946 quam

482 4962 642 5045 infantes
667 4967 811 5045 ibidem
838 4969 969 5062 occiai3
991 5002 1066 5079 qua
1092 4972 1273 5080 dampna,
1294 4972 1381 5080 qnia
1401 5000 1469 5078 par
1488 4974 1700 5079 inqucatam
1724 4972 1814 5052 inde
1837 4970 1904 5048 iac·

480 5110 557 5173 tarn
577 5097 772 5176 ardmacio
793 5118 892 5179 certa
912 5130 990 5180 non
1008 5106 1207 5211 reperitur,
1226 5104 1506 5186 exambunvur
1524 5132 1592 5213 par
1608 5118 1828 5189 executores
1846 5128 1903 5179 au·
