4450 6209
770 729 1037 838 suounrns
1062 748 1125 821 nr
1151 729 1357 821 pauens.
1703 748 1776 821 oea

358 891 447 968 dicti
468 889 695 970 Guillelmus
715 907 752 967 et
770 889 912 968 Aelidis
923 891 1119 1000 conjuges,
1132 905 1272 1002 stantes
1291 889 1331 966 in
1351 883 1463 996 plena
1482 887 1654 982 sanitate,
1674 888 1778 968 bono
1817 896 2002 962 Pfflumlv.

356 1040 516 1102 sensuet
532 1022 634 1102 bona
651 1021 846 1111 memoria,
863 1022 988 1128 primo
1004 1021 1143 1128 provisi
1156 1050 1270 1129 super
1289 1021 1378 1111 hoc,
1399 1019 1606 1128 predictam
1623 1018 1780 1098 domum
1880 987 1945 1031 Μ’

358 1183 445 1232 eum
456 1153 696 1262 pertinenciis
708 1154 801 1244 suis,
819 1181 863 1230 ex
874 1181 945 1233 suo
956 1152 1114 1261 proprio
1122 1168 1331 1260 conquestu
1342 1151 1525 1241 habitam,
1539 1150 1777 1241 donaverant,

327 1347 329 1351 2
359 1285 567 1364 donacione
583 1285 676 1364 facta
696 1285 794 1362 inter
812 1285 931 1377 vivos,
947 1285 1117 1392 predicto
1129 1285 1258 1374 Petro,
1280 1283 1361 1363 filio
1380 1311 1466 1376 suo,
1483 1282 1523 1360 in
1543 1283 1781 1389 maritagium

358 1432 397 1493 et
416 1416 595 1495 auxilium
611 1415 670 1494 sui
689 1416 872 1526 maritagii
888 1433 981 1493 tunc
993 1414 1171 1507 laciendi3
1188 1415 1294 1523 quod
1308 1413 1608 1503 matrimonium,
1627 1430 1782 1520 propter

358 1548 566 1654 predictam
577 1548 840 1636 donacionem,
853 1545 975 1624 fuerat
984 1547 1251 1653 subsequtum‚
1265 1563 1303 1622 et
1312 1573 1357 1622 ex
1367 1561 1460 1621 tunc
1467 1543 1734 1622 transtulerant
1742 1547 1781 1622 in

357 1678 458 1786 ipsos
469 1681 622 1758 Petrum
637 1696 676 1758 et
687 1679 896 1758 Johannam
910 1679 1035 1756 omnia
1049 1678 1136 1786 jura
1148 1695 1189 1756 et
1198 1677 1368 1756 acciones
1378 1675 1500 1755 reales
1514 1692 1553 1753 et
1566 1675 1781 1782 personales

356 1807 427 1884 sibi
448 1827 703 1917 competentes
727 1810 767 1886 in
784 1811 978 1917 predictis,
995 1827 1112 1918 prout
1135 1809 1174 1885 in
1197 1808 1459 1886 instrumentis
1472 1834 1586 1915 super
1602 1807 1675 1886 hoo
1694 1836 1782 1886 con·

348 1937 463 2017 ‘lectis
482 1940 632 2047 plenius
657 1941 890 2032 continetur3
914 1939 1118 2047 pluresque
1142 1938 1232 2017 alias
1256 1940 1426 2017 raciones
1444 1937 1681 2046 proponebat
1697 1969 1782 2046 pars

356 2071 542 2175 predicta,
565 2099 681 2178 quare
702 2070 851 2148 dicebat
872 2071 1063 2177 proposita
1086 2098 1131 2148 ex
1154 2070 1310 2148 adverso
1329 2069 1413 2146 fieri
1432 2097 1511 2146 non
1532 2068 1693 2160 debere,
1715 2073 1780 2177 q'ui

355 2203 585 2308 prepositus,
601 2201 741 2310 auditis
752 2200 967 2279 rationibus
986 2199 1033 2276 ab
1048 2217 1208 2307 utraque
1219 2217 1327 2306 'parte
1342 2199 1562 2306 propositis,
1584 2228 1780 2306 persuum

353 2332 556 2438 judicium,
572 2331 731 2410 absolvit
744 2330 1155 2439 predictos‘lohannem
1170 2330 1350 2408 Chacerat
1360 2346 1399 2407 et
1411 2329 1634 2420 Johannam,
1651 2359 1781 2436 garan-

355 2463 557 2540 tisatrieem
576 2463 710 2569 ipsius,
735 2462 782 2539 ab
797 2449 1038 2567 impetidlone
1054 2459 1224 2565 predicta
1242 2459 1432 2540 dictorum
1454 2475 1641 2548 actorum,
1656 2461 1780 2538 nomi-

356 2593 469 2672 nibus
485 2594 626 2701 quibus
644 2621 776 2699 supra3
800 2620 914 2698 aquo
926 2590 1109 2698 judicato,
1127 2606 1321 2697 tamquam
1340 2589 1434 2668 salso
1450 2607 1490 2668 et
1507 2617 1638 2697 pravo,
1658 2591 1781 2672 dictus

356 2726 503 2818 Petrus,
522 2724 742 2802 nominibus
757 2723 896 2830 quibus
909 2750 1037 2828 supra,
1059 2720 1108 2798 ad
1130 2738 1295 2798 nostram
1310 2721 1452 2798 curiam
1471 2717 1684 2827 appellavit:
1706 2722 1781 2801 Au-

357 2854 446 2931 ditis
461 2854 574 2962 igitur
585 2855 694 2933 dictis
709 2852 879 2961 partibus
894 2852 934 2930 in
956 2880 1064 2931 eausa
1077 2851 1344 2959 appellacionis
1357 2851 1525 2958 predicte
1545 2867 1584 2927 et
1601 2852 1680 2932 viso
1694 2883 1781 2960 pro·

356 3012 461 3063 cessu
484 2985 674 3091 predicto,
698 3012 766 3091 per
785 2983 975 3093 judicium
1001 2982 1104 3062 c'urie
1131 3000 1276 3073 nostre,
1304 2983 1448 3061 dictum
1472 2980 1545 3064 luit
1564 2983 1777 3094 predictum

355 3117 589 3223 prepositum
609 3117 709 3194 bene
724 3116 913 3224 judicasse
938 3131 977 3192 et
1000 3114 1145 3192 dictum
1169 3116 1321 3193 Petrum
1348 3113 1397 3192 de
1422 3117 1630 3208 Pontisara,
1657 3118 1779 3197 nomi·

356 3247 620 3354 nibusquibus
632 3275 767 3353 supra,
782 3246 880 3324 male
891 3245 1111 3352 appellasse,
1129 3263 1168 3322 et
1180 3246 1286 3351 quod
1303 3245 1384 3351 ipse
1398 3246 1471 3324 boc
1489 3247 1720 3327 emendabit.

412 3377 576 3456 Sabbato
592 3392 678 3484 post
697 3375 886 3470 estivalem
905 3375 1042 3453 festum
1062 3375 1163 3452 beati
1183 3375 1350 3453 Martini.
1409 3417 1418 3432 ·

412 3510 464 3588 M.
481 3508 694 3615 Stephanus
710 3507 758 3584 de
774 3506 955 3584 Housseia
970 3506 1186 3615 reportavit.

410 3775 501 3854 LVl.
524 3777 626 3856 Mota
643 3775 721 3867 lite,
739 3779 862 3855 coram
877 3778 1068 3883 preposito
1082 3775 1296 3866 Parisiensi,
1310 3775 1411 3854 inter
1425 3779 1580 3856 Petrum
1595 3779 1643 3856 de
1657 3780 1779 3856 Ponti-

354 3937 433 3986 sara
445 3908 745 3997 etLaurenciam,
763 3910 843 4016 ejus
857 3935 1025 3996 uxorem,
1041 3935 1110 4014 pro
1121 3935 1160 3985 se
1175 3923 1214 3984 et
1223 3908 1368 3986 dictum
1382 3909 1549 3999 Petrum,
1566 3927 1777 3988 curatorem

355 4040 485 4117 datum
502 4036 629 4115 liberis
649 4038 813 4144 magistri
830 4036 1025 4115 Guillelmi
1045 4037 1182 4116 Juliani
1202 4038 1415 4117 minoribus
1427 4041 1552 4130 annis,
1569 4057 1724 4130 actores,
1738 4040 1778 4118 in

355 4185 537 4276 quantum
551 4167 671 4275 tangit
689 4164 900 4275 quemlibet
915 4194 1064 4256 eorum,
1086 4195 1130 4244 ex
1146 4197 1222 4245 una
1240 4187 1358 4274 parte,
1375 4186 1415 4247 et
1426 4170 1639 4278 Betbynum
1651 4171 1777 4250 Canti-

354 4299 463 4390 nelli,
481 4298 660 4387 militem,
681 4316 720 4376 et
734 4298 945 4375 Johannam
962 4297 1101 4374 dictam
1121 4297 1158 4374 la
1176 4296 1443 4390 Chasubliere‚
1460 4302 1777 4407 garantisatricem

354 4431 470 4539 ipsius
488 4429 636 4519 militis,
651 4428 884 4518 defensores,
900 4457 945 4506 ex
963 4429 1093 4519 altera,
1109 4456 1223 4535 super
1240 4456 1286 4508 eo
1301 4429 1407 4536 quod
1426 4430 1516 4509 dicti
1534 4446 1693 4521 actores,
1710 4460 1778 4511 no-

353 4562 455 4640 mine
463 4589 541 4669 quo
554 4589 680 4668 supra,
693 4560 968 4668 proponebant,
981 4587 1107 4638 coram
1118 4559 1288 4668 predicto
1298 4561 1503 4667 preposito,
1515 4578 1645 4640 contra
1656 4560 1777 4643 dictos

354 4692 588 4782 defensores,
608 4692 714 4800 quod
737 4691 935 4770 defunctus
954 4689 1185 4770 Guillelmus
1204 4690 1408 4769 Normanni
1430 4690 1571 4801 junior,
1599 4707 1637 4770 et
1656 4692 1776 4773 Geno-

352 4823 442 4914 vela,
465 4824 657 4928 quondam
674 4852 769 4904 uxor
787 4823 878 4901 dicti
896 4821 1062 4930 magistri
1084 4819 1281 4900 Guillelmi
1300 4819 1457 4914 Juliani,
1478 4821 1627 4902 firmant
1644 4823 1777 4904 fratres

354 4972 392 5032 et
420 4981 567 5034 sorores
596 4984 637 5034 ac
665 4954 776 5033 liberi
796 4953 989 5035 Guillelmi
1010 4952 1215 5031 Normanni
1236 4952 1413 5046 senioris,
1433 4955 1617 5060 procreati
1638 4984 1682 5034 ex
1698 4957 1775 5034 Ho—

356 5083 503 5176 deardi,
530 5085 650 5192 prima
672 5115 788 5166 uxore
812 5085 900 5163 dicti
922 5083 1135 5174 Guillelmi,
1163 5102 1202 5163 et
1226 5113 1270 5162 ex
1285 5083 1468 5164 ⁴defuncta
1490 5085 1630 5175 Aelidi,
1654 5102 1774 5176 matre
