4450 6209
798 686 1380 795 quua'rnsavraocvts.
1580 653 1591 678 ’
1729 710 1800 779 709

438 845 561 923 LXXI.
584 845 696 933 Cum,
713 873 756 922 ex
773 863 878 952 parte
895 847 1147 952 procuratoris
1165 847 1283 924 nostri
1299 844 1804 953 senescalliePetragoricen·
1841 857 1972 910 samm
1986 857 2028 920 tv,

382 975 447 1066 sis,
459 974 568 1054 nobis
578 974 710 1052 luisset
722 974 971 1084 significatum
983 977 1103 1084 quod,
1117 1006 1204 1054 cum
1214 979 1346 1054 Petrus
1355 976 1562 1054 Barraherii
1577 995 1672 1054 esset
1685 978 1724 1052 in
1734 979 1804 1054 sai-
1903 949 1966 990 Μ’

381 1107 458 1184 sina
473 1106 629 1184 ecclesie
641 1106 906 1186 Sancti-Silani
919 1107 1247 1216 Petragcricensis,
1264 1125 1366 1184 certo
1381 1107 1564 1185 serviente
1578 1108 1625 1184 ad
1639 1107 1804 1215 gardian·

382 1238 473 1316 dum
496 1237 620 1343 ipsum
640 1237 679 1314 in
699 1265 766 1314 sua
783 1237 916 1316 saisina
943 1267 982 1314 cr
1005 1256 1109 1344 parte
1126 1256 1250 1317 nostra
1271 1239 1451 1345 deputato
1472 1237 1615 1327 eidem,
1633 1255 1672 1315 et
1695 1239 1803 1315 sicin

382 1368 480 1446 dicta
493 1367 627 1446 saisina
641 1368 758 1475 ipsius
772 1368 927 1446 ccclesia
948 1386 985 1448 et
999 1370 1038 1446 in
1054 1369 1168 1476 garda
1180 1388 1307 1448 nostra
1318 1368 1485 1476 predicta
1496 1397 1565 1476 per
1578 1369 1674 1448 duos
1685 1397 1804 1447 annos

381 1499 578 1576 continuos
597 1498 729 1576 suisset
752 1499 1006 1607 Taleyrandus
1025 1501 1073 1580 de
1103 1500 1423 1590 Sancto-Asterio,
1446 1500 1580 1609 Helyas
1600 1500 1647 1578 de
1667 1504 1802 1590 Bosco,

380 1630 515 1736 Helyas
535 1629 582 1706 de
601 1629 827 1736 Blanqueto,
847 1631 979 1708 Petrus
1000 1633 1046 1710 de
1066 1633 1211 1723 Barrio,
1233 1634 1365 1710 Petrus
1383 1632 1556 1724 Bruneti,
1578 1633 1805 1710 Bertrandus

381 1760 427 1836 de
448 1760 724 1848 Claro-Monte,
739 1760 873 1868 Helyas
894 1762 941 1838 de
956 1761 1123 1870 Capella,
1137 1762 1319 1840 Girardus
1335 1762 1383 1840 de
1399 1761 1649 1851 Armanhaco,
1667 1763 1805 1868 Ayme·

380 1892 478 1969 ricus
503 1892 550 1968 de
571 1892 713 1979 Turre,
737 1889 865 1970 Guido
889 1909 926 1968 et
944 1891 1133 1970 Arnaldus
1157 1893 1207 1970 de
1223 1892 1434 1981 Lavisvilla,
1457 1893 1625 1970 canonici
1648 1893 1803 1971 ecclesie

380 2020 726 2099 Sancti-Frontonis
749 2019 1078 2128 Petrag'oricensis,
1098 2050 1279 2100 unacum
1303 2022 1529 2128 quibusdam
1550 2022 1627 2100 suis
1646 2024 1805 2129 compli—

381 2153 501 2242 cibus,
523 2169 599 2228 tam
618 2151 719 2230 laicis
739 2181 852 2259 quam
873 2152 972 2242 aliis,
995 2153 1132 2230 dictam
1152 2154 1305 2260 gardam
1325 2171 1492 2231 nostram
1511 2152 1717 2261 frangendo
1732 2154 1804 2230 vio·

380 2284 502 2360 lenter
516 2302 554 2360 et
569 2312 656 2360 cum
672 2284 800 2374 armis,
819 2283 956 2361 dictam
970 2283 1165 2362 ecclesiam
1178 2283 1385 2392 fregerunt,
1401 2285 1631 2361 intravemnt
1646 2301 1684 2361 et
1699 2312 1804 2361 occu-

379 2431 531 2521 parunt,
550 2432 588 2492 et
611 2414 785 2491 vicariurn
807 2415 896 2492 dicti
916 2415 1016 2492 Petri
1032 2414 1242 2493 Barraherii
1257 2414 1304 2492 ab
1327 2443 1369 2492 ea
1388 2413 1572 2492 violenter
1594 2415 1800 2522 ejecerunt,

379 2546 418 2622 in
439 2546 539 2623 dicte
554 2545 668 2652 garde
689 2562 817 2624 nostre
836 2547 1092 2654 prejudicium
1113 2564 1151 2624 et
1170 2545 1260 2623 dicti
1279 2545 1378 2622 Petri
1399 2544 1605 2652 dampnum
1626 2572 1703 2622 non
1722 2573 1804 2622 mo-

379 2677 505 2754 dicum
527 2694 565 2754 et
584 2705 798 2782 gravamen;
819 2705 932 2782 super
946 2677 1085 2783 quibus
1102 2676 1377 2768 mandavimus,
1391 2676 1530 2754 vocatis
1544 2675 1728 2782 partibus,
1746 2676 1802 2752 in·

378 2806 580 2912 quiricum
602 2807 800 2914 diligencia
820 2807 1035 2885 veritatem:
1053 2810 1227 2914 lnquesta
1242 2808 1357 2915 igitur
1369 2833 1483 2913 super
1496 2806 1571 2886 hoc
1588 2805 1682 2884 lacta
1703 2823 1739 2884 et
1755 2806 1803 2882 ad

373 2936 620 3045 judicandum
637 2937 739 3015 curie
752 2953 879 3015 nostre
892 2954 1097 3044 reportata,
1113 2938 1189 3015 visa
1206 2955 1244 3016 et
1261 2936 1462 3044 diligenter
1476 2937 1697 3026 examinata,
1714 2966 1802 3012 cum

377 3097 547 3175 peream
572 3068 675 3144 curie
699 3084 824 3146 nostre
845 3069 1054 3146 constiterit
1073 3068 1121 3145 de
1141 3068 1275 3145 saisina
1302 3085 1339 3145 et
1362 3067 1475 3174 garda
1501 3065 1695 3173 predictis,
1716 3094 1803 3143 nec-

380 3227 455 3275 non
471 3197 729 3287 defractione,
747 3199 1011 3304 occupacione,
1028 3198 1209 3305 ejectione
1226 3216 1264 3275 et
1272 3197 1463 3276 violenciis
1478 3197 1718 3304 supradictis,
1732 3225 1801 3303 per

378 3329 480 3405 curie
501 3345 627 3404 nostre
642 3327 848 3435 judicium,
871 3328 1015 3405 dictum
1033 3326 1105 3405 fuit
1121 3329 1226 3434 quod
1247 3329 1370 3405 dictus
1388 3328 1519 3405 Petms
1532 3326 1740 3404 Barraherii
1761 3328 1801 3402 in

378 3459 511 3536 saisina
538 3457 636 3535 dicte
662 3458 836 3546 ecclesie,
863 3459 998 3566 inqua
1023 3459 1102 3565 ipse
1129 3473 1207 3537 erat
1230 3458 1277 3536 de
1302 3457 1415 3548 sacto,
1443 3475 1648 3564 reponetur
1671 3458 1711 3533 in
1737 3486 1802 3534 eo-

378 3590 465 3667 dem
480 3605 579 3667 statu
595 3588 634 3665 in
650 3615 726 3695 quo
740 3590 818 3695 ipse
836 3606 927 3680 erat,
942 3607 1113 3695 tempore
1128 3588 1396 3668 violenciarum
1408 3589 1678 3696 predictarum,
1695 3588 1802 3666 resti-

377 3737 606 3826 tuenturque
628 3717 698 3795 sibi
718 3748 737 3795 a
757 3718 866 3795 dictis
885 3719 1118 3796 invasoribus
1135 3718 1279 3796 fructus
1297 3748 1317 3795 a
1335 3719 1437 3797 dicto
1456 3735 1629 3824 tempore
1651 3716 1697 3792 de
1723 3718 1802 3823 ipsa

378 3849 532 3925 ecclesia
556 3848 740 3954 percepti,
763 3865 907 3926 etcum
932 3849 1004 3928 hoc
1028 3849 1221 3927 tenebitur
1243 3848 1283 3925 in
1306 3878 1422 3926 manu
1445 3865 1571 3927 nostra
1594 3846 1801 3954 temporale

378 3979 564 4055 dictorum
591 3977 858 4054 canonicorum
881 4007 1080 4086 quousque
1100 3981 1212 4057 nobis
1237 3979 1481 4057 satisfecerint
1505 3978 1553 4071 de
1573 3977 1676 4054 mille
1695 3977 1803 4054 libris

377 4107 663 4186 Turonensibus
686 4136 755 4214 pro
780 4108 957 4202 emenda,
983 4107 1081 4185 salvo
1105 4109 1195 4186 alias
1219 4109 1373 4214 insuper
1392 4110 1478 4215 jure
1506 4110 1692 4186 dictarum
1716 4137 1800 4213 par·

376 4241 489 4328 tium,
504 4256 583 4314 tam
603 4265 716 4345 super
732 4239 968 4344 possessione
986 4267 1099 4344 quam
1117 4267 1230 4344 super
1249 4240 1492 4346 proprietate,
1509 4239 1607 4316 dicte
1627 4236 1800 4326 ecclesie,

378 4397 445 4472 per
460 4385 738 4474 competentem
754 4368 924 4476 judicem
945 4368 1170 4446 decidendo.

434 4498 615 4588 Parisius,
636 4499 726 4576 lune
743 4515 830 4605 post
849 4499 1119 4608 Magdalenam.

433 4629 540 4708 Creci
553 4629 763 4735 reportavit.

432 4891 570 4966 LXXII.
601 4892 684 4968 Lite
710 4909 834 4981 mota,
862 4920 988 4970 coram
1018 4892 1209 4999 preposito
1234 4891 1453 4980 Parisiensi,
1481 4889 1579 4967 inter
1604 4889 1800 4970 Gefrinum

376 5015 603 5108 Alemmani,
632 5038 870 5100 executorem
894 5023 1103 5106 litterarum
1127 5022 1386 5099 nundinarum
1411 5022 1631 5128 Campanie,
1662 5022 1700 5095 in
1721 5047 1801 5124 pre·
