4450 6209
745 725 1013 835 ssoutrrs
1040 747 1104 821 ur
1131 727 1335 822 rsocss.
1677 749 1749 818 ora

334 887 405 968 mis
418 885 597 964 uxoribus
619 886 821 964 successive
834 876 952 993 ipsius
966 888 1064 966 Petri
1085 890 1297 997 quondam,
1314 888 1488 966 videlicet
1509 888 1631 966 dictus
1644 887 1752 966 Guil-
1791 896 1920 949 ruscum
1934 898 1977 958 Ν,

332 1020 469 1096 lelmus
486 1016 629 1125 junior,
656 1045 700 1094 ex
722 1017 820 1094 dicta
847 1017 1040 1111 Oudarda‚
1064 1019 1184 1125 prima
1205 1047 1321 1097 uxore
1341 1019 1457 1124 ipsius
1477 1018 1691 1111 Guillelmi,
1717 1037 1754 1096 et
1853 988 1916 1030 Μ’

334 1150 429 1227 dicta
446 1147 649 1238 Genovesa,
668 1176 711 1225 ex
732 1147 830 1224 dictu
845 1147 1003 1255 Aelipsi,
1020 1178 1136 1228 uxore
1149 1149 1312 1228 secunda
1327 1149 1509 1256 ejusdem.
1524 1153 1635 1238 Item,
1650 1151 1754 1257 quod

335 1280 455 1357 dictus
470 1277 698 1358 Guillelmus
709 1277 840 1384 junior
853 1295 890 1358 et
904 1279 1002 1356 dicta
1017 1279 1224 1371 Genovcla,
1242 1297 1434 1385 tamquam
1456 1279 1630 1386 legittimi
1646 1279 1750 1356 bere·

334 1411 401 1488 des
418 1410 535 1516 ipsius
554 1407 752 1487 Guillelmi
770 1409 945 1499 senioris,
961 1410 999 1486 in
1019 1410 1132 1488 bonis
1146 1410 1263 1516 ipsius
1280 1409 1475 1489 Guillelmi
1496 1410 1702 1488 mobilibus
1718 1429 1755 1487 et

332 1539 593 1618 immobilibus
609 1539 733 1617 eidem
749 1558 1020 1630 successerunt,
1038 1569 1210 1619 unacum
1220 1517 1330 1618 Petro
1345 1540 1382 1617 le
1395 1543 1591 1632 Normant,
1608 1540 1688 1618 {ilio
1704 1543 1755 1646 ip

333 1672 411 1748 sius
425 1669 619 1748 Guillelmi
637 1669 795 1747 senioris
811 1687 850 1747 et
864 1671 961 1747 dicte
981 1670 1141 1759 Aelidis,
1159 1672 1324 1748 secunde
1338 1700 1406 1748 sue
1426 1672 1568 1762 uxoris,
1592 1689 1629 1749 et
1648 1674 1754 1778 quod

334 1800 618 1907 supervixerunt
636 1798 793 1905 predicti
810 1799 879 1876 lilii
898 1817 936 1877 et
954 1797 1031 1876 filia
1046 1800 1149 1876 dicto
1167 1799 1394 1888 Guillelmo,
1417 1801 1513 1907 patri
1536 1830 1617 1879 suo.
1639 1802 1751 1888 Item,

333 1932 436 2038 quod
455 1931 576 2008 dictus
595 1927 840 2020 Guillelmus,
861 1947 1031 2035 tempore
1052 1959 1130 2036 quo
1145 1931 1224 2036 ipse
1243 1930 1403 2021 vivebat,
1430 1948 1468 2008 et
1485 1949 1658 2038 tempore
1677 1961 1753 2038 quo

333 2063 410 2168 ipse
432 2061 607 2150 decessit,
626 2059 780 2137 tenebat
796 2077 834 2136 ct
852 2060 1082 2165 possidebat,
1105 2061 1153 2137 dc
1172 2060 1326 2167 proprio
1346 2080 1556 2168 conquestu
1575 2093 1661 2155 suo,
1681 2091 1754 2140 una

333 2221 418 2269 curn
446 2192 545 2270 dicta
569 2190 711 2277 Aulidi,
737 2191 901 2268 secunda
920 2219 1036 2269 uxore
1058 2220 1141 2282 sua,
1162 2191 1270 2297 plura
1288 2191 1387 2268 bona
1407 2194 1562 2271 mobilia
1577 2212 1615 2271 et
1631 2195 1754 2271 inmo-

332 2324 440 2414 bilia,
466 2340 502 2401 et
528 2321 736 2428 specialiter
754 2338 906 2401 centum
927 2322 1068 2400 solidos
1095 2323 1212 2398 annui
1237 2351 1372 2399 census
1398 2324 1438 2398 in
1463 2321 1641 2412 seudum,
1663 2326 1754 2402 sitos

333 2454 509 2543 Parisius,
535 2481 649 2558 super
675 2452 832 2528 domum
858 2452 947 2530 dicti
971 2451 1152 2529 lobannis
1175 2435 1365 2545 Qui-Pie,
1393 2453 1502 2530 sitam
1529 2455 1568 2531 in
1594 2455 1676 2532 vico
1706 2457 1753 2532 de

334 2583 579 2672 Tonnelaria‚
607 2599 645 2659 et
668 2582 788 2688 quod,
812 2599 961 2660 mortuo
987 2581 1088 2660 dicto
1113 2581 1315 2662 Guillelmo
1340 2584 1509 2673 seniore,
1538 2583 1634 2662 dicta
1654 2585 1754 2662 Aeli·

334 2716 407 2804 dis,
430 2744 525 2792 uxor
543 2742 626 2805 sua,
648 2740 690 2789 ex
707 2712 958 2791 convencione
975 2713 1100 2790 habita
1122 2713 1219 2790 inter
1240 2742 1323 2805 eos,
1341 2713 1435 2790 dum
1456 2716 1610 2807 viveret,
1631 2717 1753 2795 tenuit

334 2865 371 2923 et
394 2846 562 2952 possedit
585 2845 712 2923 omnia
737 2843 891 2922 mobilia
915 2861 953 2920 et
976 2860 1206 2949 conquestus
1228 2845 1432 2949 predictos,
1456 2845 1503 2922 de
1523 2846 1662 2956 quibus
1682 2847 1755 2924 lac-

333 2994 415 3052 tum
430 2975 502 3053 luit
516 2974 782 3064 inventarium,
799 2991 837 3050 et
850 2973 1058 3080 specialiter
1070 2973 1192 3051 dictos
1207 2992 1360 3051 centum
1378 2975 1518 3054 solidos
1535 2977 1652 3054 annui
1667 3006 1753 3054 cen-

333 3137 411 3199 sus,
431 3106 613 3213 quamdiu
628 3107 708 3212 ipsa
720 3106 824 3195 vixit,
846 3122 1030 3211 quantum
1043 3106 1091 3182 ad
1105 3104 1401 3182 usum-fructum
1417 3109 1702 3200 tautummodo,
1717 3127 1755 3219 ot

333 3239 451 3344 quod,
465 3239 513 3314 de
525 3237 766 3314 restituendis
782 3236 892 3313 dictis
903 3237 1027 3324 bonis,
1042 3236 1122 3341 ipsa
1134 3235 1243 3314 dedit
1252 3237 1480 3327 caucionem,
1497 3255 1534 3314 et
1545 3239 1755 3344 specialiter

334 3367 508 3474 obligavit
530 3383 683 3473 propter
702 3369 774 3445 boc
793 3366 971 3473 predictis
993 3367 1198 3444 heredibus
1222 3366 1350 3444 omnia
1368 3369 1467 3445 bona
1493 3396 1576 3457 sua,
1597 3367 1752 3447 mobilia

335 3516 372 3577 et
389 3498 595 3576 inmobilia.
618 3501 727 3586 Item,
749 3497 897 3575 dicebat
916 3497 1039 3574 dictus
1058 3500 1206 3585 Petrus,
1225 3497 1444 3576 nominibus
1463 3499 1602 3606 quibus
1624 3529 1751 3606 supra,

334 3631 439 3736 quod
460 3631 558 3707 dicta
577 3628 796 3717 Laurencia,
819 3657 913 3705 uxor
937 3656 1019 3716 sua,
1043 3644 1098 3706 est
1118 3645 1156 3704 et
1181 3627 1252 3704 luit
1275 3628 1459 3736 legittima
1487 3629 1563 3707 lilia
1587 3649 1625 3708 et
1644 3632 1755 3710 bores

334 3761 423 3837 dicti
443 3760 636 3839 Guillelmi
656 3758 861 3838 Normanui
876 3757 1055 3865 junioris,
1079 3775 1116 3834 et
1131 3757 1237 3863 quod
1256 3757 1346 3835 dicti
1368 3758 1533 3838 minores
1552 3779 1639 3838 sunt
1652 3763 1755 3869 legit-

333 3893 414 3968 timi
432 3893 500 3968 lilii
517 3908 556 3968 et
570 3891 729 3968 heredes
743 3893 839 3968 dicte
856 3889 1062 3982 Gencvcle,
1077 3889 1205 3967 matris
1220 3917 1303 3978 sue,
1318 3891 1444 3968 uxoris
1458 3893 1651 3998 quondam
1665 3893 1752 3970 dicti

335 4022 500 4127 magistri
520 4020 710 4100 Guillelmi
731 4020 883 4110 tuliani,
906 4037 943 4096 et
962 4022 1067 4126 quod
1087 4021 1185 4097 dicta
1200 4020 1339 4113 Aelidi,
1361 4041 1480 4100 matre
1499 4024 1615 4128 ipsius
1629 4023 1755 4104 Geno-

333 4153 429 4240 vele,
453 4168 492 4230 et
510 4179 666 4228 noverca
682 4151 797 4255 ipsius
818 4148 1011 4227 Guillelmi
1028 4151 1063 4226 le
1079 4152 1260 4228 Normant
1269 4153 1449 4259 junioris,
1470 4171 1634 4245 mortua,
1656 4156 1754 4234 dicta

332 4285 434 4363 bona
450 4299 489 4361 et
503 4298 747 4389 conquestus,
765 4297 803 4357 et
814 4279 1021 4387 specialiter
1033 4280 1124 4356 dicti
1139 4297 1291 4356 centum
1307 4283 1417 4358 solidi
1430 4264 1544 4359 annui
1562 4313 1694 4362 census
1705 4286 1754 4362 ad

336 4417 471 4495 dictam
490 4413 735 4492 Laurenciam
757 4428 796 4489 et
813 4411 933 4489 dictos
950 4411 1088 4488 liberos
1108 4409 1197 4486 dicti
1211 4411 1377 4516 magistri
1390 4411 1580 4490 Guillelmi
1596 4413 1617 4487 J
1621 4414 1751 4506 uliani,

204 4561 205 4564 ’
334 4563 516 4653 quantum
538 4543 587 4621 ad
606 4542 871 4650 proprietatem
888 4558 926 4618 et
939 4541 1231 4648 possessionem,
1246 4568 1291 4618 ex
1305 4512 1540 4621 successione
1556 4560 1753 4649 parentum

334 4705 509 4766 suorum,
528 4675 780 4764 obvenerunt,
801 4672 992 4764 videlicet,
1014 4688 1199 4778 quantum
1218 4672 1266 4748 ad
1285 4688 1429 4779 partem
1442 4673 1622 4764 mediam,
1641 4673 1753 4780 pleno

329 4808 434 4914 jure,
453 4824 505 4894 et,
522 4821 706 4911 quantum
720 4804 767 4882 ad
778 4803 888 4881 aliam
901 4802 1159 4891 medietatem,
1173 4803 1400 4882 remiserunt
1412 4803 1573 4894 eisdem,
1585 4833 1654 4912 pro
1667 4835 1755 4912 por-

335 4939 443 5015 cione
453 4935 652 5013 mobilium
667 4935 766 5040 ipsos
782 4936 1037 5040 contingente,
1054 4961 1094 5010 cr
1109 4933 1206 5013 lacto
1223 4936 1340 5041 ipsius
1350 4934 1490 5014 Aelidis
1500 4936 1649 5043 pignori
1663 4936 1755 5014 obli·

334 5085 428 5176 gata.
456 5069 566 5157 Item,
593 5064 696 5172 quod
727 5066 851 5146 dictus
871 5064 1060 5144 Jobannes
1083 5065 1256 5158 Qui-Pie
1280 5065 1433 5147 tenebat
1460 5085 1499 5146 et
1522 5068 1751 5174 possidebat,
