4450 6209
494 729 567 804 532
1077 727 1168 802 LES
1197 726 1336 802 OLIM.

268 877 397 932 rmum
411 877 453 941 Ν,
493 888 531 948 et
548 872 670 950 suerat
689 871 729 948 in
755 871 853 950 dicta
872 869 1007 950 saisina
1027 867 1130 948 solus
1155 869 1236 946 sine
1256 867 1346 959 alio,
1369 894 1490 976 usque
1516 867 1565 944 ad
1582 884 1735 975 tempus
1759 870 1921 978 impedi-

328 971 392 1015 1³1⁰.

492 1004 610 1081 menti
630 1030 745 1111 super
762 1004 836 1082 hoc
857 1002 983 1108 eidem
1009 1001 1169 1110 appositi
1193 1027 1262 1107 per
1286 1000 1488 1079 dominum
1516 1000 1792 1108 supradictum,
1817 1001 1918 1081 dicto

491 1135 646 1215 domino
662 1137 889 1214 contrarium
906 1151 1111 1224 asserente,
1129 1150 1183 1224 et,
1194 1149 1349 1241 propter
1362 1132 1540 1212 debatum
1549 1132 1718 1239 parcium
1732 1134 1918 1242 predicta-

489 1297 592 1362 rum,
611 1296 746 1346 manus
764 1284 891 1349 nostra
909 1284 1089 1375 tanquam
1112 1265 1317 1372 superioris
1342 1292 1457 1373 super
1479 1265 1554 1344 boc
1575 1265 1746 1373 apposita
1766 1265 1914 1356 firisset,

489 1399 715 1506 superdicto
731 1397 868 1480 debato
880 1397 1020 1506 inquiri
1035 1396 1310 1488 mandavimus,
1325 1426 1412 1475 cum
1427 1397 1641 1505 diligencia,
1656 1398 1866 1491 veritatem,
1881 1416 1918 1476 et

489 1531 700 1638 inquestam
714 1559 827 1638 super
845 1530 920 1608 boc
934 1528 1069 1608 saetam
1090 1527 1138 1606 ad
1159 1545 1325 1607 nostram
1343 1529 1484 1607 curiam
1509 1529 1717 1637 reportari:
1744 1531 1828 1626 Qua
1843 1531 1917 1610 visa

489 1679 526 1738 et
553 1661 753 1769 diligenter
777 1661 999 1751 examinata,
1028 1661 1117 1769 quia
1144 1678 1338 1767 repertum
1363 1659 1544 1769 estquod
1569 1659 1693 1740 dictus
1719 1661 1916 1769 episcopus

487 1791 622 1870 melius
637 1809 676 1870 et
688 1821 758 1901 per
773 1793 916 1899 expleta
933 1792 1133 1872 novissima
1146 1791 1355 1900 predictam
1369 1819 1478 1872 suam
1490 1791 1664 1871 saisinam
1677 1793 1913 1899 probaverat,

489 1923 743 2002 continuando
758 1951 840 2002 eam
855 1951 977 2030 usque
991 1921 1040 2000 ad
1051 1941 1202 2030 tempus
1214 1923 1254 2000 in
1265 1923 1363 2002 dicta
1375 1923 1491 2003 domo
1501 1924 1669 2030 apposite
1684 1953 1820 2004 manus
1833 1954 1917 2004 nos·

487 2071 560 2144 tre,
582 2082 651 2161 per
668 2071 794 2133 nostre
816 2053 917 2132 curie
934 2053 1144 2162 judicium,
1167 2053 1313 2133 dictum
1333 2054 1407 2133 fuit
1425 2053 1548 2162 qood,
1571 2054 1620 2133 de
1640 2053 1743 2134 dicto
1762 2055 1913 2145 debato,

487 2186 721 2264 amovebitur
740 2214 876 2264 manus
895 2201 1033 2276 nostra,
1057 2202 1095 2262 et
1109 2182 1215 2293 quod
1233 2185 1356 2264 dictus
1371 2185 1570 2294 episcopus
1588 2185 1629 2262 in
1642 2185 1777 2264 saisina
1793 2188 1916 2292 provi·

487 2318 604 2395 sionis
619 2335 656 2396 ot
671 2316 1010 2396 administracionis
1021 2315 1214 2396 bonorum
1230 2317 1500 2424 temporalium
1513 2316 1613 2395 dicte
1626 2315 1764 2396 domus
1778 2318 1917 2396 Sancti-

488 2449 611 2526 Lazari
626 2449 854 2540 remanebit,
872 2447 969 2526 salva
986 2476 1100 2556 super
1114 2447 1189 2525 boc
1203 2445 1305 2527 dicto
1321 2448 1479 2529 domino
1496 2448 1696 2556 questione
1710 2450 1917 2557 proprieta-

486 2579 552 2669 tis,
570 2597 608 2658 et
631 2580 670 2657 in
691 2579 771 2658 eliis
788 2577 1022 2687 quibuslibet
1032 2579 1120 2688 jure
1140 2605 1222 2658 suo.

540 2710 641 2812 Jovis
660 2727 745 2817 post
761 2708 871 2788 Oculi
887 2709 975 2787 mei.

543 2840 945 2920 Sanctus-benedictus
960 2842 1178 2948 reportavit.

541 3108 652 3184 XXX.
689 3107 807 3197 Cum,
842 3135 886 3186 ex
915 3126 1020 3215 parte
1045 3107 1191 3187 abbatis
1220 3125 1259 3188 et
1286 3126 1493 3189 conventus
1522 3111 1739 3189 monasterii
1773 3111 1916 3191 Sancti-

484 3237 864 3332 Quintini·in-1nsula,
885 3238 924 3316 in
945 3237 1058 3348 garda
1078 3257 1204 3318 nostra
1226 3239 1377 3348 speciali
1397 3240 1658 3333 existencium,
1684 3241 1816 3323 luisset
1835 3274 1916 3353 pro

481 3371 665 3476 positum,
684 3387 813 3450 contra
827 3370 1009 3479 majorem
1031 3389 1068 3450 et
1079 3372 1226 3482 juratos
1241 3372 1577 3468 Sancti-Quintini,
1595 3374 1701 3483 quod
1717 3376 1805 3483 ipsi,
1828 3407 1915 3456 cum

481 3529 615 3609 magna
626 3501 872 3580 multitudine
887 3519 1118 3582 armatorum
1130 3503 1179 3582 ad
1194 3505 1363 3611 ipsorum
1380 3503 1642 3612 religiosorum
1657 3505 1843 3586 abbatiam
1859 3540 1915 3588 ac-

482 3634 678 3724 cedentes,
700 3651 828 3712 contra
842 3634 1146 3741 prohibicionem
1159 3637 1250 3743 ipsis
1269 3635 1419 3728 iactam,
1437 3655 1601 3744 exparte
1616 3657 1760 3732 nostra,
1780 3669 1802 3717 a
1820 3670 1915 3750 quo-

483 3765 569 3841 dam
580 3766 762 3843 serviente
773 3782 902 3845 nostro
912 3766 1109 3874 deputato,
1123 3767 1171 3843 ad
1185 3767 1482 3847 deffendendum
1494 3768 1649 3848 eosdem
1662 3770 1857 3879 religiosos
1867 3775 1912 3852 ab

483 3895 631 4001 injuriis
642 3911 679 3970 et
687 3893 895 3986 violenciis,
907 3896 1035 4005 plures
1047 3897 1203 4007 injurias
1214 3916 1252 3976 et
1260 3899 1459 3978 violencias
1470 3900 1616 3979 eisdem
1624 3902 1810 4010 religiosis
1817 3905 1913 3984 intu-

481 4024 624 4114 lerunt,
639 4054 733 4132 quas
748 4026 859 4105 nobis
875 4045 913 4107 et
929 4028 1000 4107 sibi
1016 4030 1196 4139 petebant
1211 4033 1424 4126 emendari,
1445 4031 1556 4112 dictis
1569 4035 1711 4143 majore
1731 4052 1770 4112 et
1778 4010 1913 4146 juratis

483 4157 712 4235 contrarium
728 4157 939 4240 dicentibus
958 4179 997 4240 et
1010 4163 1135 4270 plura,
1153 4163 1201 4240 ad
1218 4165 1276 4244 sui
1293 4165 1569 4258 defensionem,
1587 4167 1909 4275 proponentibus:

481 4289 657 4395 lnquesta
672 4317 787 4398 snper
801 4290 890 4382 hoc,
908 4293 1147 4373 demandato
1163 4297 1268 4375 curie
1284 4315 1428 4390 nostre,
1445 4297 1540 4376 iacta
1556 4315 1594 4377 et
1601 4300 1655 4377 ‘ad
1661 4299 1912 4407 judicandum

481 4437 686 4527 reportata,
708 4423 783 4502 visa
804 4440 842 4501 et
862 4423 1062 4533 diligenter
1082 4427 1301 4520 examinata,
1324 4429 1413 4537 quia
1435 4431 1631 4510 inventum
1651 4447 1723 4521 est,
1748 4447 1827 4508 tam
1844 4458 1912 4540 per

482 4553 729 4632 assercionem
756 4573 794 4633 et
813 4554 1087 4637 consessionem
1114 4589 1158 4637 ex
1176 4577 1282 4668 parte
1301 4562 1454 4670 majoris
1474 4579 1514 4641 et
1531 4564 1745 4672 juratorum
1765 4562 1911 4642 Sancti·
1995 4567 1999 4573 ’

482 4682 656 4774 Quintini
676 4681 827 4778 factam,
844 4715 959 4794 quam
978 4716 1047 4795 per
1065 4689 1311 4797 probaciones
1331 4691 1520 4772 dictorum
1534 4693 1814 4804 religiosorum,
1832 4696 1912 4773 dic·

480 4828 540 4888 tos
559 4813 740 4921 majorem
770 4837 808 4896 et
823 4819 969 4927 juratos
987 4839 1113 4928 portas
1144 4822 1243 4902 dicte
1263 4824 1414 4904 abbacie
1433 4825 1598 4937 fregisse,
1621 4845 1660 4906 et
1682 4844 1812 4906 contra
1824 4856 1913 4935 pro·

482 4942 712 5025 hibicionem
736 4950 929 5030 servientis
949 4953 1068 5031 nostri
1088 4955 1271 5062 predicti,
1296 4957 1511 5068 dictamque
1526 4960 1712 5039 abbatiam
1739 4960 1907 5053 intrasse,

481 5076 696 5185 ostiumque
717 5082 878 5189 coquine
902 5101 940 5162 et
958 5085 1099 5196 jardini
1120 5087 1292 5197 ejusdem
1317 5089 1501 5170 violenter
1518 5092 1679 5200 rupisse,
1706 5121 1748 5171 ac
1772 5121 1909 5200 coqnm
