4450 6209
506 657 580 734 stt
1086 652 1179 725 Lus
1208 650 1347 725 OLIM.

280 814 465 875 Pcrcrnnctv,
506 802 620 889 dicta,
644 816 682 875 et
703 797 902 905 quadrigas
922 824 1007 873 suas
1027 812 1066 872 et
1084 793 1156 871 alia
1173 792 1274 871 bona
1293 820 1377 883 sua,
1400 809 1444 871 ut
1461 790 1687 897 premIssum
1708 810 1779 880 est,
1801 812 1922 899 capta,

341 907 405 949 Μ’
505 933 653 1008 racione
674 928 835 1036 ealceye,
863 927 1003 1004 debere
1029 924 1100 1003 sibi
1125 924 1251 1013 reddi,
1281 922 1498 1002 salvedicto
1522 922 1696 1028 episcopo
1722 950 1835 1029 super
1853 925 1926 1003 hoc

506 1062 703 1171 questione
722 1058 971 1165 proprietatis.

561 1191 759 1271 Dominica
777 1218 850 1296 qua
871 1204 1041 1267 cantatur
1062 1218 1070 1261 ε
1090 1186 1221 1265 ludica
1241 1214 1315 1263 me.

563 1322 686 1401 Monoi
707 1320 920 1427 reportavit.

562 1584 701 1663 LXXII.
733 1583 830 1661 Cum
849 1580 1009 1680 ballivus
1024 1595 1153 1657 noster
1167 1578 1448 1657 Matisooueneis
1465 1575 1678 1686 Guigonem
1690 1579 1850 1668 Veteris,
1864 1582 1922 1659 do-

508 1716 717 1803 micellum,
733 1741 802 1819 pro
817 1737 863 1793 eo
881 1710 988 1817 quod
1006 1710 1046 1786 in
1061 1708 1246 1816 quosdam
1261 1706 1461 1785 servientes
1475 1724 1623 1787 nostros
1642 1737 1775 1789 manus
1789 1711 1922 1789 violen-

507 1866 564 1925 ter
583 1846 776 1953 injecerat,
798 1843 837 1921 in
855 1839 1072 1950 quingentis
1090 1838 1196 1917 libris
1214 1838 1499 1917 Tmonensibus
1517 1838 1643 1929 nobis,
1659 1869 1729 1946 pro
1748 1844 1920 1931 emenda,

509 1977 837 2081 condempnasset,
853 1990 891 2050 et
904 1998 927 2049 a
939 1971 1039 2047 dicta
1053 1968 1397 2074 condempnacione
1416 1968 1541 2047 dictus
1557 1968 1680 2076 Guigo
1700 1970 1749 2047 ad
1762 1990 1921 2051 nostram

509 2108 652 2187 curiam
666 2103 911 2212 appellasset:
931 2101 1018 2181 Visa
1031 2100 1202 2207 inquesta
1214 2126 1327 2205 super
1341 2098 1414 2177 boc
1431 2098 1543 2187 facta,
1563 2112 1602 2175 et
1619 2099 1728 2179 dictis
1741 2100 1875 2183 ballivo
1887 2122 1922 2181 et

510 2238 683 2345 Guigone
713 2234 867 2323 auditis,
895 2231 1032 2310 dictam
1062 2230 1263 2309 emendam
1294 2229 1342 2307 ad
1370 2246 1523 2307 centum
1547 2228 1661 2309 libras
1684 2234 1921 2315 Turonenses

509 2369 610 2447 curia
629 2385 755 2444 nostra
773 2364 996 2451 moderavit,
1017 2378 1172 2471 propter
1191 2360 1307 2467 ipsius
1326 2359 1510 2469 Guigouis
1528 2378 1797 2468 paupertatem.

562 2496 761 2577 Dominica
778 2524 854 2603 qua
873 2511 1043 2572 cantatur
1063 2521 1073 2567 ε
1094 2490 1227 2569 Judioa
1245 2518 1317 2567 me.

565 2632 666 2737 Roya
685 2628 898 2733 reportavit.

566 2889 720 2967 LXXIII.
751 2886 867 2973 Cum,
879 2901 1040 2990 exparte
1054 2881 1254 2963 consulum
1269 2880 1354 2961 ville
1372 2882 1543 2977 Galliaci,
1560 2885 1600 2961 in
1611 2887 1844 2982 Tholosano,
1860 2918 1923 2967 uo-

509 3021 612 3096 mine
632 3016 884 3097 universitatis
901 3015 1001 3093 dicte
1018 3013 1124 3102 ville,
1143 3014 1428 3119 conquerendo,
1450 3014 1719 3097 denunciatum
1738 3018 1868 3099 firisset
1887 3021 1923 3099 iu

509 3150 611 3229 curia
624 3146 813 3226 senescalli
830 3145 1054 3234 Tholosaui,
1070 3163 1198 3223 contra
1211 3145 1382 3223 consules
1398 3163 1436 3223 et
1452 3147 1710 3226 universitates
1729 3149 1922 3228 homiuum
2047 3138 2049 3141 ⁵

509 3276 987 3366 Castri-Novi-de·Arrio,
1010 3292 1049 3353 et
1072 3274 1231 3353 aliarum
1250 3275 1424 3354 villarum
1443 3275 1581 3384 bajulie
1601 3278 1771 3385 ejusdem
1791 3281 1921 3367 Castri,

507 3412 613 3517 quod
633 3439 717 3487 eum
738 3400 906 3514 predicte
926 3404 1184 3485 universitates
1201 3405 1429 3485 Castu-Novi
1450 3424 1488 3487 et
1507 3407 1589 3515 ejus
1606 3408 1744 3517 bajulie
1764 3411 1813 3489 de
1833 3440 1923 3521 quo-

509 3543 595 3619 dam
616 3541 779 3617 exercitu
793 3553 1067 3616 reverterentur
1085 3553 1124 3616 et
1142 3554 1266 3613 essent
1276 3563 1394 3643 prope
1413 3536 1538 3615 villam
1554 3538 1725 3630 Galliaci,
1741 3542 1843 3619 venit
1854 3542 1923 3619 cla-

507 3700 592 3748 mor
606 3697 764 3777 magnus
782 3667 830 3744 ad
848 3667 987 3744 dictam
1006 3664 1131 3743 villam
1146 3664 1301 3747 Galliaci
1321 3666 1425 3772 quod
1444 3666 1619 3747 homines
1638 3669 1727 3749 dicti
1747 3672 1924 3751 exercitus
1963 3708 1971 3715 ·

508 3799 690 3878 robabant
708 3797 864 3906 gallinas
882 3814 921 3873 et
938 3824 1088 3875 anseres
1104 3796 1306 3875 hominum
1324 3796 1422 3874 dicte
1442 3796 1529 3875 ville
1549 3797 1719 3889 Gallieni,
1742 3818 1921 3879 eteorum

507 3930 632 4007 vineas
650 3928 944 4035 depopulabant,
964 3927 1237 4034 propterquod
1256 3925 1405 4035 bajulus
1425 3944 1553 4007 noster
1573 3947 1612 4008 et
1630 3929 1708 4011 duo
1728 3932 1923 4011 servientes

508 4060 626 4137 nostri
642 4059 741 4137 dicte
755 4059 842 4137 ville
855 4058 1010 4139 Galliaci
1024 4058 1306 4164 prohibuerunt
1320 4058 1539 4137 hominibus
1555 4076 1593 4139 et
1606 4060 1824 4140 consulibus
1838 4062 1923 4141 dicti

509 4190 690 4268 exercitus
701 4217 749 4267 ne
763 4190 970 4295 dampnum
985 4188 1142 4294 aliquod
1152 4188 1286 4267 darent
1295 4189 1394 4267 dicte
1406 4190 1493 4267 ville
1505 4189 1676 4281 Galliaci,
1690 4220 1776 4269 cum
1789 4192 1838 4271 sit
1846 4210 1923 4271 nos

507 4338 579 4412 tra,
594 4321 676 4429 qui,
691 4338 814 4429 spreta
826 4320 1057 4399 inhibitione
1071 4346 1114 4397 ex
1128 4336 1233 4429 parte
1248 4337 1374 4399 nostra
1386 4320 1526 4399 eisdem
1541 4321 1651 4413 sacta,
1667 4352 1752 4401 cum
1768 4324 1923 4403 maxima

506 4451 752 4530 multitudine
772 4452 997 4531 eorumdem
1009 4451 1211 4541 exercitus,
1229 4480 1315 4529 cum
1330 4451 1484 4529 diversis
1496 4481 1686 4531 armorum
1702 4454 1921 4562 generibus,

506 4610 569 4660 sex
582 4582 641 4661 vel
655 4600 800 4689 septem
812 4582 978 4660 baneriis
990 4581 1138 4671 erectis,
1156 4582 1260 4673 tubis
1274 4582 1564 4688 precedentibus
1578 4602 1617 4663 et
1628 4584 1861 4676 sonantibus,
1875 4613 1924 4661 se·

508 4712 664 4803 diciose,
676 4715 873 4804 hostiliter,
888 4743 933 4791 ex
945 4730 1048 4793 certo
1060 4713 1272 4819 proposito,
1288 4742 1373 4792 cum
1390 4744 1526 4822 magno
1543 4716 1713 4798 tumultu
1731 4716 1923 4794 clamando

508 4842 652 4921 «Alocl
664 4872 685 4919 a
698 4843 771 4921 socl
787 4846 844 4921 via
856 4844 940 4923 laisl
955 4844 1172 4949 (laeui-noll
1185 4844 1399 4925 Castri-noll
1415 4847 1553 4925 Acariil
1569 4846 1706 4925 Acariil
1718 4848 1925 4926 moriantur
1983 4942 1987 4949 .

507 4969 634 5052 rustici
650 4974 877 5080 proditores!
894 5013 906 5045 ι
924 4976 1155 5055 intraverunt
1170 4976 1307 5055 dictam
1328 4976 1450 5055 villam
1471 4976 1643 5069 Galliaci,
1656 4995 1695 5057 et
1708 4978 1921 5057 incendium
