4450 6209
744 668 1013 776 nnontrns
1042 687 1104 758 nr
1132 668 1340 762 pnocbs.
1682 690 1753 767 tos

331 826 487 904 vicarius
506 825 786 934 Lugdunensis,
809 855 878 933 pro
898 827 1063 934 capitulo
1083 829 1346 936 Lugdunensi,
1369 831 1407 906 in
1430 830 1526 908 dicta
1546 862 1653 911 causa
1671 864 1756 941 pro·
1790 848 1919 900 annm
1935 847 1976 910 lV.

332 958 487 1047 cedens,
506 956 749 1034 deffinitivam
766 958 1012 1050 sentenciam,
1030 988 1098 1065 pro
1116 960 1215 1036 dicto
1229 962 1405 1067 Hngone,
1424 981 1550 1041 contra
1568 965 1757 1070 predictos
1850 946 1912 987 Μ’

331 1088 462 1167 fratres
486 1089 653 1179 tulisset,
680 1090 847 1197 dictique
872 1089 1004 1167 fratres
1027 1090 1073 1167 ab
1095 1090 1316 1199 hujusmodi
1339 1095 1543 1183 sentencia,
1566 1076 1772 1203 tamquam·

332 1220 378 1297 ab
407 1221 549 1327 iniqua,
574 1221 623 1296 ad
647 1220 846 1298 dominum
871 1223 1012 1328 Regem
1038 1221 1303 1327 appellassent,
1327 1240 1383 1311 et,
1410 1223 1457 1297 ad
1477 1225 1758 1329 procedendum

332 1353 371 1427 in
392 1352 491 1429 dieta
505 1351 774 1459 appellacionis
794 1382 923 1443 causa,
945 1353 1105 1459 ajomari
1128 1352 1303 1430 fecissent
1328 1353 1471 1431 dictum
1492 1356 1690 1463 Hugonem
1713 1360 1759 1433 ad

333 1482 435 1559 diem
449 1483 599 1561 ballivie
612 1484 896 1563 Matisconensis
910 1484 1110 1561 novissime
1124 1484 1292 1590 preteriti
1303 1485 1541 1587 parlamenti,
1554 1503 1591 1564 et
1605 1487 1643 1563 in
1659 1489 1759 1565 dicto

292 1604 294 1609 ⁵
332 1614 564 1718 parlamento
589 1615 843 1693 obtinuissent
866 1632 994 1692 contra
1019 1614 1143 1719 ipsum
1173 1612 1382 1704 delectum,
1410 1631 1447 1691 et
1466 1645 1579 1721 super
1600 1618 1758 1695 utilitate

332 1743 422 1819 dicti
446 1743 615 1822 delectus
632 1744 808 1823 fecissent
830 1746 997 1823 eundem
1016 1747 1216 1854 Hugonem
1237 1748 1283 1824 ad
1308 1776 1462 1853 presens
1482 1746 1758 1852 parlamentum

332 1874 513 1981 ajornari3
535 1877 748 1953 constitutis
769 1877 809 1953 in
835 1876 939 1953 curia
961 1893 1088 1953 nostra
1109 1895 1352 1983 procuratore
1379 1879 1469 1957 dicti
1495 1879 1665 1984 Hugonis
1690 1910 1758 1985 pro

331 2004 428 2108 ipso,
459 2034 502 2081 ex
524 2033 602 2081 uua
628 2023 751 2110 parte,
780 2023 818 2084 et
845 2007 946 2084 dicto
966 2008 1158 2099 Beraudo,
1183 2036 1313 2114 prose
1336 2026 1373 2085 et
1396 2008 1573 2087 fratribus
1596 2011 1690 2097 suis,
1716 2040 1759 2085 ex

331 2134 462 2228 altera,
483 2136 596 2241 peciit
616 2135 740 2215 dictus
756 2138 949 2215 Beraudus
968 2139 1130 2244 predicti
1153 2136 1322 2241 delectus
1342 2140 1541 2217 utilitatem
1562 2139 1632 2217 sibi
1651 2141 1758 2246 adju-

331 2265 462 2355 dicari,
475 2268 791 2375 pronunciarique
806 2269 950 2345 dictum
963 2272 1164 2375 Hugonem
1175 2272 1332 2348 omnino
1346 2273 1522 2363 cecidisse
1532 2300 1553 2347 a
1564 2300 1671 2348 causa
1682 2302 1759 2379 pre·

332 2398 447 2491 dicta,
474 2417 512 2478 et
537 2399 681 2477 dictum
701 2400 871 2507 judicem
894 2400 992 2478 male
1012 2401 1216 2507 judicasse,
1241 2418 1278 2478 et
1296 2403 1485 2508 predictos
1507 2401 1639 2479 fratres
1660 2404 1758 2479 bene

331 2530 555 2636 appellasse,
574 2550 680 2639 parte
695 2532 846 2610 adversa
865 2531 994 2638 plures
1013 2531 1183 2610 raciones
1198 2533 1237 2607 in
1252 2534 1480 2611 contrarium
1498 2552 1756 2639 proponente:

331 2662 518 2752 Tandem,
536 2663 675 2741 auditis
691 2662 781 2739 hinc
797 2664 885 2740 inde
899 2663 1118 2770 propositis,
1140 2664 1295 2771 visoque
1314 2665 1413 2741 dicto
1431 2664 1594 2755 delectu,
1618 2693 1659 2741 ac
1679 2665 1760 2741 dili-

331 2810 461 2897 genter
481 2794 648 2900 inspecto
666 2794 834 2900 predicte
850 2823 958 2871 cause
978 2795 1195 2900 principalis
1210 2822 1403 2902 processu,
1421 2825 1488 2901 per
1508 2796 1611 2871 curie
1632 2815 1771 2895 nostre·

326 2924 514 3030 judicium
542 2926 686 3003 dictum
708 2926 780 3003 luit
798 2926 1012 3032 predictum
1029 2924 1198 3032 judicem
1222 2926 1517 3032 Lugdunensem
1537 2924 1635 3001 male
1653 2926 1759 3033 judi-

331 3083 442 3147 casse,
459 3073 496 3131 et
508 3055 628 3133 dictos
640 3055 773 3132 fratres
784 3053 884 3132 bene
897 3054 1117 3161 appellasse,
1132 3072 1169 3132 et
1182 3056 1287 3161 quod
1301 3056 1444 3133 dictum
1454 3055 1666 3162 judicatum
1681 3085 1759 3161 pre

331 3186 421 3263 dicti
431 3186 572 3294 judicis
582 3176 847 3291 Lugdunensis
862 3213 939 3263 non
954 3185 1195 3263 mandabitur
1209 3187 1439 3279 execucioni,
1457 3203 1494 3261 et
1508 3187 1614 3294 quod
1626 3216 1758 3263 manus

330 3316 599 3422 archiepiscopi
620 3315 900 3422 Lugdunensis,
915 3316 945 3392 si
960 3315 1061 3392 sitin
1078 3315 1188 3391 dictis
1202 3314 1329 3405 bonis,
1347 3317 1495 3393 racione
1514 3315 1673 3419 predicti
1695 3318 1759 3393 de-

329 3439 406 3523 bati
427 3446 610 3552 apposita,
626 3446 716 3523 inde
732 3445 978 3535 amovebitur,
1000 3463 1037 3522 et
1053 3446 1152 3523 dicta
1165 3447 1282 3537 bona,
1300 3476 1414 3552 super
1424 3444 1561 3550 quibus
1571 3447 1760 3552 pendebat

330 3579 544 3684 predictum
560 3578 738 3655 debatum
760 3595 798 3654 et
817 3606 931 3683 super
945 3577 1085 3685 quibus
1095 3578 1305 3685 judicatum
1326 3577 1467 3669 suerat,
1479 3606 1549 3682 pro
1567 3576 1666 3654 dicto
1685 3580 1760 3687 Hu-

332 3738 446 3816 gone,
470 3709 783 3787 deliberabuntur
803 3708 979 3785 fratribus
1000 3708 1208 3787 antedictis.

389 3844 492 3919 Lune
513 3859 597 3946 post
617 3842 765 3919 octabas
783 3840 1005 3919 Candelose.

388 4108 546 4187 XCVlll.
579 4106 700 4210 Super
715 4134 882 4181 rescussa
896 4103 990 4183 lacta
1009 4122 1046 4182 et
1066 4105 1214 4212 injuriis
1239 4105 1349 4182 illatis
1369 4134 1437 4210 per
1456 4077 1696 4211 Radulpbifin
1713 4106 1760 4183 de

333 4240 504 4317 Farniers
528 4238 660 4345 majori
682 4237 993 4343 Compendiensi,
1020 4237 1104 4343 qui,
1122 4236 1369 4343 justiciando,
1397 4238 1445 4313 ad
1470 4238 1761 4342 requisicionem

334 4370 464 4479 partis,
483 4384 723 4445 arrestaverat
736 4369 774 4443 in
790 4367 877 4443 villa
892 4367 1188 4473 Compendiensi
1207 4395 1320 4473 equm
1341 4366 1431 4445 dicti
1446 4366 1635 4471 Radulpbi
1654 4398 1665 4447 t,
1684 4368 1762 4443 Au·

335 4501 422 4577 ditis
448 4500 617 4607 partibus
640 4500 680 4575 in
704 4498 805 4575 curia
826 4516 967 4587 nostra,
996 4516 1035 4575 et
1061 4499 1137 4575 visa
1164 4497 1335 4603 inquesta
1362 4498 1410 4574 de
1434 4498 1609 4573 mandato
1635 4495 1760 4581 ballivi

207 4722 212 4732 ⁸
335 4629 620 4707 silvanectensis
635 4628 746 4720 lacta,
762 4658 830 4736 per
845 4630 948 4707 curie
964 4646 1090 4707 nostre
1105 4628 1295 4735 judicium
1316 4627 1460 4705 dictum
1480 4626 1553 4703 luit
1570 4626 1673 4732 quod
1689 4627 1763 4703 dic-

334 4778 396 4836 tus
417 4762 653 4868 Radulphus,
674 4790 743 4867 pro
769 4762 929 4838 emenda
952 4778 1094 4849 nostra,
1114 4760 1235 4837 solvet
1257 4759 1368 4836 nobis
1388 4757 1631 4865 quadraginta
1647 4756 1762 4836 libras

334 4892 574 4981 Parisienses,
597 4910 649 4981 et,
673 4920 742 4999 pro
761 4893 922 4969 emenda
938 4891 1032 4969 dicti
1052 4892 1221 5000 majoris,
1248 4890 1365 4968 solvet
1384 4888 1514 4967 decem
1536 4888 1648 4967 libras
1663 4890 1763 4965 Pari-

335 5023 480 5100 sienses.
495 5025 539 5100 ad
562 5025 766 5102 emendum
783 5052 896 5100 unam
912 5052 1065 5129 cappam
1082 5040 1119 5099 et
1133 5051 1246 5099 unam
1263 5020 1418 5097 insulam
1436 5021 1586 5109 sericas,
1603 5020 1649 5097 ad
1666 5048 1761 5125 opus
