4450 6209
752 741 1016 852 ssootrus
1043 761 1107 834 ar
1133 741 1340 836 procas.
1680 763 1754 836 aas

339 907 431 986 alios
449 921 646 1013 tangerent
658 902 817 1009 predicti
837 903 982 980 articuli
1002 903 1073 980 sibi
1089 903 1294 994 commissi,
1309 930 1378 1008 per
1394 902 1496 979 curie
1517 919 1644 979 nostre
1658 903 1757 1010 judi·
1794 911 1923 965 P¹¹¹=¹⁹¹²=
1936 911 1979 973 lb

339 1040 455 1128 cium,
478 1033 685 1112 anulletum
704 1033 776 1111 luit
792 1034 974 1141 quicquid
991 1063 1060 1140 per
1078 1035 1222 1112 dictum
1241 1033 1421 1111 ballivum
1437 1033 1570 1140 atejus
1584 1033 1760 1112 substitu·
1856 1003 1919 1046 Μ’

338 1185 397 1245 tos
416 1167 554 1244 lactum
582 1164 701 1241 extitit
720 1164 760 1240 in
789 1165 859 1241 hac
875 1181 995 1271 parte,
1019 1182 1057 1242 et
1076 1165 1269 1242 dabuntur
1293 1164 1384 1241 certi
1409 1163 1651 1241 commissarii
1673 1167 1754 1272 qui,

338 1299 475 1376 vocatis
491 1297 703 1386 evocandis,
723 1324 837 1401 super
860 1296 968 1373 dictis
988 1295 1154 1374 articulis
1171 1296 1362 1373 veritatem
1381 1295 1591 1402 inquirent;
1608 1313 1644 1373 et
1663 1297 1759 1374 inte-

338 1431 410 1506 rim
425 1427 617 1506 tenebitur
638 1445 682 1505 ut
705 1429 810 1534 prius
834 1427 874 1504 in
893 1455 1074 1533 suspenso
1098 1427 1273 1506 execucio
1295 1426 1649 1533 condempnacionis
1673 1457 1758 1534 pre-

339 1560 454 1652 dicte,
476 1559 614 1666 quibus
634 1559 899 1637 commissariis
912 1560 1081 1636 tradetur
1097 1560 1194 1636 dicta
1210 1559 1381 1664 inquesta
1394 1559 1555 1636 anullata
1567 1587 1636 1667 pro
1650 1559 1758 1636 dictis

339 1690 505 1768 articulis
525 1708 562 1766 et
589 1690 797 1767 commissis
822 1718 863 1765 ac
881 1689 1228 1794 condempnacione
1247 1689 1426 1794 predictis
1445 1688 1535 1767 inde
1560 1689 1757 1767 extrahen-

340 1823 414 1910 dis,
436 1838 480 1898 ut
494 1822 541 1898 de
562 1821 615 1898 eis
631 1820 767 1898 saciant
786 1821 931 1926 copiam
947 1820 1087 1926 quibus
1099 1819 1214 1898 fuerit
1229 1818 1410 1896 facienda.

392 1952 548 2028 Veneris
565 1950 745 2056 predicta.

343 2143 347 2148 .
393 2081 502 2159 Facta
521 2099 578 2159 est
594 2082 809 2159 commissio
825 2099 862 2158 et
881 2080 1036 2158 remissa
1052 2081 1235 2187 inquesta.

394 2348 569 2426 XXXVll.
600 2347 701 2425 Mota
716 2344 803 2434 lite,
819 2373 943 2420 coram
959 2344 1097 2423 ballivo
1112 2345 1344 2436 Turonensi',
1361 2347 1459 2423 inter
1476 2365 1758 2453 procuratorem

339 2496 509 2556 nostrum
538 2477 635 2553 dicte
663 2474 829 2567 ballivie,
859 2504 928 2580 pro
958 2475 1085 2566 nobis,
1113 2505 1158 2552 ex
1181 2504 1257 2552 una
1283 2489 1409 2580 parte,
1446 2494 1485 2554 et
1516 2478 1758 2585 Aymericum

339 2609 502 2700 Odardi,
530 2636 599 2715 pro
624 2636 680 2696 se,
704 2637 747 2684 ex
773 2607 903 2696 altera,
929 2634 1106 2712 supereo
1127 2607 1231 2713 quod
1253 2606 1758 2714 dictusprocuratornoster

340 2742 488 2820 dicebat
519 2739 646 2817 locum
674 2738 713 2814 in
735 2765 811 2846 quo
833 2753 889 2815 est
908 2754 1079 2846 stagnum
1110 2740 1157 2815 de
1178 2738 1413 2847 Champigny
1433 2758 1471 2817 et
1490 2741 1634 2848 calceya
1664 2742 1758 2848 ejus

339 2873 426 2950 dem
451 2899 529 2948 esse
550 2898 683 2976 pascua
703 2885 827 2947 nostra
847 2869 1151 2977 quibuscumque
1166 2869 1383 2947 communia
1408 2870 1455 2946 ad
1476 2871 1756 2977 deposcendum

338 3001 528 3091 animalia,
549 3019 587 3078 et
600 3029 680 3078 esse
699 3000 740 3076 in
769 3015 805 3076 et
830 2999 878 3077 de
899 2999 1109 3077 castellania
1130 3016 1256 3078 nostra
1273 3001 1321 3076 de
1341 3001 1515 3091 Loduuo,
1540 3002 1756 3109 diceretque

339 3159 408 3210 nos
428 3131 568 3208 habere
591 3141 744 3208 omnem
763 3129 954 3236 justiciam
970 3130 1010 3207 in
1029 3129 1113 3207 loco
1132 3129 1319 3235 predicto,
1349 3131 1451 3208 dicto
1477 3131 1674 3238 Aymerico
1698 3133 1756 3210 di-

338 3277 446 3338 cente
472 3291 509 3339 se
521 3263 585 3368 jus
600 3259 739 3336 habere
756 3260 794 3334 in
808 3259 918 3336 dictis
934 3259 1080 3364 pascuis
1096 3276 1133 3335 et
1150 3259 1350 3336 territoriis
1369 3278 1408 3338 et
1426 3262 1466 3336 in
1489 3265 1593 3337 omni
1605 3263 1754 3368 justicia

338 3391 429 3467 dicti
444 3391 533 3482 loci,
550 3408 627 3466 tam
646 3391 685 3465 in
704 3389 931 3496 proprietate
946 3418 1058 3495 quam
1075 3390 1225 3482 saisina,
1247 3390 1412 3479 tandem,
1430 3420 1517 3467 cum
1536 3409 1757 3496 procurator

338 3541 477 3612 noster,
499 3524 537 3600 in
557 3521 659 3599 curia
678 3538 818 3608 nostra,
841 3537 987 3626 peteret
1004 3522 1214 3627 inquestam
1230 3522 1278 3597 de
1291 3521 1469 3627 predictis
1484 3520 1633 3614 laetam,
1652 3525 1755 3600 curie

337 3673 464 3732 nostre
482 3682 550 3760 per
572 3652 716 3730 dictum
736 3651 914 3728 ballivum
939 3663 1181 3758 reportatam,
1195 3651 1374 3760 judicari,
1397 3670 1435 3729 et
1459 3655 1567 3761 Hugo
1589 3654 1638 3731 de
1658 3657 1756 3731 Bau-

337 3814 427 3893 ceyo
448 3785 690 3875 domicellus,
706 3811 860 3889 presens
879 3783 919 3859 in
941 3784 1042 3860 curia
1062 3799 1205 3875 nostra,
1226 3813 1265 3861 se
1285 3785 1325 3860 in
1340 3784 1516 3891 predictis
1528 3804 1752 3891 opponeret,

337 3943 505 3994 asserens
523 3916 789 4021 proprietatem
815 3931 853 3990 et
869 3914 1041 3990 saisinam
1066 3914 1324 4019 predictorum
1343 3916 1517 3992 omnium
1536 3916 1586 3993 ad
1615 3944 1654 3992 se
1681 3944 1758 4022 per-

336 4048 479 4136 tinere3
504 4045 641 4121 auditis
665 4043 849 4148 partibus,
875 4073 942 4148 per
962 4060 1127 4121 nostram
1150 4027 1290 4123 curiam
1314 4046 1456 4124 dictum
1477 4045 1548 4124 luit
1574 4046 1679 4153 quod
1699 4047 1757 4124 in·

338 4193 469 4285 questa
486 4176 532 4253 de
546 4173 738 4282 predictis,
755 4201 823 4280 per
836 4172 978 4249 dictum
991 4172 1170 4251 ballivum
1184 4178 1347 4280 incepta,
1364 4174 1618 4282 perficeretur,
1636 4205 1755 4283 quan-

336 4327 419 4385 tum
435 4307 483 4384 ad
507 4306 652 4383 dictum
677 4308 892 4414 Hugonem,
920 4320 957 4380 et
984 4303 1086 4380 curie
1109 4320 1237 4381 nostre
1257 4306 1512 4382 remitteretur
1527 4307 1754 4413 judicanda:

337 4439 445 4517 Dicta
473 4439 587 4546 igitur
614 4438 785 4544 inquesta
809 4437 855 4512 ad
885 4433 1159 4542 perficiendum
1184 4434 1338 4523 tradita,
1365 4455 1404 4513 et
1430 4436 1532 4512 curie
1556 4452 1682 4514 nostre
1702 4467 1756 4513 re

338 4570 450 4646 missa
475 4585 513 4644 et
542 4566 743 4676 diligenter
769 4566 860 4656 visa,
891 4595 959 4672 per
988 4565 1090 4642 curie
1121 4581 1247 4642 nostre
1273 4564 1479 4672 judicium,
1510 4565 1653 4641 dictum
1684 4565 1756 4643 luit

337 4700 443 4805 quod
463 4699 560 4776 dicta
583 4698 755 4804 inquesta
779 4697 825 4774 ad
843 4724 995 4804 presens
1014 4723 1090 4773 non
1107 4695 1351 4802 judicabitur,
1372 4713 1526 4802 propter
1543 4695 1672 4802 plures
1690 4697 1756 4774 de-

338 4830 458 4906 fectus
471 4847 639 4936 repertos
653 4830 692 4904 in
709 4828 856 4921 eadem,
878 4828 945 4906 sed
959 4824 1177 4933 perficietur
1191 4843 1229 4904 ct
1243 4826 1518 4934 supplebuntur
1532 4827 1623 4904 dieti
1636 4826 1756 4905 delec-

336 4977 399 5037 tus
419 4986 489 5065 per
510 4977 631 5037 certos
655 4960 845 5038 auditores
873 4988 894 5035 a
922 4958 1023 5035 curia
1050 4975 1175 5035 nostra
1200 4985 1313 5064 super
1336 4957 1411 5037 hoc
1433 4958 1685 5066 deputandos,
1716 4977 1754 5034 et

338 5091 537 5167 tradentur
561 5090 671 5168 dictis
690 5090 925 5168 auditoribus
944 5087 1112 5168 defectus
1130 5089 1302 5194 predicti.
1318 5089 1495 5170 Defectus
1513 5107 1602 5167 sunt
1614 5089 1695 5166 isti:

427 5264 481 5305 crs
502 5265 584 5306 omn.
608 5266 652 5306 ιιι.
1321 5318 1323 5321 ¹
1581 5243 1623 5304 85
