4450 6209
502 692 577 769 3011
1078 691 1169 765 LES
1199 690 1342 765 otiu.

272 848 403 901 neuim
416 847 459 906 Ν»
559 837 684 917 XLVI.
717 838 836 923 Cum,
852 835 900 913 ad
920 834 1138 912 instanciam
1154 833 1256 943 Nigri
1277 833 1710 925 dammucensem
1729 837 1847 913 nonni
1864 866 1919 915 er·

336 940 398 983 18⁰8.

501 995 674 1060 morum,
692 962 1094 1074 superintendentibus
1111 964 1279 1073 negociis
1299 964 1494 1043 annalium
1513 962 1786 1043 beneficiorum
1804 966 1918 1044 coele

499 1099 736 1177 siasticomm
755 1100 794 1175 in
813 1096 1028 1175 senescallia
1048 1096 1341 1211 Petragqricensi
1361 1096 1551 1202 deputatis
1568 1124 1589 1173 a
1608 1094 1812 1173 senescallo
1832 1098 1916 1175 dicti

500 1229 591 1319 loci,
615 1229 901 1307 mandassemus
922 1245 965 1305 ut
984 1227 1055 1334 ipsi
1080 1227 1333 1334 inquirerent,
1353 1227 1492 1305 vocatis
1514 1226 1701 1333 partibus,
1723 1226 1773 1304 de
1796 1226 1914 1305 valore

499 1359 647 1467 pedagii
671 1360 946 1467 Solhyacensis,
973 1375 1011 1435 et
1034 1358 1084 1435 de
1107 1356 1225 1463 ipsius
1248 1356 1396 1466 pedagii
1420 1356 1627 1435 donacione
1650 1356 1822 1464 predicto
1846 1386 1916 1435 ser·

498 1490 632 1579 vienti,
652 1507 696 1567 ut
716 1489 864 1577 dicitur,
883 1487 978 1565 fecta
995 1514 1064 1595 per
1082 1487 1249 1593 Ogerum
1271 1486 1318 1564 de
1338 1488 1582 1575 Dure-Furti,
1603 1486 1797 1594 quondam
1817 1488 1917 1567 deca-

499 1648 593 1697 num
612 1619 912 1705 Solhiacensem,
934 1617 1039 1724 quod
1060 1616 1276 1724 pcdiagium
1296 1616 1345 1693 ad
1363 1615 1482 1725 ipsius
1501 1616 1819 1696 decani'mensam
1840 1648 1917 1726 per·

498 1750 619 1827 tinere
648 1749 854 1841 dicebatur,
877 1747 1043 1853 dictique
1067 1744 1330 1835 commissarii,
1351 1747 1487 1827 vocatis
1507 1746 1675 1854 partibus
1694 1764 1732 1825 et
1750 1768 1916 1855 presente

501 1882 590 1958 dicti
616 1880 748 1957 decani
768 1895 1027 1986 procuratore,
1047 1878 1316 1984 processissent
1338 1878 1387 1955 ad
1412 1876 1680 1983 inquirendum
1700 1906 1814 1985 super
1836 1908 1917 1985 pre-

501 2013 629 2102 dictis,
656 2028 695 2089 et
718 2040 830 2118 super
853 2010 935 2088 aliis
959 2010 998 2086 in
1023 2010 1117 2087 lacta
1136 2008 1206 2086 sibi
1232 2008 1496 2089 commissione
1521 2009 1724 2099 contentis,
1749 2012 1929 2099 tandem„

501 2161 599 2219 certa
615 2141 676 2218 die
692 2144 739 2219 ad
753 2140 1038 2249 procedendum
1051 2167 1165 2247 super
1179 2140 1253 2219 hiis
1267 2139 1426 2218 ulterius
1441 2168 1567 2219 coram
1581 2141 1671 2248 ipsis
1684 2140 1917 2219 auditoribus

501 2271 610 2351 dictis
622 2271 793 2379 partibus
807 2272 1004 2380 assignata,
1019 2299 1120 2348 unus
1135 2271 1183 2349 de
1200 2271 1310 2349 dictis
1325 2270 1590 2349 commissoriis
1605 2270 1724 2361 solus,
1742 2270 1823 2350 sine
1837 2302 1917 2350 coa-

496 2403 646 2508 juncto,
667 2402 769 2482 ‘dicta
788 2402 866 2490 die,
894 2402 933 2477 in
953 2430 1062 2480 causa
1086 2400 1304 2509 hujusmodi
1325 2402 1550 2509 procedens,
1573 2401 1716 2479 dictum
1736 2402 1917 2479 decenum

500 2533 628 2639 posuit
646 2531 686 2607 in
706 2530 873 2624 defectu,
891 2548 931 2609 et
947 2558 1165 2637 processum
1181 2529 1394 2635 predictum
1410 2530 1459 2608 ad
1476 2548 1642 2609 nostram
1660 2532 1764 2609 misit
1781 2533 1917 2609 curiam

495 2661 747 2768 judicandum
763 2662 872 2739 :Viso
887 2661 1002 2768 igitur
1014 2688 1082 2767 per
1095 2678 1262 2739 nostram
1278 2661 1419 2737 curiam
1434 2686 1613 2767 processu
1624 2662 1810 2768 predicto,
1825 2663 1920 2740 dicta

502 2793 605 2867 curia
623 2807 750 2868 nostra
765 2791 953 2869 desectum
970 2790 1148 2869 enullavit
1166 2790 1394 2895 predictum,
1413 2808 1451 2870 et
1467 2793 1635 2899 precepit
1653 2790 1775 2899 quod,
1793 2820 1918 2871 secun·

504 2921 596 2997 dum
615 2921 783 3026 predicte
800 2920 1074 2999 commissionis
1091 2938 1283 3010 tenorem,
1304 2922 1442 2999 vocatis
1461 2922 1673 3015 evocandis,
1693 2922 1818 3003 dietus
1838 2952 1917 3031 pro·

504 3076 629 3127 cessus
641 3050 859 3157 perficiatur
871 3078 940 3157 per
955 3050 1099 3127 dictum
1120 3050 1384 3141 senescallum,
1403 3052 1462 3130 vel
1480 3052 1567 3131 illos
1580 3080 1677 3162 quos
1690 3054 1770 3160 ipse
1787 3055 1836 3130 ad
1850 3057 1918 3133 hoc

502 3178 758 3285 deputaverit,
781 3196 819 3257 et
837 3179 908 3257 sibi
926 3180 1111 3262 reddetur
1129 3208 1326 3287 processus
1344 3182 1546 3289 predictus.

558 3309 758 3387 Dominice
777 3310 956 3417 predicta.

560 3439 667 3517 Creci
687 3440 899 3546 reportavit.

560 3568 736 3647 Traditus
754 3570 826 3647 fuit
845 3598 1040 3677 processus
1058 3576 1265 3653 senescallo
1285 3576 1454 3683 predicto
1474 3578 1523 3655 ad
1541 3578 1825 3685 perficiendum.

562 3831 701 3909 XLVII.
733 3831 851 3919 Cum,
867 3860 910 3909 ex
930 3850 1034 3938 parte
1055 3834 1329 3913 lemovicensis
1349 3837 1531 3943 episcopi,
1550 3837 1775 3945 jamdudum
1796 3836 1922 3915 fuisset

506 3960 743 4065 propositum
763 3988 889 4039 coram
902 3963 1109 4041 senescallo
1124 3964 1344 4055 Pictavensi,
1360 3984 1489 4046 contra
1506 3985 1680 4075 gerentes
1698 3996 1739 4046 se
1757 3996 1827 4075 pro
1843 3996 1923 4047 con-

505 4089 655 4169 sulibus
669 4090 757 4168 ville
771 4091 1056 4183 Nobiliacensis,
1072 4096 1178 4202 quod
1187 4157 1196 4187 ,
1206 4125 1292 4173 cum
1306 4114 1461 4204 propter
1473 4097 1650 4177 debatum
1667 4098 1772 4205 quod
1784 4098 1923 4205 pendet

506 4219 547 4294 in
567 4220 670 4297 curia
688 4238 815 4299 nostra
829 4222 1081 4302 interdictum
1096 4226 1332 4331 episcopum,
1347 4254 1391 4303 er
1406 4256 1479 4307 una
1494 4244 1616 4334 parte,
1632 4246 1670 4306 et
1680 4230 1800 4307 dictos
1812 4229 1922 4306 Nobi·

507 4346 688 4428 liacenses
701 4380 744 4429 ac
753 4371 1034 4459 procuratorem
1046 4372 1234 4445 nostrum,
1250 4383 1294 4431 ex
1307 4354 1439 4451 altera,
1450 4357 1583 4435 saisina
1598 4359 1827 4467 cognicionis
1841 4388 1923 4435 cau-

506 4507 634 4558 sarum
647 4482 813 4561 civilium
826 4484 926 4562 dicte
938 4484 1026 4564 ville
1037 4486 1157 4592 posita
1170 4485 1302 4565 luisset
1311 4487 1358 4565 ad
1374 4515 1527 4566 manum
1542 4505 1722 4582 nostram,
1734 4506 1923 4596 tamquam

509 4612 730 4715 superioris,
744 4631 783 4692 et
797 4616 869 4693 hoc
885 4614 1017 4693 luisset
1031 4644 1099 4722 per
1113 4616 1257 4694 dictum
1272 4619 1519 4697 senescallum
1533 4620 1675 4697 eisdem
1691 4619 1924 4698 Nobiliacen-

510 4737 616 4816 sibus
635 4741 903 4849 significatum,
925 4764 980 4836 et,
1002 4746 1051 4823 ad
1070 4746 1320 4825 exercendum
1340 4748 1379 4823 in
1405 4748 1502 4827 dicta
1522 4778 1637 4829 manu
1656 4766 1781 4827 nostra
1800 4749 1925 4857 cogni-

512 4866 658 4944 cionem
685 4870 872 4949 dictarum
899 4902 1119 4964 causarum,
1143 4874 1267 4955 dictus
1291 4878 1515 4959 senescallus
1537 4879 1753 4987 deputasset
1773 4876 1925 4957 Guillel-

511 5022 618 5073 mum
630 4998 820 5104 Papereti,
833 5002 1055 5081 servientem
1070 5022 1257 5095 nostrum,
1270 5024 1309 5086 et
1320 5008 1464 5087 eisdem
1475 5010 1701 5117 precepisset
1710 5008 1814 5116 quod
1826 5008 1923 5085 dicto
