4450 6209
739 733 1006 843 sacoaras
1031 748 1096 824 cr
1122 732 1328 826 caecas.
1669 752 1747 829 517

322 909 453 971 contra
481 890 695 972 Guiardnm
723 894 772 972 de
800 888 943 983 Ptaitli,
973 892 1217 983 scutifemm,
1246 922 1317 1001 per
1339 892 1486 983 dictum
1515 895 1748 1001 prepositum
1778 906 1909 960 annm
1929 908 1971 968 tv,

323 1023 539 1101 exconcioni
558 1024 796 1115 demandari,
813 1025 916 1103 dicto
932 1024 1102 1105 Guiardo
1118 1024 1269 1103 dicente
1288 1026 1394 1132 quod
1413 1025 1509 1103 dicta
1530 1025 1652 1104 littera
1669 1054 1749 1105 non
1848 997 1910 1041 lm

322 1153 630 1232 eratexecucioni
645 1154 925 1243 demandanda3
942 1182 1056 1262 super
1067 1155 1223 1262 quibas,
1240 1154 1369 1233 muitis
1381 1156 1609 1246 racionibus,
1625 1159 1748 1263 primo

322 1312 449 1363 coram
478 1286 578 1364 dicto
606 1288 798 1393 preposito
827 1314 976 1364 necnon
1002 1303 1132 1393 ponsa
1163 1314 1290 1364 coram
1319 1286 1461 1365 ballivo
1483 1288 1748 1366 silvanectensi

321 1417 411 1494 binc
437 1416 527 1493 inde
550 1419 774 1526 propositis,
796 1416 1001 1525 ajudicato
1028 1419 1118 1497 dicti
1143 1418 1271 1495 ballivi
1296 1444 1412 1525 super
1430 1420 1504 1496 boc
1523 1418 1641 1512 facto,
1666 1438 1750 1497 tan-

321 1574 437 1654 quam
452 1546 579 1625 afaiso
599 1565 638 1626 et
655 1576 785 1655 pravo,
801 1549 851 1625 ad
870 1565 1036 1627 nostram
1057 1549 1201 1625 curiam
1219 1574 1289 1655 pec
1303 1548 1447 1625 dictum
1462 1550 1673 1628 Iohannem
1690 1578 1750 1627 ex-

320 1677 411 1755 titit=
424 1674 676 1785 appeliatum:
697 1679 797 1758 Visis
810 1678 935 1786 igitur,
957 1680 996 1754 in
1017 1706 1126 1756 causa
1144 1679 1244 1755 dicte
1265 1678 1547 1784 appellacionis,
1570 1680 1749 1787 predictis

321 1806 574 1912 processibus,
592 1823 631 1884 et
645 1807 755 1885 dictis
767 1806 938 1914 partibus
952 1834 1067 1914 super
1084 1808 1158 1884 boc
1173 1806 1375 1914 diligenter
1390 1809 1546 1899 auditis,
1564 1838 1633 1916 par
1646 1812 1749 1889 curia

315 1937 662 2044 mejudicium,
677 1937 824 2017 acaum
843 1936 1035 2044 estquod
1053 1937 1152 2015 aea
1169 1937 1292 2015 naen
1308 1938 1446 2039 naevo
1464 1940 1747 2033 silvanectensi,
1874 1917 1877 1923 ’

320 2069 387 2175 qui
403 2097 505 2146 nunc
518 2086 592 2159 est,
607 2069 824 2147 remittetur
835 2068 1051 2146 excrucioni
1070 2068 1605 2160 debicc·demandanda,-salvo
1621 2088 1749 2149 tamen

321 2199 421 2278 dicto
446 2200 633 2290 Guiardo,
660 2200 693 2278 si
720 2198 901 2278 bailivum
929 2200 1145 2305 predictum
1175 2200 1490 2279 Silvanectenscm
1517 2183 1747 2309 requisierit,

319 2331 443 2438 quod,
461 2331 745 2410 ordinacionem
766 2330 914 2407 anobis
926 2330 1061 2409 factam
1076 2358 1190 2438 super
1203 2332 1337 2408 annuis
1353 2332 1566 2409 redditibus
1586 2331 1645 2409 vel
1660 2362 1751 2440 pen-

320 2461 507 2553 sionibus,
529 2463 578 2539 ad
595 2478 748 2570 tempus
769 2461 830 2540 vel
851 2462 899 2539 ad
924 2461 1056 2551 vitam,
1077 2462 1312 2568 prestandis,
1330 2489 1444 2568 super
1464 2462 1539 2541 hoc
1559 2462 1747 2555 observet,

320 2593 440 2700 quod,
457 2621 526 2700 per
543 2621 698 2700 presens
712 2592 943 2700 judicatum,
967 2592 1091 2671 eidem
1110 2592 1250 2671 ballivo
1266 2592 1477 2701 injungitur
1496 2594 1618 2701 quod,
1637 2622 1751 2700 super

319 2724 538 2834 hujusmodi
557 2729 751 2833 requesta,
770 2726 848 2805 visa
866 2724 1113 2803 ordinacione
1124 2725 1292 2832 predicta
1311 2754 1353 2801 ac
1372 2725 1449 2803 visa
1468 2724 1591 2802 littera
1611 2723 1750 2833 obliga-

319 2858 439 2937 cionis
460 2858 651 2965 predicte,
675 2858 800 2937 dictus
820 2856 998 2946 ballivus,
1024 2858 1199 2964 partibus
1211 2857 1351 2935 vocatis
1376 2873 1423 2935 et.
1438 2857 1598 2948 auditis,
1625 2856 1749 2934 eidem

319 2988 428 3067 iaciat
446 3018 562 3096 super
579 2989 653 3067 hoc
672 2988 810 3068 celcris·
818 2988 971 3098 justicie
991 2988 1328 3095 complementum.

232 3142 241 3160 ·
375 3123 476 3199 Jovis
495 3138 581 3199 ante
600 3123 832 3200 Brandoncs.
883 3155 886 3159 ·

376 3255 422 3329 Η.
444 3253 492 3330 de
512 3252 787 3332 Sancto-Paulo
805 3252 1021 3359 reportavit.

376 3517 467 3597 XVI.
497 3518 580 3596 Lite
599 3535 718 3609 mota,
740 3516 901 3594 incuria
921 3530 1065 3604 nostra,
1080 3514 1180 3593 inter
1194 3514 1387 3595 Valesium
1400 3514 1596 3605 comitem,
1613 3542 1657 3591 ea
1676 3542 1750 3590 una

319 3666 440 3757 parte,
462 3666 500 3727 et
519 3648 719 3727 dominum
739 3647 931 3737 Couciaci,
954 3676 998 3723 ex
1016 3644 1149 3736 altera,
1171 3648 1348 3752 supereo
1366 3645 1470 3753 quod
1488 3646 1612 3723 dictus
1627 3646 1751 3723 domi-

319 3810 390 3859 nus
418 3780 593 3860 Couciaci
623 3780 773 3860 dicebat
798 3807 839 3858 se
870 3778 995 3858 solum
1024 3806 1105 3855 esse
1135 3778 1175 3853 in
1200 3777 1335 3854 saisina
1366 3778 1565 3855 exercendi
1596 3805 1750 3856 omnem

313 3912 517 4022 justiciam,
534 3940 604 3990 seu
612 3912 832 4020 justiciandi
847 3938 960 4018 supra
974 3914 1132 4016 ponte‘m
1144 3916 1183 3987 st
1199 3907 1376 3987 calcciam
1396 3908 1443 3986 de
1460 3908 1643 3997 Traimes,
1656 3936 1752 4014 quo-

319 4042 422 4119 ciens
441 4068 548 4119 casus
567 4042 706 4120 adhoc
720 4070 760 4120 se
780 4040 1018 4133 obtuleramt,
1041 4057 1080 4119 et
1091 4069 1157 4127 sc,
1176 4040 1216 4116 in
1232 4038 1331 4117 dicta
1351 4037 1504 4129 saisina,
1525 4036 1752 4145 impeditum

319 4202 387 4253 seu
406 4173 600 4253 turbatum
619 4200 688 4281 per
711 4188 850 4281 gentes
863 4172 1013 4250 comitis
1030 4172 1215 4277 predicti,
1233 4171 1339 4250 'dicto
1360 4172 1498 4249 comite
1521 4170 1749 4247 contrarium

319 4322 522 4397 asserente,
539 4322 579 4383 et
593 4304 744 4382 dicente
759 4332 800 4382 se
813 4331 894 4382 esse
909 4303 951 4381 iu
965 4303 1102 4381 saisina
1116 4300 1321 4410 colligandi
1336 4318 1374 4379 ct
1388 4300 1535 4379 levandi
1551 4299 1751 4409 grangiam

320 4436 490 4515 debitum
506 4465 528 4513 a
547 4436 851 4544 quibuscumque
866 4462 978 4540 supra
992 4434 1113 4511 dictos
1132 4448 1290 4539 pontem
1310 4448 1350 4509 et
1365 4429 1545 4509 calceiarn
1559 4446 1752 4507 transcen

319 4568 435 4657 tibus,
457 4567 682 4647 vehentibus
700 4594 770 4646 seu
789 4565 1021 4645 ducentibus
1037 4581 1284 4655 mercaturas,
1299 4590 1370 4669 pro
1386 4558 1543 4668 quibus,
1561 4560 1609 4639 dc
1625 4586 1698 4637 usu
1714 4576 1752 4635 st

320 4700 595 4791 consuetudine
621 4698 760 4806 patrie,
787 4698 951 4777 debetur
977 4696 1178 4807 gruagium
1202 4711 1242 4773 ct
1265 4692 1426 4783 maxime
1452 4691 1492 4771 in
1518 4690 1582 4769 die
1605 4691 1751 4771 veneris

320 4845 464 4919 sancta,
484 4832 635 4910 racione
655 4831 927 4920 nundinarum,
955 4828 1054 4907 dicta
1073 4828 1136 4905 dia
1156 4825 1319 4915 veneris,
1346 4823 1385 4903 in
1406 4822 1491 4901 villa
1513 4820 1560 4899 dc
1581 4822 1751 4899 Traimes

321 4959 582 5052 existencium,
608 4963 781 5070 quolibet
800 4990 919 5050 anno,
948 4960 1120 5067 capiendi
1140 4958 1257 5037 eciam
1284 4972 1323 5035 et
1347 4954 1553 5035 affectandi
1576 4982 1653 5031 non
1679 4954 1751 5031 sol-

320 5107 460 5185 ventes,
471 5109 510 5171 et
515 5091 745 5201 justiciandi‚
757 5094 954 5174 occauoue
963 5092 1054 5173 dicti
1063 5090 1401 5202 gruagii,eteciam
1410 5086 1571 5167 faciendi
1584 5083 1747 5191 explora
