4450 6209
725 743 996 854 suoutrus
1021 763 1086 836 ar
1111 744 1320 839 raucas.
1664 771 1734 840 ns

312 907 481 985 dicentes
499 929 565 981 eos
583 929 665 981 esse
685 903 842 982 domino
862 905 953 1012 Regi
973 905 1208 996 commissam
1230 922 1308 982 ete
1336 923 1465 984 contra
1485 905 1574 986 dicti
1594 935 1736 986 merca-
1775 917 1905 973 uanam
1917 921 1961 983 lv,

309 1056 430 1128 tores,
448 1033 624 1144 pluribus
640 1033 858 1113 nacionibus
868 1053 1128 1144 proponentes
1148 1036 1268 1114 dictos
1281 1064 1429 1143 panum
1442 1066 1521 1114 non
1538 1067 1619 1118 esse
1638 1067 1737 1117 come
1836 1011 1900 1054 Μ’

310 1169 461 1257 missos,
481 1182 656 1274 peterent
680 1193 745 1245 eos
759 1163 841 1244 'sibi
861 1167 971 1245 reddi
991 1199 1001 1244 z
1021 1167 1196 1244 Tandem
1215 1166 1354 1246 auditis
1373 1167 1462 1245 hinc
1482 1168 1574 1246 inde
1599 1197 1737 1277 propo

312 1299 408 1389 sitis,
430 1314 470 1375 et
486 1295 563 1373 visa
581 1296 755 1404 inquesta
774 1325 890 1404 super
908 1297 1049 1376 hoedo
1068 1298 1247 1376 mandato
1267 1298 1519 1381 nostrumne
1536 1298 1648 1390 lacta,
1669 1329 1737 1406 per

167 1413 172 1418 ³
308 1427 497 1534 judicium
516 1443 642 1504 nostre
662 1427 785 1513 curie,
806 1425 951 1504 dictum
969 1423 1043 1503 fait
1062 1426 1167 1534 quod
1188 1427 1413 1534 dictipanui
1431 1429 1645 1509 reddentur
1664 1431 1738 1508 eis-

313 1560 402 1636 dem
419 1557 710 1645 mercatoribus,
730 1556 807 1649 vel,
828 1557 859 1635 si
880 1575 1121 1647 uomentem,
1140 1558 1244 1637 valor
1264 1587 1408 1638 aarum.
1441 1631 1443 1638 Α
1572 1569 1577 1576 ’

368 1691 497 1769 Martis
513 1707 600 1798 post
617 1689 769 1767 octabas
786 1689 1043 1767 Braudouum.

368 1821 478 1900 Divio
495 1820 707 1928 reportavit.
786 1885 791 1890 .

368 2087 426 2166 lv.
457 2081 557 2164 Cum
576 2083 770 2192 quoddam
785 2083 998 2192 judicatum
1017 2084 1158 2162 lacum
1176 2083 1309 2166 fuisset
1322 2087 1364 2164 in
1382 2087 1583 2167 Castelleto
1603 2103 1737 2168 nostro

311 2216 507 2294 Parisiensi
537 2243 607 2322 per
623 2217 860 2324 prepositum
876 2217 1142 2309 Parisiensem,
1173 2245 1240 2294 seu
1266 2217 1393 2296 locum
1418 2219 1499 2328 ejus
1526 2236 1736 2310 tenentem,
1764 2197 1768 2206 Ι

312 2365 440 2424 contra
458 2347 666 2426 Johannem
688 2347 723 2426 le
742 2350 882 2426 Breton
901 2364 941 2425 et
957 2335 1141 2456 Agnetam
1161 2347 1197 2424 la
1215 2350 1343 2436 Brete,
1370 2348 1451 2456 ejus
1469 2378 1647 2439 uxorem,
1667 2379 1738 2458 pro

312 2477 545 2557 Guidomaro
565 2477 601 2555 le
621 2479 777 2570 Baeton,
794 2506 908 2584 super
926 2479 1165 2558 successione
1179 2479 1372 2556 bonorum
1386 2480 1523 2556 Yvonis
1543 2480 1738 2560 dictiGra-

312 2609 451 2701 vadou,
470 2609 578 2717 cujus
593 2608 690 2686 dicta
708 2609 831 2718 Agnes
846 2626 998 2719 cognata
1015 2626 1053 2686 et
1069 2610 1181 2686 heres
1198 2626 1349 2701 erat,‘ut
1364 2607 1528 2699 dicebat,
1546 2627 1584 2688 et
1601 2639 1621 2686 a
1636 2610 1738 2689 dicto

306 2741 498 2849 judicato,
518 2759 700 2849 tanquam
726 2769 747 2816 a
772 2769 886 2847 pravo
911 2758 950 2818 et
967 2739 1080 2831 falso,
1101 2739 1150 2818 ad
1171 2753 1337 2820 nostram
1358 2741 1517 2831 curiam,
1542 2769 1612 2847 pro
1633 2761 1737 2850 parte
1870 2819 1877 2826 .

312 2871 484 2979 ipsorum
511 2873 736 2981 conjugum,
763 2871 881 2950 fuerit
907 2871 1140 2980 appellatum
1166 2905 1174 2948 ε
1197 2873 1387 2960 Tandem,
1409 2874 1548 2952 auditis
1567 2873 1737 2980 partibus

312 3003 402 3081 hinc
421 3021 459 3081 et
478 3001 585 3091 inde,
607 3019 646 3080 et
665 3031 795 3081 earum
822 3003 1036 3082 nacionibus
1055 3021 1093 3081 at
1112 3002 1401 3084 defensionibus
1419 3003 1639 3094 intellectis,
1659 3006 1737 3108 viso
1765 2999 1766 3004 ¹

314 3135 431 3212 eciam
450 3133 629 3242 processu
649 3133 779 3212 habito
799 3163 927 3213 coram
945 3136 1081 3246 eodem
1105 3135 1321 3242 preposito,
1337 3150 1377 3213 et
1393 3135 1552 3214 testibus
1571 3136 1619 3214 de
1640 3163 1737 3216 novo

312 3265 513 3373 superbiis
526 3262 760 3358 examinatis,
777 3267 923 3344 dictum
938 3266 1027 3356 suit,
1046 3295 1116 3374 per
1129 3285 1316 3346 arrestum
1331 3277 1460 3346 nostre
1475 3267 1598 3356 curie,
1616 3268 1737 3346 dictos

311 3398 491 3506 conjuges
509 3395 610 3474 bene
629 3395 834 3503 appellasse
854 3415 893 3475 et
911 3396 1010 3476 male
1027 3398 1321 3504 pronunciatum
1337 3395 1452 3476 laissa
1470 3398 1510 3474 in
1526 3399 1596 3476 hac
1613 3415 1736 3504 parte,

314 3546 353 3606 et
370 3528 545 3606 saisinam
570 3555 639 3605 seu
662 3527 941 3635 possessionem
964 3529 1157 3606 bonorum
1184 3526 1404 3634 hujusmodi
1425 3525 1565 3608 debere
1588 3529 1737 3611 restitui

313 3658 540 3768 conjugibus
565 3659 779 3749 antedictis,
800 3659 898 3737 salva
922 3659 1122 3767 questione
1147 3657 1402 3765 proprietatis,
1424 3659 1455 3734 si
1477 3687 1566 3765 pars
1585 3661 1736 3738 adversa

272 3850 277 3857 .
312 3819 428 3896 super
446 3791 520 3867 hoc
538 3817 647 3898 agere
663 3790 827 3868 voluerit
845 3809 976 3869 contra
995 3818 1082 3879 eos;
1100 3789 1235 3870 ,dantes
1254 3789 1445 3896 preposito
1464 3790 1662 3870 Parisiensi
1679 3811 1738 3870 te-

313 3950 406 4000 nore
425 3921 664 4027 presencium
690 3923 731 3998 in
756 3923 959 4013 mandatis,
980 3921 1159 4030 quatinus
1187 3921 1295 4000 dictis
1318 3921 1544 4030 conjugibus
1564 3923 1737 4002 saisinam

313 4053 503 4133 bonorum
516 4053 703 4159 ipsorum,
717 4053 834 4132 modo
848 4052 1037 4161 predicto,
1051 4060 1179 4130 amoto
1193 4051 1468 4159 impedimento
1480 4081 1736 4161 quommque,

313 4185 395 4262 sine
415 4184 604 4262 dilacione
619 4184 790 4294 qualibet
808 4184 918 4263 saciat
936 4183 1099 4262 liberari.
1239 4193 1242 4200 '

368 4316 567 4395 Dominica
586 4345 663 4425 qua
681 4334 852 4395 cantatur
869 4318 1002 4392 Letare
1018 4314 1237 4394 Jerusalem.
1281 4373 1284 4378 -

367 4583 411 4659 V.
441 4581 541 4661 Cum
555 4581 678 4687 major
688 4581 851 4689 etjurati
865 4581 1168 4670 Suessionenses,
1185 4579 1397 4660 secundum
1409 4595 1594 4656 arrestum
1612 4590 1739 4658 nosne

312 4712 432 4800 curie,
453 4711 566 4790 nobis
583 4714 785 4790 emendam
804 4711 1029 4823 gagiaverint
1044 4739 1113 4819 pro
1135 4739 1180 4803 eo
1201 4711 1306 4818 quod
1325 4710 1397 4819 ipsi
1413 4709 1542 4790 dilecti
1557 4727 1596 4788 et
1609 4710 1739 4793 tidelis

311 4844 430 4921 nonai
451 4845 617 4950 episcopi
635 4845 916 4923 suessionensis
934 4843 1160 4922 servientem
1185 4850 1383 4952 ceperunt,
1406 4842 1472 4950 qui
1497 4843 1660 4923 seruiens
1681 4842 1740 4920 di-

208 4964 212 4968 *
312 4968 470 5052 sebatur
485 4977 692 5084 quemdam
704 4977 848 5054 dictum
865 4976 902 5054 le
917 4975 995 5084 Gay
1008 5003 1080 5082 pro
1093 4975 1309 5083 suspicione
1323 4974 1413 5054 furti
1429 4974 1570 5084 cepisse
1578 4977 1623 5054 iu
1639 4991 1738 5053 terra

313 5107 479 5214 episcopi
506 5108 686 5215 predicti,
712 5125 752 5186 et
777 5107 984 5186 noluerunt
1011 5135 1102 5186 eum
1132 5108 1293 5190 reddare
1320 5107 1495 5191 servienti
1524 5124 1669 5198 nostro,
1691 5107 1739 5184 ad

398 5282 453 5324 aas
473 5283 556 5326 οιιιι.
574 5285 618 5324 ιιι.
756 5261 763 5272 ’
1164 5279 1170 5292 ’
1577 5263 1612 5324 ι5
