4450 6209
484 671 559 742 200
1028 663 1157 738 ’tos
1188 664 1325 738 OmM.

257 829 388 882 asserere
401 826 445 886 lv,
484 810 638 887 brarum
660 809 943 896 Parisieneium,
963 808 1065 885 idem
1086 807 1282 896 Nicolaus,
1304 823 1482 914 tanquam
1509 835 1528 882 a
1546 805 1639 882 falso
1659 823 1697 882 et
1713 833 1842 912 pravo,
1865 805 1909 880 ad

320 922 382 964 Μ’
485 958 654 1018 nostram
673 940 814 1018 curiam
840 939 989 1017 duxerit
1008 937 1276 1046 appellandum
1295 967 1304 1010 τ
1323 939 1364 1014 ln
1384 965 1490 1015 eausa
1514 937 1614 1014 dicte
1629 936 1908 1044 appellacionis,

485 1073 623 1151 auditis
636 1070 807 1178 partibus
821 1069 1036 1158 antedictis,
1053 1087 1093 1147 et
1103 1069 1191 1148 visis
1204 1095 1383 1174 processu
1400 1084 1438 1145 et
1447 1066 1618 1176 judicato
1633 1067 1828 1174 predictis,
1846 1095 1912 1173 per

484 1204 586 1282 curie
602 1221 728 1281 nostre
738 1201 945 1309 judicium,
962 1203 1107 1280 dictum
1123 1201 1194 1278 fuit
1205 1218 1244 1278 et
1253 1181 1543 1308 pronunciatum
1559 1199 1770 1305 predictum
1782 1225 1909 1304 prepo

483 1337 597 1412 situm
617 1335 715 1412 bene
730 1334 921 1442 judicasse
946 1352 984 1411 et
1003 1333 1148 1412 dictum
1168 1332 1363 1411 Nicolaum
1386 1332 1484 1410 male
1505 1330 1727 1437 appellasse,
1751 1349 1789 1408 et
1808 1329 1910 1436 quod

483 1468 561 1572 ipse
581 1467 655 1544 hoc
674 1466 905 1544 emendabit.

537 1597 638 1674 lovis
657 1611 745 1703 post
763 1574 1123 1674 Sanctam-Luciam.

541 1729 664 1805 Mouci
684 1727 898 1833 reportavit.

542 1996 649 2070 xxti.
680 1995 780 2072 Cum
800 1993 1046 2082 Guillelmus,
1069 1994 1248 2071 dominus
1268 1991 1551 2083 Montis-Acuti,
1574 1991 1701 2080 miles,
1726 2011 1763 2069 et
1781 1994 1911 2082 Maria,

488 2127 568 2232 ejus
593 2155 703 2215 uxor,
726 2155 852 2204 coram
877 2127 1099 2206 custodibus
1124 2127 1381 2204 nundinarum
1405 2127 1625 2233 Campanie,
1653 2127 1912 2204 vendicionem

487 2259 660 2334 omnium
680 2257 890 2351 bonorum,
908 2256 1109 2337 mobilium
1130 2276 1168 2336 et
1187 2257 1449 2350 inmobilium;
1468 2286 1543 2366 que
1561 2259 1726 2336 Herveus
1738 2259 1863 2336 lodon
1880 2274 1914 2334 et

487 2390 694 2480 lebannes,
712 2391 794 2498 ejus
810 2389 932 2478 lilius,
952 2390 1143 2468 habebant
1164 2407 1201 2465 et
1218 2389 1359 2468 babere
1380 2407 1553 2495 poterant
1572 2386 1714 2465 invilla
1732 2406 1769 2466 et
1786 2391 1914 2465 Parro-

488 2522 574 2598 cbia·
593 2521 813 2629 dbquuain,
831 2523 879 2601 ad
895 2523 1115 2600 instanciam
1132 2521 1364 2600 creditorum
1381 2549 1553 2612 suorum,
1570 2523 1617 2598 de
1643 2521 1822 2598 mandato
1842 2523 1915 2598 dic·

487 2671 616 2729 torum
636 2654 859 2742 custodum,
877 2684 946 2760 pro
962 2652 1132 2731 iacienda
1148 2655 1375 2732 execuciooe
1390 2671 1600 2733 contractus
1617 2654 1802 2731 dictarum
1821 2683 1915 2732 nun-

489 2786 685 2870 dinarum,
715 2812 784 2891 per
810 2785 1002 2862 dominam
1038 2785 1312 2864 Sancti-Verani
1341 2785 1474 2862 laetam
1501 2786 1665 2862 iohanni
1696 2784 1913 2892 Darrebloy,

489 2935 663 3022 peterent
687 2917 865 3007 anullari,
891 2937 928 2995 et
947 2919 1046 2996 dicta
1066 2919 1167 2996 bona
1188 2919 1330 2998 eisdem
1355 2919 1582 3026 conjugibus
1600 2918 1698 2996 tradi
1720 2938 1758 2996 et
1776 2915 1917 2996 delibe-

490 3047 584 3134 rari,
608 3048 709 3125 dicto
727 3049 899 3126 lobanne
918 3050 1048 3157 plures
1067 3051 1236 3128 raciones
1255 3051 1295 3127 in
1321 3050 1553 3128 contrarium
1572 3067 1833 3157 proponente,
1856 3077 1918 3124 au·
2014 3098 2019 3108 ·

491 3179 655 3286 ditisque
675 3180 845 3284 parcium
871 3181 1083 3259 racionihus
1105 3181 1193 3258 bine
1214 3201 1251 3259 et
1271 3182 1380 3275 inde,
1403 3182 1493 3258 dicti
1515 3183 1709 3270 custodes,
1733 3211 1800 3288 per
1815 3181 1917 3290 judi-

490 3311 591 3387 cium
618 3339 751 3403 suum,
765 3313 1107 3418 pronunciassent,
1136 3313 1475 3392 nonobstantibus
1501 3313 1717 3392 nacionibus
1749 3343 1792 3389 er
1815 3329 1917 3419 parte
2026 3389 2028 3396 ,

492 3443 678 3520 dictorum
694 3446 899 3554 conjugum
917 3435 1137 3551 propositis,
1155 3445 1294 3522 dictam
1306 3446 1571 3523 vendicionem
1584 3437 1707 3522 valere
1724 3462 1763 3522 et
1775 3462 1917 3530 tenere,

491 3575 712 3682 dictumque
727 3593 939 3683 emptorem
960 3575 1071 3652 dictis
1083 3576 1196 3652 bonis
1211 3576 1375 3684 gaudere
1393 3575 1553 3666 debere,
1569 3577 1725 3683 predicti
1744 3575 1920 3683 conjuges

383 3697 387 3705 ⁴
490 3737 511 3780 a
520 3705 692 3812 judicato
705 3705 893 3813 predicto,
912 3726 1089 3813 tanquam
1104 3737 1125 3782 a
1143 3707 1237 3784 salso
1252 3727 1292 3784 et
1310 3735 1438 3814 prav0,
1457 3708 1505 3786 ad
1522 3725 1688 3786 nostram
1706 3709 1848 3784 curiam
1862 3735 1922 3811 ap-

491 3837 707 3944 pellarunt:
729 3838 955 3916 Constitutis·
969 3840 1086 3945 igitur
1104 3841 1145 3916 in
1166 3839 1269 3916 curia
1289 3857 1417 3918 nostra
1437 3840 1547 3917 dictis
1566 3840 1735 3947 partibus
1756 3840 1795 3914 in
1815 3867 1919 3915 causa

493 3969 757 4074 appellacionis
780 3970 966 4078 predicte,
994 3987 1033 4047 et
1061 3970 1202 4049 auditis
1230 3999 1363 4048 eorum
1392 3971 1624 4062 racionibus,
1661 4001 1703 4048 ac
1726 3972 1814 4050 visis
1837 3997 1921 4077 pro-

493 4128 601 4178 cessu
626 4119 664 4178 et
680 4102 851 4208 judicato
875 4102 1071 4208 predictis,
1093 4132 1163 4209 per
1187 4102 1290 4180 curie
1314 4121 1440 4181 nostre
1456 4102 1663 4211 judicium,
1687 4104 1833 4180 dictum
1853 4102 1922 4178 fuit

495 4249 532 4310 et
554 4234 847 4338 pronunciatum
874 4235 994 4313 dictos
1019 4236 1196 4313 custodes
1220 4233 1319 4312 bene
1335 4235 1539 4342 judicasse,
1565 4253 1603 4312 et
1621 4235 1810 4341 predictos
1838 4254 1922 4310 con·-

489 4364 601 4472 juges
620 4365 718 4441 male
739 4365 964 4473 appellasse,
991 4385 1028 4443 et
1045 4368 1152 4475 quod
1168 4366 1381 4473 judicatum
1401 4367 1613 4474 predictum
1633 4363 1821 4443 dictorum
1844 4393 1921 4440 cus-

494 4495 628 4572 todum
643 4495 885 4575 mandabitur
902 4499 1136 4588 erecucioni,
1155 4516 1193 4576 et
1207 4499 1311 4605 quod
1327 4499 1398 4605 ipsi
1415 4498 1489 4576 hoc
1504 4498 1774 4576 emendabunt.
1811 4521 1813 4526 ’

552 4627 603 4702 Μ.
624 4626 781 4734 Egidius
796 4628 844 4705 de
860 4629 992 4707 Remio
1007 4630 1223 4735 reportavit.
1263 4689 1265 4694 .

553 4756 754 4834 Dominica
767 4773 857 4862 'post
877 4761 1239 4839 Sanctam-Luciam.

556 5019 680 5096 xxlfl.
710 5022 807 5099 Cum
827 4973 1006 5130 supereo
1025 5026 1131 5130 quod
1152 5026 1329 5104 dominus
1349 5027 1397 5105 de
1418 5026 1602 5111 Mailliaco
1623 5026 1775 5133 petebat
1793 5023 1923 5102 lohan-
