4450 6209
741 722 1009 832 evectans
1034 742 1098 814 nr
1124 722 1328 852 raeces
1675 740 1743 817 ter

327 885 562 995 pellacionis‚
584 883 762 991 predictis
781 884 949 993 partibus
967 886 1008 960 in
1028 899 1153 961 nostra
1180 886 1281 962 curia
1299 882 1532 975 constitutis,
1557 900 1597 961 ct
1615 883 1752 965 auditis
1785 894 1915 950 Parnm
1936 893 1980 957 IV.

325 1018 493 1126 parcium
511 1016 726 1094 racionibus
744 1017 835 1094 binc
852 1035 890 1094 et
902 1017 1007 1105 inde,
1025 1017 1181 1123 visoque
1199 1040 1375 1122 processu
1390 1015 1558 1120 parcium
1575 1016 1752 1121 predicta·
1850 986 1913 1029 mi

325 1180 427 1241 rum,
451 1178 517 1257 per
538 1148 641 1226 curie
660 1168 787 1227 nostre
805 1150 995 1257 judicium
1023 1148 1167 1225 dictnrn
1187 1146 1259 1224 luit
1281 1146 1494 1255 predictum
1513 1147 1750 1253 prepositum

325 1283 422 1358 bene
444 1282 631 1389 judicasse
662 1300 700 1359 et
724 1281 869 1358 dictum
897 1279 1123 1360 Ganfridum
1150 1280 1249 1356 male
1278 1278 1503 1386 appellasse,
1531 1296 1568 1357 et
1594 1280 1750 1357 manda·-

325 1414 429 1491 bitur
446 1413 661 1489 execucioni
679 1412 889 1521 judicatum
909 1412 1134 1519 predictum.

379 1544 490 1622 Dicte
505 1542 687 1622 Gaulrido
707 1546 807 1621 curia
822 1574 866 1621 ex
880 1574 988 1623 causa
999 1542 1145 1621 remisit
1158 1542 1266 1619 istam
1281 1540 1493 1618 emendam.

379 1676 477 1753 Jovis
490 1692 574 1783 post
585 1676 845 1787 Epiphaniam.

379 1936 486 2014 XCV.
518 1935 631 2023 Cum,
660 1950 816 2042 propter
846 1936 1027 2041 quasdam
1064 1935 1222 2042 injurias
1257 1964 1349 2041 quas
1382 1936 1490 2041 Hugo
1519 1934 1567 2013 de
1594 1934 1750 2015 Cbaslu·

323 2069 421 2157 ceio,
452 2064 691 2155 domicellus,
719 2065 888 2143 intulisse
912 2066 1106 2143 dicebatur
1129 2066 1232 2142 fratri
1258 2065 1466 2145 Guillelmo
1490 2068 1537 2143 de
1564 2067 1748 2175 Gingnac,

321 2200 505 2276 monacho
526 2198 793 2286 Sabeniarnm,
821 2199 965 2275 ordinis
989 2196 1265 2286 Cluniacensis,
1288 2198 1448 2275 ballivus
1467 2197 1660 2287 Arvernis,
1682 2228 1751 2306 par

322 2332 530 2437 inquestam
547 2358 660 2436 super
674 2331 747 2408 boc
761 2328 913 2419 iactam,
931 2332 1073 2407 dictum
1089 2330 1288 2437 Hngonem
1304 2329 1475 2435 predicto
1490 2332 1690 2418 monacho,
1710 2332 1749 2408 in

320 2463 565 2568 quadraginta
585 2462 709 2554 libris,
733 2480 770 2538 et
791 2462 946 2538 domino
967 2461 1075 2569 Regi,
1097 2490 1166 2568 pro
1191 2462 1352 2537 emenda
1372 2488 1454 2548 sua,
1473 2462 1515 2536 in
1535 2478 1686 2537 centurn
1707 2462 1750 2538 li-

320 2594 398 2671 bris
418 2593 717 2681 Turonensibus‚
742 2593 1073 2698 condempnasset,
1092 2610 1129 2669 et
1142 2592 1245 2669 idern
1258 2594 1367 2699 Hugo
1390 2620 1411 2668 a
1430 2592 1749 2669 condemnacione

321 2726 539 2833 hujusmodi
557 2726 606 2801 ad
619 2742 786 2802 nostram
802 2725 943 2801 curiam
958 2723 1196 2831 appellasset,
1211 2722 1382 2811 tandem,
1398 2723 1439 2798 in
1456 2751 1565 2800 causa
1581 2723 1679 2799 dicte
1692 2752 1750 2829 ap

319 2856 553 2964 pellacionis‚
575 2856 753 2963 predictis
771 2856 938 2961 partibus
957 2856 997 2932 in
1018 2855 1120 2932 curia
1143 2872 1271 2931 nostra
1286 2853 1606 2959 comparentibus,
1627 2855 1750 2931 dictus

320 2988 445 3097 Hugo‚
468 2987 642 3094 pluribus
661 2986 876 3065 racionibus
897 2990 1096 3094 proposuit
1119 2986 1158 3063 id
1181 2985 1286 3093 quod
1307 3014 1379 3091 perw
1401 2986 1544 3063 dictum
1557 2985 1747 3064 ,ballivum

320 3148 433 3226 super
443 3121 516 3196 boc
529 3118 666 3195 lactum
683 3118 805 3195 fuerat
816 3120 978 3195 revocari
992 3118 1148 3207 debere,
1161 3134 1265 3225 parte
1277 3118 1428 3194 adversa
1441 3118 1569 3224 plnres
1579 3117 1748 3197 raciones

319 3252 358 3326 in
371 3250 601 3326 contrarium
616 3266 853 3356 proponente
868 3248 1041 3326 :Auditis
1053 3249 1169 3355 igitur
1184 3248 1272 3325 hinc
1287 3248 1376 3325 inde
1392 3248 1605 3355 propositis,
1621 3268 1658 3327 et
1672 3252 1746 3327 visa

319 3381 492 3486 inquesta
511 3408 625 3485 snper
640 3380 749 3457 dictis
767 3380 915 3487 injuriis
930 3380 1040 3467 facta,
1054 3407 1123 3486 per
1138 3380 1239 3455 curie
1256 3396 1383 3457 nostre
1393 3380 1583 3488 judicium
1601 3380 1745 3457 dictum

318 3511 390 3588 fuit
414 3512 624 3617 predictum
648 3512 830 3588 ballivum
850 3510 948 3589 bene
965 3511 1169 3617 judicasse,
1196 3528 1233 3587 et
1259 3510 1402 3587 dictum
1423 3513 1622 3619 Hugonem
1647 3512 1745 3587 male

319 3643 540 3749 appellasse,
566 3661 604 3721 et
622 3645 724 3750 quod
747 3642 915 3749 predicta
936 3642 1233 3748 condempnacio
1256 3642 1499 3720 mandabitur
1518 3644 1743 3720 exeuucioni.

319 3773 432 3852 Curia
455 3804 543 3852 vero
564 3775 764 3851 emendam
787 3804 809 3851 a
833 3773 935 3850 dicto
959 3776 1024 3862 H.‚
1047 3801 1118 3880 pro
1140 3773 1239 3851 dicta
1261 3772 1634 3880 malaappellacione
1660 3804 1742 3862 sua,

319 3905 484 3984 debitam
505 3905 575 3981 sibi
590 3904 737 3982 remisit
752 3932 795 3981 ex
815 3933 933 3981 causa.

373 4038 472 4114 Jovis
491 4037 529 4112 in
550 4036 644 4113 festo
667 4037 783 4112 sancti
806 4037 1008 4115 Vincencii.

373 4297 496 4377 XCVI.
528 4298 625 4373 Cum
651 4298 784 4372 Petrus
807 4296 990 4383 Penrant,
1016 4295 1232 4401 prepositus
1253 4313 1346 4372 tunc
1368 4295 1416 4372 de
1444 4295 1660 4385 Exolduno,
1681 4297 1742 4372 Jo-

318 4430 483 4508 hannem
502 4427 659 4538 Bergois
682 4426 835 4519 Milant,
855 4454 924 4533 pro
944 4425 1157 4532 suspicione
1183 4425 1379 4534 cujusdam
1402 4425 1602 4514 latrocinii,
1625 4424 1743 4531 cepis-

316 4577 450 4649 set,'et
471 4578 601 4637 contra
620 4588 710 4637 eum
726 4586 844 4665 super
863 4559 937 4635 hoc
956 4556 1214 4664 processisset,
1231 4585 1458 4665 quamquam
1479 4554 1580 4633 idem
1603 4556 1742 4633 loban-

316 4718 384 4767 nes
410 4709 539 4768 contra
565 4720 653 4769 eum
682 4689 812 4797 plures
840 4717 967 4766 causas
991 4689 1242 4767 recusacionis
1266 4686 1542 4795 proposuisset,
1569 4688 1739 4777 tandem,

316 4820 421 4896 idem
441 4824 653 4927 prepositus
674 4821 819 4899 dictum
836 4821 1067 4913 Jobannem,
1089 4846 1159 4926 per
1180 4820 1354 4899 homines
1371 4818 1475 4897 curie
1496 4818 1593 4897 dicte
1613 4846 1744 4927 prepo

315 4952 448 5044 siture‚
466 4953 514 5028 ad
533 4953 711 5031 ultimum
732 4951 960 5061 supplicium
976 4950 1284 5060 condempnavit3
1305 4980 1326 5029 a
1347 4980 1423 5060 quo
1438 4950 1626 5059 judicato,
1645 4966 1741 5029 tarn-

316 5112 430 5190 quam
446 5081 539 5160 falso
555 5100 593 5159 et
609 5112 740 5191 pravo,
761 5085 885 5164 dictus
898 5086 1087 5163 Jobannes
1106 5112 1253 5163 necnon
1269 5085 1459 5163 lebannes
1477 5082 1632 5168 Milant,
1649 5080 1739 5161 dicti

1557 5234 1607 5297 62.
