4450 6209
508 703 581 776 572
1071 707 1177 779 LES
1206 704 1349 780 OLlM.

280 849 409 904 Pflfflm
422 851 465 914 tv,
501 845 645 924 tutorio
661 873 794 923 eorum
810 847 964 924 nomine
971 845 1364 954 ,dictosqueliberos,
1382 873 1427 924 ex
1441 873 1517 924 una
1529 863 1651 953 parte
1667 863 1705 925 et
1716 845 1926 926 Grraudum

2123 1250 2124 1333 l

2123 1390 2124 1439 l

2123 1454 2124 1529 l

342 941 405 985 ¹³¹⁰
503 978 676 1057 Dautour
690 994 729 1054 et
742 978 894 1054 Petrum
912 978 1149 1068 deNaborac,
1160 977 1369 1088 burgenses
1385 978 1432 1056 de
1446 979 1603 1085 Ryomo,
1617 1005 1662 1056 ex
1675 977 1804 1066 altera,
1817 1007 1927 1085 super

507 1134 551 1184 eo
568 1108 672 1215 quod
688 1105 786 1184 dieta
804 1106 950 1198 relicta,
973 1109 1128 1188 nomine
1148 1109 1337 1215 predicto,
1355 1107 1504 1187 dicebat
1518 1109 1639 1187 dictos
1657 1107 1865 1216 brugenses
1880 1109 1925 1186 ab

504 1237 671 1344 ipsorum
691 1237 965 1344 appellacione,
987 1267 1100 1346 quam
1120 1238 1191 1346 ipsi
1211 1238 1260 1316 ad
1278 1267 1348 1318 nos
1367 1240 1672 1345 interposuerant
1693 1267 1714 1314 a
1742 1240 1926 1316 sententia

504 1367 710 1446 cancellarii
732 1367 781 1446 de
798 1370 942 1477 Ryomo
963 1388 1092 1448 contra
1109 1369 1211 1477 ipsos
1229 1369 1313 1458 lata,
1329 1397 1399 1476 pro
1418 1369 1520 1449 dicto
1535 1372 1647 1448 Petro
1661 1368 1817 1458 Heliou,
1834 1369 1925 1448 ceci·

503 1497 618 1589 disse,
640 1525 710 1604 pro
735 1527 781 1576 eo
800 1499 906 1605 quod
929 1499 1089 1578 heredes
1109 1500 1200 1577 dicti
1220 1500 1321 1577 Petri
1339 1500 1495 1591 Heliou,
1517 1516 1605 1606 post
1622 1515 1785 1578 mortem
1810 1499 1926 1605 ipsius

502 1629 599 1706 Petri
613 1631 696 1738 qui,
720 1629 788 1707 diu
805 1647 890 1708 ante
908 1631 1185 1738 parlamentum
1203 1631 1454 1738 subsequens,
1472 1630 1611 1708 dictam
1631 1628 1925 1737 appellacionem

503 1757 726 1848 decesserat,
742 1786 821 1837 non
834 1759 999 1838 fecerant
1013 1760 1219 1870 adjcrnar'i,
1235 1760 1342 1868 quod
1357 1759 1478 1838 lacere
1494 1758 1700 1849 debebant,
1715 1760 1924 1837 secundum

502 1890 816 1985 cousuetudinem
842 1892 943 1968 curie
969 1907 1096 1970 nostre
1118 1891 1323 1979 notoriam,
1345 1907 1390 1968 ut
1414 1891 1584 1980 dicebat,
1605 1907 1710 1997 parte
1735 1890 1922 1968 dictorum

501 2020 746 2130 burgensium
771 2021 1000 2100 contrarium
1024 2036 1229 2110 asserente,
1253 2036 1292 2098 et
1315 2021 1464 2098 dicente
1483 2020 1589 2128 quod
1607 2021 1677 2126 ipsi
1697 2019 1925 2100 sufficienter

501 2149 666 2228 fecerant
684 2177 797 2256 super
816 2150 889 2227 hoc
909 2151 1030 2229 dictos
1050 2149 1209 2228 heredes
1227 2149 1417 2256 adjornari
1438 2151 1671 2256 quamcicius
1688 2151 1737 2226 ad
1756 2150 1924 2257 ipsorum

500 2280 747 2389 burgensium
767 2279 945 2358 noticiam
963 2298 1183 2386 pervenerat
1201 2280 1348 2357 dictum
1367 2281 1523 2360 Petrum
1542 2279 1677 2361 Helion
1697 2280 1922 2360 decessisse:
2123 2384 2124 2387 Ἴ

499 2411 585 2490 Visa
601 2411 715 2519 igitur
730 2412 918 2518 inquesta,
936 2412 1174 2491 demandato
1187 2427 1334 2501 nostro,
1351 2441 1466 2518 super
1476 2411 1670 2517 predictis,
1684 2411 1794 2504 lacta,
1809 2431 1924 2492 atten-
2123 2448 2124 2497 ι

499 2539 611 2650 taque
626 2543 725 2620 dicta
738 2541 1014 2621 consuetudine
1026 2570 1095 2648 per
1110 2541 1249 2621 dictam
1263 2543 1432 2620 relictam
1447 2542 1619 2653 allegata,
1630 2544 1719 2650 quia
1732 2561 1923 2650 repertum

500 2689 554 2752 est
572 2673 709 2752 dictam
724 2672 891 2750 relictam
909 2673 1165 2750 intencionem
1181 2701 1288 2750 suam
1303 2673 1391 2752 satis
1404 2674 1601 2781 probasse,
1623 2673 1820 2780 dictosque
1835 2674 1923 2752 bur·

499 2831 630 2910 genses
650 2804 795 2882 scivisse
817 2822 855 2882 et
871 2805 963 2882 scire
985 2802 1162 2882 debuisse
1181 2820 1344 2882 mortem
1365 2804 1456 2881 dicti
1475 2804 1660 2895 defuncti,
1679 2834 1748 2912 per
1763 2823 1922 2912 quatuor

498 2961 647 3010 menses
663 2952 700 3012 et
713 2933 873 3040 amplius
892 2950 979 3011 ante
998 2933 1143 3014 dictum
1158 2933 1451 3039 parlamentum,
1466 2952 1505 3012 et
1520 2963 1599 3012 non
1612 2935 1743 3014 fecisse
1759 2935 1808 3012 de
1823 2935 1921 3013 dicto

500 3063 786 3170 adjcmamento
805 3063 910 3171 quod
930 3060 1136 3156 debebant,
1157 3093 1225 3171 per
1244 3063 1343 3142 dicte
1359 3065 1463 3142 curie
1481 3081 1607 3142 nosue
1623 3065 1828 3173 judicium,
1844 3065 1921 3143 dic-

499 3211 582 3273 tum
598 3193 673 3272 fuit
691 3194 880 3303 predictos
899 3191 1105 3302 burgenses
1125 3192 1240 3273 fuisse
1257 3195 1519 3302 negligentes
1509 3225 1550 3272 ιιι
1564 3197 1733 3302 ipsorum
1745 3197 1845 3276 dicta
1860 3226 1922 3304 ap·

498 3323 707 3432 pellacione
733 3324 1053 3434 prosequenda,
1043 3353 1220 3432 ipsosque
1247 3327 1296 3402 ad
1321 3324 1630 3432 prosequendum
1658 3326 1818 3406 eandem
1844 3355 1919 3406 non

499 3483 579 3534 esse
599 3455 757 3534 ulterius
776 3455 1005 3545 audiendos,
1024 3472 1064 3532 et
1077 3455 1212 3564 quod
1202 3484 1274 3562 ipsi
1264 3455 1365 3534 hoc
1384 3456 1654 3536 emendabunt.

463 3591 466 3598 ’
554 3585 717 3666 Sabbato
733 3586 911 3693 predicta.

556 3719 717 3826 Mangon
734 3718 947 3826 reportavit.

555 3980 693 4057 LXVII.
726 3980 824 4057 Cum
836 3979 938 4056 curie
952 3998 1079 4058 nostre
1093 3981 1363 4060 denunciatum
1373 3985 1505 4064 luisset
1517 3986 1622 4135 quod
1634 3986 1919 4066 Bertholomeus

500 4109 547 4187 de
572 4110 811 4201 Florentino,
834 4112 1075 4206 lumbardus,
1103 4115 1195 4192 olim
1215 4118 1380 4200 serviens
1405 4136 1534 4197 noster
1557 4121 1598 4197 in
1617 4119 1765 4198 ballivis
1785 4118 1918 4197 Bituri-

500 4244 617 4332 censi,
639 4272 753 4351 super
766 4243 862 4323 vicio
884 4243 1054 4324 sodomis
1074 4263 1154 4324 erat
1171 4249 1318 4327 notorie
1339 4250 1567 4344 diffamatus,
1589 4248 1816 4358 quodque
1784 4249 1918 4328 vicium

499 4373 718 4482 hujusmodi
743 4393 991 4482 perpetrarat,
1013 4405 1100 4467 nos,
1123 4405 1238 4483 super
1261 4382 1452 4485 premissis
1470 4382 1606 4460 vocatis
1625 4380 1872 4471 evocandis,
1862 4408 1918 4456 ιιι·

497 4521 669 4610 questam
684 4504 768 4582 fieri
784 4508 1042 4586 mandavimus
1057 4506 1279 4616 diligentem
1291 4539 1366 4617 que
1376 4509 1583 4617 judicanda
1599 4529 1726 4591 nostre
1741 4513 1844 4588 curie
1861 4539 1919 4596 ex·

498 4763 616 4846 nichil
635 4782 827 4871 repertum
841 4784 897 4844 est
914 4767 960 4844 de
979 4767 1158 4873 predictis
1171 4766 1400 4848 sufficienter
1412 4788 1541 4850 contra
1559 4774 1683 4880 ipsum
1699 4774 1914 4880 probatum,

498 4921 567 5002 per
584 4895 688 4974 curie
706 4914 831 4976 nostre
846 4898 1049 5006 judicium,
1071 4898 1171 4977 idem
1188 4900 1478 4982 Bertholomeus
1496 4931 1610 5011 super
1624 4905 1699 4984 boc
1716 4905 1836 4982 extitit
1854 4903 1917 4982 ab·

2123 4482 2124 4539 l

2123 4542 2124 4585 l

498 4633 575 4710 titit
594 4652 798 4741 reportata,
823 4653 876 4726 et,
904 4638 991 4745 qnia
1011 4665 1080 4743 per
1099 4637 1266 4715 dictam
1256 4656 1468 4747 inquestam
1493 4641 1725 4787 diligenter
1714 4658 1915 4750 inspectam
2123 4592 2124 4667 l

500 5025 655 5103 solutus.
