4450 6209
509 703 582 780 col
1086 703 1176 777 Lus
1206 701 1349 777 OLIM.

282 859 413 912 vaccina
426 853 469 920 W·
508 847 621 928 nibus
635 845 910 926 habitatoribus
926 841 1013 922 dicti
1028 841 1118 935 loci,
1135 843 1408 952 cujuscumque
1420 843 1652 924 condicionis
1666 846 1839 940 existant,
1854 849 1930 926 sive

345 947 407 992 ml
507 979 582 1057 sint
606 979 748 1068 clerici,
774 979 850 1058 sive
875 975 987 1084 layci,
1014 976 1165 1055 racione
1189 976 1326 1055 domus
1349 1002 1507 1084 percos
1531 975 1676 1055 ibidem
1701 978 1926 1069 inhabitate,

506 1111 714 1194 videliceta
728 1108 948 1189 tenentibus
962 1107 1106 1186 ibidem
1122 1135 1256 1215 equos,
1269 1133 1402 1214 operas
1416 1106 1603 1185 dictormn
1618 1135 1806 1216 equorum
1817 1111 1928 1189 unias

506 1241 583 1320 diei
603 1241 783 1350 usquead
798 1255 1003 1330 nouam,·et
1021 1239 1068 1318 ab
1083 1237 1160 1317 illis
1179 1238 1245 1346 qui
1260 1265 1382 1346 equos
1399 1265 1476 1316 non
1489 1239 1647 1331 habent,
1667 1269 1802 1350 operas
1817 1245 1927 1322 unius

504 1401 681 1481 persone,
704 1371 763 1450 vel
790 1389 975 1480 quamam
996 1369 1206 1450 lucraretur
1223 1396 1325 1448 unus
1344 1371 1538 1478 operarius
1564 1399 1635 1478 per
1652 1371 1780 1465 diem3
1799 1391 1927 1481 petens

502 1505 710 1612 predictam
731 1503 913 1582 corveiam
935 1531 956 1579 a
975 1501 1248 1609 prenominatis
1266 1499 1426 1588 clericis,
1447 1502 1599 1579 racione
1620 1501 1824 1581 domorum
1838 1521 1934 1612 quas·

504 1635 646 1714 ibidem
667 1634 944 1725 inhabitabant,
968 1633 1037 1710 sibi
1050 1631 1350 1740 solviaprcdictis
1366 1631 1510 1710 doricis
1526 1635 1568 1709 in
1587 1635 1818 1712 contrarium
1832 1663 1925 1714 asse·

504 1767 676 1846 rentibus
693 1795 732 1845 se
749 1795 827 1845 esse
843 1765 983 1844 liberos
996 1783 1033 1843 et
1046 1765 1267 1842 immunesa
1284 1763 1520 1869 prestatione
1533 1765 1631 1843 dicte
1651 1793 1822 1874 corvoye,
1836 1784 1874 1845 et
1889 1795 1925 1846 se

506 1923 586 1976 esse
607 1898 646 1974 in
665 1898 820 1986 saisina,
844 1897 904 1975 vel
928 1895 1050 2003 quasi,
1072 1923 1150 1973 uon
1176 1894 1344 1972 solvendi
1363 1895 1502 1972 dictam
1529 1896 1729 1987 corveiam
1758 1897 1922 1986 taudem,

507 2028 602 2107 facta
629 2055 699 2138 per
727 2030 847 2108 dictos
871 2028 1060 2118 scabinos,
1082 2027 1133 2104 de
1158 2053 1345 2104 consensu
1366 2026 1457 2103 dicti
1481 2027 1634 2132 prioris,
1659 2027 1926 2106 informacione

507 2187 575 2238 seu
591 2160 763 2268 inquesta
778 2187 891 2265 super
904 2157 1111 2266 premissis,
1130 2185 1217 2234 cum
1233 2184 1310 2235 non
1324 2154 1438 2234 vellet
1452 2156 1577 2234 dictus
1589 2157 1695 2263 prior
1716 2157 1809 2235 alias
1826 2187 1926 2236 suam

507 2291 762 2370 intencionem
784 2289 963 2398 probare,
990 2287 1264 2396 perjudicium
1290 2286 1479 2365 dictorum
1504 2288 1760 2379 scabinorum,
1786 2288 1924 2366 dictum

505 2419 578 2500 luit
601 2424 792 2529 predictos
812 2422 967 2500 clericos
990 2420 1039 2498 ad
1053 2419 1328 2526 prestacionem
1353 2418 1452 2496 dicte
1476 2420 1621 2497 corveie
1640 2446 1719 2498 non
1748 2421 1925 2510 teneri3a

505 2577 582 2660 quo
597 2553 767 2660 judicato
786 2569 979 2658 tamquam
999 2548 1090 2627 falso
1105 2567 1143 2626 et
1157 2576 1286 2656 pravo,
1304 2548 1430 2626 dictus
1443 2550 1547 2654 prior
1560 2548 1609 2625 ad
1622 2547 1802 2626 ballivum
1816 2549 1925 2628 Silva-

506 2701 722 2762 nectensem
743 2682 956 2792 appellavit,
976 2680 1041 2788 qui
1059 2675 1234 2768 ballivus,
1249 2676 1387 2756 auditis
1406 2679 1591 2785 partibus,
1613 2707 1813 2786 persuum
1828 2680 1925 2788 judi-

508 2815 625 2904 cium,
648 2814 786 2892 dictam
808 2811 1039 2890 sentenciam
1064 2809 1286 2902 infirmavit3
1307 2837 1329 2885 a
1350 2810 1459 2918 cujus
1481 2811 1608 2890 ballivi
1631 2810 1817 2918 judicato,
1837 2829 1925 2890 tam

507 2969 620 3051 mam
641 2943 734 3022 falso
755 2961 926 3051 etpravo,
945 2942 1033 3020 dicti
1055 2941 1196 3018 scabini
1215 2941 1264 3019 ad
1279 2959 1445 3020 nostram
1460 2942 1602 3020 curiam
1621 2942 1923 3050 appellaverunt:

506 3073 728 3180 Visis-igitur
739 3091 777 3152 ct
790 3074 990 3181 diligenter
999 3073 1216 3150 examinatis
1228 3073 1466 3179 processibus
1478 3074 1667 3180 predictis,
1680 3092 1759 3152 tam
1770 3075 1811 3151 in
1824 3101 1926 3152 causa

506 3205 702 3313 principali
729 3233 843 3312 quam
869 3205 907 3282 in
926 3231 1036 3284 causa
1055 3203 1322 3312 appellacionis
1340 3205 1497 3295 habitis,
1519 3233 1588 3312 per
1606 3205 1709 3283 curie
1727 3222 1854 3283 nostre
1868 3205 1926 3312 ju·

507 3335 667 3426 dicium,
683 3336 826 3414 dictum
843 3334 916 3414 luit
928 3337 1141 3443 predictum
1155 3335 1336 3414 ballivum
1351 3336 1450 3413 male
1461 3336 1650 3443 judicasse
1668 3353 1706 3413 ct
1720 3335 1840 3414 dictos
1854 3361 1924 3413 sca·

506 3467 616 3545 binos
639 3467 738 3545 benc
765 3467 985 3574 appellasse,
1009 3485 1047 3545 et
1071 3465 1306 3546 confirmavit
1324 3467 1427 3543 curia
1453 3485 1579 3545 nocua
1606 3467 1818 3576 judicatum
1845 3495 1924 3572 pre·

507 3598 650 3676 dictum
672 3600 861 3677 dictorum
881 3599 1132 3678 scabinorum.

563 3730 694 3808 Martis
712 3746 798 3836 post
815 3729 991 3807 dubilate.

563 3863 605 3937 R.
629 3859 675 3937 de
695 3861 878 3958 Briancon
898 3862 1111 3965 reportavit.

564 4117 622 4194 Ill.
655 4117 737 4194 Lite
757 4133 876 4208 mota,
891 4145 1015 4196 coram
1036 4121 1165 4213 nobis,
1188 4123 1287 4203 inter
1301 4125 1536 4233 Stephanum
1555 4126 1604 4204 dc
1631 4125 1919 4233 Sancto-Luppo,

508 4246 680 4336 militem,
696 4276 740 4324 cx
752 4273 825 4324 una
843 4267 959 4356 parte,
977 4270 1015 4329 ct
1033 4253 1198 4361 priorem
1222 4272 1260 4333 et
1278 4275 1502 4334 conventum
1522 4256 1786 4364 Sancti-Luppi
1801 4258 1850 4335 de
1862 4259 1923 4334 Se·

507 4395 627 4470 rento,
644 4405 689 4456 ex
702 4378 835 4470 altera,
852 4409 1027 4489 supereo
1043 4385 1149 4492 quod
1163 4386 1287 4465 dictus
1303 4389 1413 4466 miles
1426 4389 1580 4495 petebat
1596 4389 1759 4468 amoveri
1775 4387 1924 4494 impedi·

480 4513 484 4520 ’
507 4526 679 4586 mentum
695 4511 782 4601 sibi,
804 4529 848 4588 ut
863 4511 1027 4604 dicebat,
1044 4519 1276 4625 appositum,
1298 4547 1366 4625 per
1385 4519 1505 4596 dictos
1523 4519 1720 4628 religiosos
1735 4520 1776 4595 in
1795 4519 1923 4596 emuna

501 4639 650 4745 justicie
666 4639 802 4720 domus
816 4671 883 4720 sue
903 4646 952 4723 de
973 4648 1257 4757 Sancto-Luppo
1277 4667 1315 4727 ct
1332 4651 1536 4757 pourprisii
1553 4651 1742 4759 ejusdem,
1768 4667 1807 4727 et
1825 4649 1923 4758 quod

505 4769 636 4875 prisia,
652 4771 744 4852 facta
761 4803 830 4882 per
843 4775 962 4856 dictos
974 4779 1169 4888 religiosos
1184 4783 1223 4858 in
1234 4780 1320 4860 loco
1334 4782 1517 4890 predicto,
1536 4783 1582 4860 ad
1598 4809 1753 4860 manum
1763 4799 1921 4861 nostram

506 4901 645 5007 posita,
663 4923 817 5011 propter
833 4907 1010 4986 debatum
1027 4910 1211 4990 dictarum
1228 4914 1415 5020 parcium,
1433 4911 1706 4992 deliberaretur
1719 4914 1844 4992 eidem
1860 4913 1923 4991 mi·

505 5030 583 5122 liti,
604 5049 641 5111 et
664 5039 768 5141 quod
786 5038 865 5143 ipsc
886 5041 925 5117 in
947 5043 1079 5121 saisina
1094 5045 1247 5152 justicie
1267 5046 1366 5124 dicte
1389 5047 1528 5126 domus
1547 5065 1585 5124 et
1604 5046 1809 5154 pourprisii
1829 5047 1921 5154 ejus-
