4450 6209
764 757 1127 867 uuouu‘rus‘ur
1153 758 1359 853 Procas.
1709 777 1779 852 ur

348 917 431 1026 q'us
450 917 752 996 commissarium
776 919 875 999 bene
902 922 1173 1009 sentenciam,
1201 936 1240 999 et
1265 919 1481 1028 predictum
1500 917 1659 998 Vitolem
1683 920 1781 999 male
1819 935 1950 992 aarum
1964 937 2007 1004 w,

347 1049 566 1158 appellasse.
1881 1029 1946 1073 Μ’

378 1179 559 1262 ‚sabbati
577 1199 665 1290 post
680 1183 911 1263 Braudonea.

401 1445 497 1524 Xlll.
528 1447 617 1527 Visa
637 1447 827 1557 inquesita,
849 1448 897 1528 de
916 1447 1095 1528 mandato
1114 1446 1373 1539 assuefacta,
1396 1409 1525 1526 contra
1545 1447 1780 1555 Stephanum

344 1577 514 1658 Boncelli
538 1580 589 1657 de
607 1579 803 1672 boniaco,
836 1582 878 1658 in
896 1581 1063 1689 prisione
1088 1598 1218 1660 nostra
1246 1581 1447 1680 detentum
1472 1608 1542 1687 pro
1566 1580 1781 1687 mspicione

344 1710 478 1789 mortis
499 1709 698 1792 Guillelmi
726 1712 925 1820 Cbspmn,
952 1730 993 1791 et
1015 1714 1143 1792 audita
1170 1712 1289 1820 ipsius
1315 1711 1499 1820 Stephani
1523 1711 1777 1802 consessione,

344 1869 414 1950 per
432 1843 538 1921 curie
556 1861 687 1922 nostre
702 1845 913 1954 judicium,
936 1843 1081 1923 dictum
1101 1843 1176 1924 luit
1194 1844 1302 1953 quod
1319 1845 1477 1922 terciam
1494 1861 1641 1952 partem
1659 1844 1782 1923 hono-

344 2003 430 2052 rum
455 1974 630 2062 omnium
652 1976 856 2054 mobilium
882 1993 922 2054 et
946 1973 1205 2054 immobilium
1230 1974 1320 2054 dicti
1341 1974 1545 2082 Stephani,
1565 1974 1626 2052 vel
1645 2003 1780 2054 cortun

343 2105 525 2198 valorem,
553 2133 626 2215 pro
645 2108 809 2186 emenda
826 2125 955 2187 nostra
974 2109 1183 2217 capiemus,
1210 2125 1249 2186 et
1277 2133 1414 2215 corpus
1433 2106 1517 2214 ejus
1536 2135 1625 2184 cum
1643 2107 1780 2187 ceteris

343 2236 458 2316 bonis
469 2240 548 2318 suis
563 2239 774 2318 mobilibus
788 2257 827 2319 et
845 2240 1112 2323 immobilibus
1132 2239 1204 2318 sibi
1224 2237 1549 2319 deliberabuntur.

401 2369 555 2450 Sabbnti
574 2389 661 2451 ante
679 2372 907 2452 brandones.

399 2502 615 2611 luquestarn
629 2533 708 2584 nou
727 2505 862 2584 habeo.

326 2763 332 2771 ’
400 2767 513 2845 XXII.
543 2769 643 2848 Cum
672 2770 785 2848 nobis
813 2770 1085 2846 denunciatum
1117 2765 1251 2845 luisset
1280 2763 1386 2873 quod
1411 2763 1574 2842 lacobus
1605 2763 1654 2842 dc
1678 2763 1778 2842 Poli-

343 2895 493 3006 gniaco‚
512 2898 620 2977 radia
638 2918 766 2980 nostra
783 2902 972 3009 recipiens
983 2927 1055 3009 pro
1074 2898 1246 2978 custodia
1265 2896 1365 2974 muri
1382 2897 1623 2986 (arcemone,
1642 2912 1681 2972 et
1695 2896 1779 3003 qui-

344 3026 430 3106 dam
452 3029 515 3107 alii
533 3030 690 3111 iuferius
706 3033 913 3126 nominati,
933 3031 1046 3141 plura
1063 3030 1181 3120 boun,
1202 3057 1278 3136 que
1297 3027 1411 3106 nobis
1431 3043 1539 3106 arant
1558 3027 1776 3117 commissa,

344 3158 569 3240 detinebant
586 3181 626 3241 et
644 3163 715 3243 sibi
737 3164 1013 3274 applicaverant
1031 3162 1160 3240 illicite
1181 3161 1279 3240 etin
1298 3160 1550 3270 prejudicium
1571 3159 1670 3269 juris
1690 3185 1779 3238 nos·

342 3290 407 3379 tri,
430 3294 632 3401 superbos
645 3294 784 3374 vocatis
799 3295 988 3404 partibus,
1006 3293 1148 3400 inquiri
1162 3291 1321 3370 lecimus
1337 3291 1550 3381 veritatem
1568 3289 1646 3366 visa
1664 3289 1778 3396 igitur

343 3422 519 3529 inquesta
536 3453 654 3533 super
671 3426 746 3504 boc
772 3426 883 3515 lacta,
908 3426 1104 3504 inventum
1124 3441 1180 3502 est
1199 3420 1431 3502 sufficienter
1448 3419 1652 3526 probatum
1671 3421 1778 3526 quod

343 3553 446 3631 bona
463 3582 541 3662 que
559 3575 742 3636 secuntur
759 3559 874 3637 nobis
889 3574 998 3635 erant
1017 3555 1231 3643 commissa,
1248 3569 1286 3631 et
1305 3551 1410 3659 quod
1425 3550 1535 3628 idem
1551 3549 1714 3630 lacobus
1733 3577 1777 3628 sa

343 3681 475 3763 illicite
508 3703 548 3765 et
575 3688 615 3765 in
647 3690 766 3768 nostri
800 3690 1058 3801 prejudicium
1086 3685 1301 3779 detinebat,
1331 3681 1507 3761 videlicet
1533 3696 1698 3760 castrum
1729 3681 1777 3760 de

344 3815 608 3911 Monte-liam,
640 3849 729 3899 cum
758 3820 953 3930 acquisitis
981 3819 1127 3898 ibidem
1155 3818 1262 3895 sactis
1286 3843 1355 3924 per
1373 3813 1597 3922 magistrum
1615 3811 1777 3892 Guillel-

342 3973 450 4024 nrum
470 3948 660 4044 (luen-ici,
684 3952 733 4032 de
750 3955 877 4033 heresi
897 3953 1238 4060 condempnatum
1264 3949 1375 4042 item,
1397 3944 1566 4025 brolium
1587 3961 1628 4022 et
1642 3970 1778 4052 quam-

343 4078 432 4156 dam
450 4083 598 4188 peciam
610 4104 712 4164 terre
724 4115 802 4196 qus
821 4086 1018 4196 quondam
1037 4085 1193 4164 suerunt
1206 4079 1373 4190 magistri
1392 4077 1588 4159 Guillelmi
1601 4077 1775 4168 Brenn,
1805 4179 1808 4184 Ι

344 4211 393 4290 de
417 4213 542 4294 heresi
570 4220 858 4328 condempnati3
882 4221 974 4298 item
1001 4233 1154 4325 pratum
1181 4232 1219 4292 et
1240 4214 1388 4292 vineam
1412 4239 1487 4319 quc
1507 4209 1662 4288 luerunt
1683 4209 1778 4315 Ray·

344 4345 481 4424 muudi
502 4351 691 4458 magistri3
710 4352 826 4440 item,
849 4349 1008 4428 domum
1030 4365 1069 4426 et
1086 4363 1235 4456 partem
1255 4344 1328 4423 orti
1348 4371 1424 4450 que
1442 4341 1601 4420 bierunt
1616 4338 1777 4417 Bartho-

344 4473 460 4555 lomei
481 4477 529 4558 de
549 4482 765 4589 Spemous,
793 4483 842 4561 de
862 4482 986 4560 heresi
1007 4477 1293 4588 condempnati3
1314 4476 1425 4562 item,
1449 4500 1519 4579 per
1538 4467 1700 4548 eandem
1718 4470 1777 4548 in-

343 4624 537 4713 questam‚
566 4613 762 4694 inventum
791 4615 865 4693 suit
892 4613 999 4723 quod
1027 4613 1161 4690 Petrus
1188 4610 1236 4688 de
1263 4609 1455 4697 vernone,
1485 4619 1620 4680 tenens
1648 4600 1773 4680 locum

343 4739 463 4816 nostri
482 4747 736 4848 procuratoris
754 4748 1000 4835 incursuum,
1021 4759 1172 4851 pratum
1192 4757 1231 4819 et
1248 4740 1395 4818 vineam
1415 4763 1490 4842 que
1508 4731 1664 4812 luerunt
1683 4734 1775 4842 Ray·

343 4870 480 4948 mundi
500 4872 552 4951 de
565 4875 826 4971 (anullihaco,
848 4877 963 4955 nobis
980 4872 1217 4962 commissom
1239 4871 1348 4957 itam,
1368 4865 1476 4974 quod
1494 4865 1709 4971 Stephanus
1728 4863 1775 4941 de

342 5001 530 5094 Assutrin,
545 5007 741 5089 estimator
758 5027 979 5090 nostrorum
997 5008 1239 5093 incursum,
1262 4999 1467 5109 quemdam
1488 5025 1687 5103 campum,
1709 5023 1778 5074 uo

343 5131 405 5210 bis
424 5138 684 5228 commissum,
711 5143 817 5249 qirod
843 5141 918 5221 luit
937 5137 1149 5246 Raymundi
1169 5134 1335 5241 magistri
1358 5133 1408 5211 de
1427 5127 1552 5211 bereri
1571 5127 1776 5232 condemp-
1837 5159 1841 5178 ·

1601 5307 1645 5368 19.
