4450 6209
494 749 565 824 ttt
1072 751 1164 825 LES
1194 749 1335 824 OLlM.

255 901 386 958 Parnon
405 899 450 962 tv.
549 894 640 972 xlll.
672 895 713 971 ln
734 921 845 972 causa
865 892 1060 1002 cujusdam
1082 889 1350 1000 appellacionis
1368 889 1418 968 ed
1440 907 1608 968 nostram
1632 889 1774 970 curiam
1799 892 1914 971 inter·

323 993 388 1036 Μ’
490 1026 614 1133 posite
629 1055 650 1102 a
660 1025 832 1135 judicato
852 1025 1053 1102 custodum
1073 1023 1329 1102 nundinarum
1344 1021 1564 1130 Campanie,
1584 1020 1682 1101 fecto
1696 1023 1796 1102 inter
1811 1023 1914 1102 relie-

488 1174 544 1264 tas
564 1157 715 1266 Nicolay
732 1155 935 1263 Chapelier
953 1173 992 1234 et
1009 1155 1191 1234 Johannis
1213 1157 1260 1234 de
1280 1153 1398 1234 Marla
1418 1154 1683 1232 defunctorum
1697 1185 1705 1232 ε
1721 1155 1820 1236 Visis
1840 1155 1914 1234 dio-

485 1307 609 1370 tarum
629 1288 798 1396 parcium
818 1287 1055 1394 processibus
1074 1304 1112 1366 et
1122 1288 1295 1397 judicato
1314 1286 1504 1394 predicto,
1523 1286 1688 1394 predicta
1702 1287 1912 1396 judicatum

487 1440 526 1499 et
538 1421 761 1529 appellacio,
777 1449 847 1528 per
862 1420 965 1498 curie
978 1437 1106 1498 nostre
1116 1418 1325 1529 judicium,
1342 1419 1496 1496 luerunt
1507 1417 1674 1497 totaliter
1686 1419 1865 1510 ancillata,
1878 1438 1913 1498 et

485 1554 613 1632 audiet
629 1571 757 1632 nostra
773 1553 875 1632 curia
892 1553 1007 1630 dictas
1024 1569 1151 1660 partes
1165 1581 1280 1660 super
1294 1580 1424 1630 aarum
1438 1549 1634 1660 principali
1648 1553 1858 1658 questione.

540 1686 739 1765 Dominica
761 1701 848 1763 ante
868 1683 1131 1763 Candelosam.

541 1953 633 2032 XIV.
664 1951 752 2032 Visa
770 1951 943 2059 inquesta
969 1949 1019 2027 de
1046 1948 1224 2026 mandato
1250 1947 1353 2027 curie
1378 1947 1692 2042 nostre„vocatis
1718 1965 1757 2027 et
1780 1949 1913 2028 auditis

486 2083 675 2190 partibus,
696 2081 808 2173 lacta,
830 2081 1025 2158 inventum
1045 2096 1103 2158 est
1126 2079 1355 2158 sufficienter
1374 2079 1720 2186 probatum-quod,
1748 2081 1787 2157 in
1808 2109 1913 2160 causa

485 2230 589 2292 mota
608 2241 734 2291 coram
760 2210 917 2289 domino
941 2211 1323 2290 Montis-Morenciaci
1343 2239 1412 2288 seu
1433 2212 1514 2320 ejus
1533 2211 1652 2304 curia,
1673 2210 1774 2289 inter
1793 2213 1914 2290 dorni-

485 2375 576 2422 num
598 2346 647 2423 de
665 2343 925 2434 Heron-Villa,
945 2373 990 2421 ex
1009 2372 1088 2421 una
1105 2361 1236 2452 parte,
1258 2360 1296 2421 et
1315 2342 1583 2422 Roucbardum
1602 2341 1651 2420 de
1669 2342 1794 2432 laval,
1814 2343 1914 2420 mili-

484 2496 579 2568 tem,
598 2506 640 2555 er
659 2476 793 2578 altera,
814 2473 862 2553 lis
876 2474 950 2554 fuit
962 2505 983 2553 a
997 2474 1107 2554 dictis
1122 2475 1295 2583 partibus
1313 2491 1518 2554 contestata
1536 2491 1737 2583 antequam
1753 2475 1914 2556 serviens

484 2608 612 2686 ballivi
632 2608 921 2686 silvanectensis
940 2607 1134 2686 inhiberet
1161 2609 1263 2686 dicto
1285 2607 1442 2685 domino
1462 2635 1510 2686 ne
1530 2608 1609 2715 ipse
1634 2607 1858 2714 procederet
1877 2609 1912 2686 in

486 2769 595 2818 causa
612 2739 791 2848 predicta.
1034 2716 1039 2724 ¹

544 2872 721 2949 Mercurii
740 2888 828 2978 post
845 2871 1078 2978 quindenam
1096 2869 1319 2950 Candelose.

542 3136 619 3216 XV.
651 3136 795 3215 Cuma
822 3134 992 3244 quedam
1011 3133 1183 3245 judicato
1215 3165 1283 3246 per
1306 3137 1486 3217 ballivum
1514 3139 1795 3246 Lingonensem
1819 3138 1913 3218 lacto

488 3285 613 3345 contra
634 3269 810 3346 homines
829 3268 1051 3346 thesaurarii
1078 3270 1329 3379 Lingonensis
1353 3299 1424 3379 pro
1443 3270 1667 3351 Theobaldo
1692 3271 1854 3350 Comere
1878 3289 1914 3349 et

484 3401 691 3496 Garnerio,
714 3405 795 3513 ejus
814 3432 976 3512 genero,
999 3404 1149 3481 racione
1169 3405 1334 3482 ventarie
1349 3405 1618 3514 Lingonensis,
1640 3433 1752 3513 quam
1774 3405 1845 3512 ipsi
1863 3405 1915 3482 al·-

484 3534 723 3612 brmaverant
742 3536 789 3613 ab
806 3536 983 3644 episcopo
1001 3537 1252 3645 Lingonensi,
1275 3536 1363 3615 dicti
1382 3538 1574 3630 hominos,
1591 3555 1771 3646 tanquarn
1787 3568 1807 3614 a
1822 3537 1914 3615 salso

484 3683 521 3742 et
548 3694 681 3773 pravo,
712 3668 760 3743 ad
784 3685 952 3746 nostram
979 3669 1123 3762 curiam
1146 3668 1418 3774 appellassent,
1446 3688 1504 3761 et,
1525 3687 1682 3778 propter
1709 3671 1912 3779 quemdam

484 3794 692 3886 desectum,
715 3825 829 3903 quern
850 3799 891 3874 in
912 3798 1011 3876 dicta
1031 3798 1426 3906 causaappellacionis
1446 3800 1612 3878 fecerant
1636 3801 1813 3878 homines
1831 3829 1914 3907 pre-

485 3927 596 4016 dicti,
623 3928 845 4005 mandatum
864 3929 997 4008 luisset
1021 3930 1161 4010 ballivo
1186 3931 1395 4011 Senonensi
1422 3951 1466 4011 ut
1490 3935 1570 4040 ipse
1599 3934 1742 4012 dictum
1768 3933 1912 4042 judica-

483 4076 566 4134 tum
583 4058 722 4160 faceret
737 4061 953 4138 execucioni
965 4062 1153 4155 mandari,
1170 4061 1352 4171 lactisque
1368 4092 1482 4172 super
1496 4065 1570 4143 hoc
1584 4065 1685 4143 inter
1701 4065 1819 4143 dictas
1833 4095 1914 4173 par-

483 4206 540 4266 tes
559 4189 789 4297 quibusdam
808 4193 1049 4298 processibus
1069 4223 1196 4270 coram
1216 4193 1355 4274 ballivo
1376 4196 1587 4274 Senonensi
1606 4196 1667 4274 vel
1684 4197 1766 4306 ejus
1785 4197 1911 4275 locunt

483 4339 654 4412 tenente,
677 4323 885 4431 aquodam
906 4325 1099 4433 judicato,
1120 4356 1190 4434 per
1209 4327 1352 4405 dietum
1374 4327 1555 4406 ballivum
1575 4329 1834 4406 Senoneusem
1854 4327 1911 4406 vel

484 4452 565 4558 ejus
578 4452 705 4532 locum
718 4471 915 4533 tenentem
930 4455 1046 4546 lacto,
1063 4486 1179 4565 super
1192 4457 1265 4536 hoc
1282 4459 1329 4536 ad
1345 4487 1415 4538 nos
1429 4460 1562 4539 iterato
1578 4461 1807 4567 appellatum
1823 4461 1912 4538 fuis-

483 4601 559 4660 set:
576 4587 767 4681 Tandem,
783 4588 870 4666 visis
890 4589 1131 4697 processibus
1151 4607 1189 4667 et
1201 4565 1380 4698 judicatis
1397 4591 1596 4700 predictis,
1619 4609 1657 4671 et
1675 4593 1815 4670 auditis
1832 4621 1912 4699 par·

485 4715 586 4792 cium
606 4717 821 4797 nacionibus
840 4720 931 4796 hinc
950 4738 989 4798 et
1008 4720 1114 4813 inde,
1136 4749 1205 4828 per
1223 4721 1327 4800 curie
1347 4739 1473 4802 nostre
1488 4724 1696 4834 judicium,
1718 4724 1809 4803 dicti
1828 4752 1911 4831 pro·

484 4874 610 4923 cessus
625 4865 662 4924 et
672 4848 883 4957 judicatum
899 4852 1027 4930 ballivi
1043 4855 1276 4933 Senonensis
1291 4871 1329 4932 et
1345 4857 1425 4963 ejus
1440 4855 1568 4934 locum
1583 4857 1747 4936 tenentis
1760 4856 1910 4935 suerunt

483 4977 649 5056 totaliter
673 4980 846 5074 anullati,
872 5001 910 5061 et
932 4984 1075 5062 dietum
1098 4986 1173 5064 luit
1194 4987 1299 5094 quod
1315 4988 1524 5097 judicatum
1548 4989 1762 5097 predictum
1785 4987 1907 5067 ballivi

485 5109 753 5218 Lingoneusis,
777 5113 815 5190 in
836 5133 1021 5222 quantum
1041 5135 1098 5196 est
1117 5146 1186 5225 pro
1206 5121 1397 5212 ventariis,
1421 5121 1661 5200 mandabitur
1680 5120 1906 5200 exeoucieni.
