4450 6209
433 737 504 809 168
1009 733 1099 806 LES
1130 730 1268 808 OLIM.

206 882 337 941 Pfflm
350 885 395 949 tv,
427 905 544 983 gono,
571 875 749 954 clericum
775 891 962 965 nostrum,
988 875 1196 983 gerandum
1222 875 1408 953 dictorum
1433 875 1713 986 religiosorum,
1736 894 1775 954 et
1792 877 1856 954 Al-

265 976 326 1020 ¹⁸⁰⁶'
427 1007 611 1084 maricam
637 1007 685 1084 de
710 1006 932 1113 Broysellis,
960 1005 1049 1082 dicti
1079 1004 1247 1115 magistri
1271 1005 1424 1086 Pariseti
1450 1009 1679 1112 gerandum,
1706 1035 1855 1086 necnon

428 1139 589 1216 heredes
608 1137 776 1214 defuncti
793 1137 946 1214 Roberti
969 1138 1016 1213 de
1037 1138 1205 1228 Moneta,
1228 1137 1268 1212 in
1287 1156 1472 1243 quantum
1491 1139 1704 1247 quemlibet
1723 1167 1855 1216 eorum

427 1288 578 1376 tangere
594 1285 734 1375 potest,
748 1285 827 1346 tam
846 1267 1078 1374 conjunctim
1093 1295 1208 1374 quam
1224 1267 1388 1358 divisim,
1411 1298 1455 1346 ex
1472 1269 1604 1360 altera,
1628 1287 1707 1348 orta
1727 1268 1857 1348 fiiisset

428 1400 583 1477 materia
602 1398 810 1505 questionis
837 1426 950 1505 super
978 1427 1025 1477 eo
1051 1400 1156 1506 quod
1182 1399 1304 1476 dictus
1331 1400 1510 1508 magister
1535 1399 1698 1478 Michael
1728 1401 1857 1479 vendi·

428 1532 576 1607 cionem
598 1530 750 1637 grangie
771 1531 818 1606 de
841 1529 1170 1620 Grandainvillari,
1189 1559 1275 1607 cum
1301 1531 1480 1609 omnibus
1499 1532 1581 1637 ejus
1596 1532 1853 1640 pertinenciis,

427 1663 536 1740 sitam
562 1663 602 1737 in
636 1660 847 1737 castellania
872 1661 1234 1751 Montis-Letherici,
1264 1660 1399 1740 iactam
1434 1662 1560 1740 eidem
1591 1663 1764 1742 Michaeli
1788 1693 1856 1770 per

426 1792 662 1900 prepositum
678 1791 1041 1882 Montis-Letherici,
1061 1820 1132 1897 pro
1147 1791 1316 1868 facienda
1336 1793 1560 1870 execucione
1581 1792 1775 1900 cujusdam
1793 1794 1857 1870 lit-

426 1941 524 2013 tere,
547 1923 671 2030 sigillo
690 1923 926 2029 prepositure
946 1921 1163 1999 Parisiensis
1183 1922 1362 2029 sigillare,
1383 1923 1423 1998 in
1443 1951 1517 2028 qua
1537 1922 1658 2000 dictus
1679 1923 1856 2030 magister

427 2054 590 2133 Michael
608 2039 799 2136 confessus
815 2053 936 2130 fuerat
955 2081 996 2129 se
1015 2053 1138 2130 teneri
1153 2053 1255 2136 dicto
1270 2053 1453 2143 Roherto,
1473 2081 1517 2131 cx
1536 2083 1645 2132 causa
1658 2053 1797 2144 mutui,
1815 2053 1855 2130 in

428 2183 662 2291 septuaginta
685 2183 792 2261 libris
806 2181 1094 2276 Parisicnsibus,
1116 2182 1290 2290 pluribus
1312 2183 1526 2262 racionibus
1547 2173 1697 2290 petebat
1717 2201 1855 2262 retrac-

427 2316 498 2392 tari
524 2344 591 2394 seu
615 2314 760 2399 nullam
785 2315 1042 2423 pronunciari,
1070 2331 1108 2391 et
1131 2312 1269 2394 dictam
1294 2315 1511 2420 granchiam
1535 2345 1620 2394 cum
1644 2316 1721 2394 suis
1742 2315 1864 2421 perti-1

426 2446 571 2525 neneiis
585 2445 656 2524 sibi
670 2445 781 2522 reddi
798 2463 838 2523 et
851 2443 1071 2536 deliberari;
1088 2462 1193 2551 parte
1212 2447 1379 2536 adversa,
1398 2445 1571 2552 pluribus
1585 2446 1815 2554 redonibus,
1834 2474 1854 2522 e

427 2577 614 2656 contrario
633 2593 870 2683 proponente
890 2576 1034 2654 dictum
1054 2575 1279 2655 Michaelem
1294 2605 1373 2653 non
1391 2603 1471 2654 esse
1486 2603 1600 2683 super
1612 2574 1686 2654 hoc
1699 2576 1857 2654 audien·

427 2709 741 2797 duszandem,
763 2707 902 2785 auditis
925 2707 1095 2814 parcium
1111 2706 1327 2784 nacionibus
1340 2706 1430 2784 hinc
1448 2724 1488 2784 et
1500 2707 1608 2796 inde,
1630 2724 1670 2785 et
1684 2707 1856 2813 inquesta

427 2869 541 2944 super
556 2839 631 2921 hoc
645 2837 759 2927 faeta,
775 2838 852 2914 visa
866 2855 906 2914 et
922 2836 1125 2945 diligenter
1140 2838 1363 2926 examinata,
1381 2836 1541 2942 predicti
1553 2835 1739 2943 religiosi,
1756 2836 1856 2914 Pari-

427 2987 549 3058 setus,
564 2968 771 3045 Almaricus
784 2985 821 3046 et
836 2967 999 3046 heredes
1015 2967 1106 3045 dicti
1123 2966 1293 3060 Robcrti,
1310 2994 1378 3072 per
1390 2966 1494 3043 curie
1509 2982 1637 3046 nostre
1646 2965 1852 3073 judicium,

428 3099 474 3178 ab
485 3098 727 3205 impeticione
742 3097 910 3204 predicta
919 3098 1010 3176 dicti
1020 3096 1214 3177 Michaelis
1225 3095 1504 3184 sentencialiter
1513 3096 1678 3180 absoluti
1688 3095 1852 3176 fuerunt.

484 3230 641 3310 Veneris
655 3246 740 3316 ante
756 3230 1052 3318 Penthecostem.

480 3362 664 3446 Gorintus
679 3361 893 3468 reportavit,

482 3629 607 3706 XXIII.
638 3628 735 3708 Cum
748 3628 789 3703 in
801 3628 903 3705 curia
914 3644 1041 3706 nostra
1052 3644 1156 3704 mota
1166 3626 1298 3704 fuisset
1310 3625 1562 3704 controversia
1571 3625 1671 3702 inter
1679 3625 1854 3704 homines

426 3759 475 3838 de
500 3758 691 3849 Bonnuel,
720 3775 891 3864 exparte
917 3786 1011 3847 una,
1039 3774 1077 3834 et
1100 3756 1350 3836 Guillehnum
1380 3756 1426 3832 de
1451 3757 1622 3863 Moyaco,
1643 3773 1854 3834 amatorem

425 3888 607 3968 Iohannis
628 3889 675 3964 de
698 3889 869 3995 Moyaco,
892 3888 1038 3978 militis,
1061 3889 1143 3996 ejus
1162 3887 1296 3994 patris,
1320 3887 1477 3964 nomine
1504 3888 1693 3966 curatorio
1716 3887 1851 3993 ipsius,

428 4048 473 4099 er
487 4018 622 4109 altera,
642 4020 682 4094 in
703 4047 812 4096 causa
829 4018 1095 4125 appellacionis
1109 4019 1159 4094 ad
1175 4045 1244 4095 nos
1259 4017 1479 4123 interposite
1497 4046 1567 4124 per
1585 4018 1728 4095 dictum
1749 4045 1854 4094 cura-

426 4167 551 4230 torem
571 4179 592 4227 a
615 4151 783 4258 quodam
797 4151 968 4258 judicato
986 4178 1056 4257 per
1081 4150 1201 4227 dictos
1223 4148 1398 4228 homines
1423 4149 1585 4226 incuria
1610 4148 1853 4226 dominorum

428 4281 475 4359 de
507 4281 681 4360 Bonnuel
701 4297 828 4358 contra
856 4282 983 4388 ipsum
1007 4279 1103 4362 facto
1130 4308 1199 4387 pro
1225 4280 1378 4358 domina
1406 4281 1454 4357 de
1484 4282 1617 4388 Raray,
1640 4279 1768 4356 relicta
1789 4278 1855 4356 de-

427 4411 544 4491 functi
564 4414 662 4491 Petri
685 4413 732 4490 de
747 4414 920 4521 Moyaco,
936 4412 1083 4504 militis,
1105 4440 1220 4520 super
1233 4411 1369 4490 saisina
1384 4428 1484 4490 terre
1501 4411 1548 4488 de
1563 4409 1801 4488 huson-villar
1817 4427 1855 4487 et

426 4545 744 4649 pertinenciarum
765 4545 936 4653 ejusdem
958 4574 967 4620 t
988 4545 1177 4631 Tandem,
1197 4543 1334 4622 auditis
1353 4543 1566 4620 racionibus
1586 4542 1755 4650 parcium
1770 4569 1855 4648 pre-

428 4674 611 4750 dictarum
623 4676 745 4753 etvisa
758 4677 930 4783 inquesta
943 4703 1057 4780 super
1068 4674 1143 4750 hoc
1157 4673 1269 4762 lacta,
1288 4702 1330 4748 ac
1343 4688 1425 4749 toto
1436 4701 1613 4778 processu
1629 4673 1728 4750 dicte
1744 4699 1853 4749 cause

427 4804 597 4910 inspecto
618 4822 656 4881 et
675 4805 875 4912 diligenter
890 4805 1120 4894 examinato,
1139 4832 1208 4911 per
1222 4803 1326 4881 curie
1345 4820 1472 4880 nostre
1483 4802 1688 4909 judicium,
1710 4803 1853 4900 dictum

427 4934 500 5012 luit
520 4952 561 5023 ,et
576 4937 870 5042 pronunciatum
893 4936 1081 5044 predictos
1110 4935 1285 5012 homines
1310 4935 1408 5012 bene
1424 4933 1626 5042 judicasse,
1646 4952 1683 5012 et
1709 4935 1851 5012 dictum

427 5083 639 5146 curatorem
653 5065 752 5144 male
767 5068 991 5174 appellasse,
1009 5085 1047 5145 et
1058 5067 1164 5174 quod
1183 5067 1262 5171 ipse
1283 5066 1355 5150 hoc
1375 5062 1600 5142 emendabit.
