4450 6209
746 711 1015 822 attondens
1039 729 1106 804 nr
1132 709 1338 804 procas,
1515 789 1520 796 .
1681 725 1756 803 eas

331 878 428 956 facta
451 875 623 986 predicto
648 871 816 954 Guidoni
840 871 1025 952 avunculo
1049 887 1088 951 et
1109 871 1188 950 suis
1209 869 1431 978 nepotibus,
1454 869 1503 950 ad
1522 871 1687 953 assisiam
1708 875 1756 953 de
1795 873 1982 1010 ΡΗἭῙἎ

329 1007 520 1100 Martello,
543 1033 668 1086 coram
689 1003 892 1084 senescallo
911 1001 1218 1110 Petregoricensi,
1231 1031 1346 1108 super
1364 1021 1662 1082 assecuramento
1673 1033 1757 1111 pre·

329 1140 465 1218 stando
484 1136 675 1218 Bonifacio
693 1134 909 1244 Perquerii,
929 1164 972 1214 ec
990 1133 1223 1214 inhibieione
1242 1133 1338 1212 facta
1357 1132 1458 1213 dicto
1477 1132 1647 1214 Gnidoni
1666 1135 1758 1214 suis-

327 1301 404 1380 que
418 1269 621 1377 nepotibus
636 1285 674 1346 et
692 1266 954 1358 familiaribus,
976 1295 1021 1346 ex
1034 1282 1140 1374 parte
1159 1281 1307 1354 nostra,
1327 1293 1442 1373 super
1460 1265 1563 1344 omni
1579 1294 1629 1344 eo
1652 1266 1757 1374 quod

329 1419 483 1510 possent
496 1401 605 1481 nobis
619 1398 843 1490 forisfacere,
857 1427 918 1491 ne,
932 1398 1124 1507 pendente
1140 1397 1242 1477 dicto
1257 1396 1517 1505 ajornamento
1529 1427 1643 1507 super
1658 1399 1757 1476 dicta

330 1533 609 1614 assecuracione
621 1531 838 1640 prestanda,
856 1530 1000 1639 aliquas
1014 1529 1186 1639 injurias,
1202 1529 1243 1606 in
1258 1555 1420 1636 persona
1434 1528 1493 1607 vel
1507 1530 1633 1620 bonis,
1657 1530 1756 1609 dicto

327 1664 519 1744 Bonifacio
541 1661 740 1770 Perquerii
755 1661 956 1752 inferrent,
975 1661 1116 1770 quibus
1132 1660 1281 1769 spretis,
1302 1660 1461 1767 predicti
1478 1678 1637 1768 nepotes
1650 1679 1689 1740 et
1701 1659 1756 1740 fa·

326 1795 492 1874 miliares
512 1793 602 1872 dicti
626 1793 815 1875 Gnidonis
838 1791 1027 1900 prefatum
1052 1791 1287 1872 bonifacium
1316 1792 1528 1899 Porquerii‚
1557 1793 1755 1900 evaginatis

325 1924 475 2032 gladiis,
496 1925 714 2006 invaserunt
736 1941 774 2002 et
794 1923 920 2002 eidem
939 1923 1072 2030 plures
1089 1923 1245 2033 injurias
1262 1923 1493 2014 intaderunt3
1514 1951 1583 2001 nos
1600 1952 1690 2001 vero
1707 1925 1754 2003 de

325 2055 523 2163 predictis,
536 2083 605 2163 per
619 2072 741 2134 certos
755 2055 1032 2134 commissarios
1052 2055 1253 2161 deputatos
1271 2053 1435 2148 anobis,
1447 2055 1584 2134 vocatis
1598 2083 1754 2133 evocan-

325 2187 398 2276 dis,
419 2187 560 2294 inquiri
579 2187 841 2266 mandavimus
858 2186 1052 2264 veritatem
1073 2216 1083 2264 a
1104 2187 1216 2264 Facta
1229 2186 1344 2292 igitur
1363 2185 1537 2291 inquesta
1549 2214 1663 2293 super
1681 2187 1754 2265 hiis

326 2333 378 2407 et,
396 2319 535 2396 auditis
552 2317 740 2425 partibus,
759 2317 837 2394 visa
854 2335 892 2394 et
911 2315 1111 2424 diligenter
1131 2317 1351 2404 examinata,
1372 2315 1461 2421 quia
1479 2334 1672 2423 repertum
1698 2337 1754 2396 est

324 2475 393 2554 per
413 2449 573 2526 eandem
597 2447 827 2526 sufficienter
844 2447 1048 2552 probatum
1068 2447 1175 2552 quod
1196 2445 1359 2551 predicti
1377 2464 1536 2552 nepotes
1553 2447 1642 2524 dicti
1660 2447 1755 2527 Gui-

325 2578 435 2657 donis
455 2577 502 2656 de
522 2576 772 2684 Toqnemine,
798 2593 885 2684 post
906 2575 1077 2682 predicta
1099 2577 1399 2684 ajornamentum
1424 2594 1461 2654 et
1479 2577 1752 2656 inhibieionem

323 2707 434 2799 facta,
459 2728 502 2786 ut
529 2707 671 2786 dictum
697 2723 768 2800 est,
797 2707 975 2815 dictoque
996 2704 1189 2785 Bonifacio
1211 2707 1250 2782 in
1269 2707 1398 2813 gardia
1417 2725 1544 2786 nostra
1568 2710 1692 2816 posito
1716 2730 1753 2788 et

327 2841 525 2930 existente,
558 2839 681 2946 ipsum
703 2836 938 2917 Bonifacium
959 2867 1047 2916 eum
1066 2836 1201 2944 gladiis
1219 2838 1450 2928 invaserunt,
1478 2856 1517 2919 et
1534 2840 1674 2920 multas
1691 2842 1752 2918 in-

318 2971 438 3079 jurias
462 2969 673 3047 intulerunt
696 2968 837 3060 eidem,
860 2966 1041 3077 quodque
1061 2968 1254 3076 predictus
1273 2969 1400 3047 Guido
1429 2970 1477 3046 de
1501 2973 1749 3063 Tornemine‚

323 3120 408 3210 post
428 3102 549 3179 dictos
568 3101 621 3178 sic
641 3127 812 3178 excessus
830 3109 1079 3206 perpetratos,
1102 3100 1143 3176 in
1163 3098 1279 3178 domo
1298 3129 1366 3178 sua
1389 3101 1436 3177 de
1457 3101 1631 3180 Martello
1653 3121 1692 3181 et
1710 3105 1751 3182 in

324 3232 486 3339 quadam
507 3231 578 3308 alia
597 3231 713 3308 domo
739 3258 822 3319 sua,
846 3247 950 3308 extra
963 3229 1091 3308 villam
1111 3230 1159 3308 de
1177 3230 1368 3319 Martello,
1384 3232 1575 3338 predictos
1594 3255 1752 3341 nepotes

323 3391 411 3442 suos
422 3361 619 3441 occultavit
629 3378 667 3440 et
678 3361 895 3468 receptavit,
913 3361 1053 3469 absque
1064 3363 1138 3439 hoc
1147 3362 1254 3468 quod
1269 3363 1368 3467 ipsos
1384 3362 1425 3438 in
1439 3363 1567 3469 aliquo
1582 3366 1747 3455 evitaret,

323 3496 363 3572 in
376 3493 631 3601 prejudicium
641 3492 755 3603 garde
768 3510 806 3571 et
817 3492 1063 3572 inhibieionis
1076 3492 1349 3601 predictarum,
1363 3521 1432 3600 per
1444 3495 1548 3572 curie
1559 3511 1685 3574 nostre
1693 3498 1752 3605 ju·

323 3626 479 3714 dicium,
494 3623 752 3705 dictusGuido
768 3623 816 3704 de
826 3624 1058 3704 Tememine
1067 3624 1106 3702 in
1115 3623 1332 3732 quingentis
1345 3624 1454 3703 libris
1464 3627 1750 3705 Turonensibus

322 3755 433 3835 nobis
452 3755 643 3836 solvendis
669 3755 861 3834 occasione
881 3754 1140 3862 predictorum
1165 3755 1287 3834 extitit
1312 3755 1627 3863 condempnatus,
1653 3757 1750 3838 salva

324 3886 425 3964 dicto
443 3885 634 3965 bonifacio
652 3887 841 3991 peticione
860 3914 927 3978 sua
950 3915 1065 3995 super
1083 3885 1232 3994 injuriis
1255 3903 1295 3964 et
1318 3887 1531 3968 excessibus
1554 3888 1744 3994 predictis.

379 4017 558 4094 Mercurii
580 4033 668 4123 post
683 4018 970 4096 Penthecosten.

380 4146 507 4227 Caesel
524 4147 739 4253 reportavit.

378 4279 558 4386 Sequitur
573 4295 703 4386 postea
721 4278 827 4386 quod
846 4279 925 4386 ipse
947 4304 1061 4384 super
1079 4280 1154 4357 hoc
1175 4277 1248 4357 fuit
1272 4278 1486 4370 absolutus,
1513 4282 1588 4359 visa
1614 4284 1750 4358 iterato

323 4411 495 4518 inquesta
513 4409 694 4517 predicta.
1755 4403 1761 4408 ’

379 4671 533 4752 CXVlll.
564 4670 679 4766 Cum,
703 4669 894 4777 pendente
912 4671 1170 4778 ajomamento
1196 4667 1365 4750 Guidoni
1390 4669 1437 4747 de
1453 4672 1684 4750 Tememine
1709 4689 1747 4750 et

321 4801 474 4890 Pensio,
496 4800 714 4893 Guillelmo,
732 4801 844 4880 Petro
862 4801 1071 4893 aeGuioto,
1086 4801 1281 4892 fratribus,
1298 4790 1469 4910 ejusdem
1485 4801 1671 4882 Gnidonis
1686 4831 1749 4881 ne·

322 4931 475 5039 potibus
494 4949 531 5010 et
549 4931 813 5027 familiaribus,
826 4932 931 5012 'facto
956 4934 1004 5012 de
1024 4921 1274 5013 assecurando
1297 4932 1530 5014 Bonifacium
1551 4935 1745 5042 Perquerii

324 5063 372 5141 de
389 5063 581 5154 Martello,
594 5082 631 5143 et
644 5084 730 5172 post
743 5064 1011 5144 inhibieionem
1026 5065 1204 5172 predictis
1215 5065 1392 5174 ajornatis
1404 5066 1555 5156 factam,
1577 5082 1744 5172 err-parte
