4450 6209
723 755 994 865 nuoutrns
1020 771 1084 844 rr
1111 751 1322 845 proces
1660 769 1729 843 sn

311 930 427 991 tatem
449 911 540 991 dicti
557 912 752 994 Guillelmi
777 913 988 1005 detinebat;
1010 913 1111 990 dicto
1131 912 1286 992 Odardo
1306 909 1509 1018 injudicio
1530 913 1736 992 confitente
1774 920 1904 972 Pfflfflfss
1917 918 1961 980 tv,

311 1071 350 1122 se
371 1043 575 1151 predictam
595 1045 754 1150 pecunie
779 1073 964 1123 summam
986 1075 1006 1122 a
1026 1045 1124 1120 dicta
1143 1044 1297 1121 domina
1317 1044 1365 1119 de
1386 1041 1560 1133 Melloto,
1583 1045 1735 1121 nomine
1818 1011 1899 1054 '¹³¹¹'

312 1173 402 1252 dicti
421 1174 546 1252 mariti
569 1176 628 1252 sui
654 1175 838 1267 defuncti,
854 1174 1038 1282 recepisse
1054 1191 1092 1250 et
1111 1172 1305 1263 babuisse,
1328 1190 1489 1280 negante
1502 1189 1631 1249 tamen
1650 1202 1737 1279 pre·

313 1304 451 1382 dictam
471 1333 656 1383 summam
671 1307 830 1414 pecunie
848 1335 887 1384 se
902 1333 1085 1412 umquam
1100 1305 1238 1382 edicto
1258 1303 1466 1382 Guillelmo
1483 1304 1665 1411 recepisse
1672 1305 1737 1383 'vel

314 1436 431 1512 eciam
448 1435 644 1523 babuisse;
661 1436 856 1544 productis
870 1437 985 1544 igitur
997 1433 1168 1524 testibus,
1184 1465 1228 1513 ex
1240 1451 1344 1542 parte
1360 1434 1449 1511 dicti
1462 1433 1674 1525 Guillelmi,
1689 1437 1737 1513 ad

313 1593 421 1645 suam
442 1566 698 1645 intencionem
717 1567 968 1676 probandam,
989 1583 1112 1673 partes
1128 1567 1297 1673 predicte
1312 1565 1557 1672 postmodum
1577 1565 1738 1644 ulterius

313 1696 353 1771 in
373 1723 498 1786 causa,
529 1724 636 1776 more
663 1698 796 1788 solito,
824 1715 1103 1806 processerunt;
1133 1697 1288 1774 tandem
1313 1696 1376 1774 die
1401 1696 1579 1801 assignata
1605 1697 1652 1774 ad
1673 1727 1737 1774 an·

314 1826 495 1904 diendum
506 1828 572 1934 jus
587 1855 701 1935 super
715 1828 925 1936 premissis,
946 1828 1072 1905 dictus
1090 1826 1265 1918 ballivus,
1280 1855 1349 1934 per
1363 1855 1467 1904 snam
1489 1829 1733 1918 sentenciam,

314 1958 604 2065 condempnavit
625 1961 768 2038 dictum
781 1957 977 2040 Odardum
993 1959 1041 2036 ad
1054 1958 1294 2036 reddendum
1311 1958 1413 2036 dicto
1433 1957 1641 2037 Guillelmo
1655 1991 1738 2067 pre-

313 2088 451 2165 dictam
467 2089 626 2195 pecunie
641 2118 828 2185 summam
844 2106 881 2166 et
897 2089 1035 2166 dietam
1052 2088 1217 2166 litteram
1233 2087 1509 2195 obligatoriam,
1528 2089 1736 2196 predictam

311 2250 499 2300 summam
515 2222 790 2311 continentem3
813 2237 866 2310 et,
884 2220 971 2326 quia
993 2219 1092 2296 dicto
1113 2218 1263 2310 bellive,
1279 2235 1356 2296 tam
1376 2247 1445 2324 per
1463 2220 1735 2300 consessionem

312 2352 402 2429 dieti
420 2351 576 2440 Odardi,
592 2379 705 2457 quam
718 2379 785 2456 per
796 2349 1057 2456 deposiciones
1070 2350 1226 2426 testium
1238 2376 1350 2455 super
1361 2348 1435 2427 boc
1448 2351 1733 2457 productorum,

312 2483 496 2592 legittime
516 2482 693 2573 constitit,
717 2498 759 2558 ut
779 2480 944 2572 dicebat,
964 2481 1178 2586 predictum
1204 2479 1400 2559 Odardum
1425 2510 1545 2559 unum
1577 2499 1615 2559 et
1633 2485 1735 2561 idem

313 2612 485 2690 debitum
519 2613 678 2689 scienter
703 2611 762 2688 bis
786 2611 970 2716 recepisse
1004 2628 1044 2687 et
1067 2610 1259 2699 babuisse,
1286 2609 1389 2687 idem
1419 2608 1578 2688 ballivus
1609 2616 1736 2692 omnia

311 2745 411 2852 bona
432 2741 522 2820 dicti
542 2743 684 2823 Odardi
706 2742 745 2817 in
766 2769 882 2818 manu
902 2759 1028 2819 nostra
1048 2743 1206 2847 aocepit,
1224 2767 1422 2847 quousque
1437 2741 1540 2819 idem
1560 2743 1737 2821 Odardns

311 2875 439 2964 nobis,
457 2904 525 2982 pro
545 2875 753 2982 premissis,
780 2873 980 2952 emendam
1001 2872 1170 2952 solvisset
1188 2872 1431 2981 condignam,
1453 2899 1567 2979 quam
1586 2889 1737 2952 senten-

312 3007 405 3084 ciam
427 3005 530 3083 idem
546 2997 722 3084 Odaidus
742 3005 987 3111 postmodnm
1002 3006 1041 3080 in
1062 3021 1189 3082 nostra
1208 3004 1326 3093 curia,
1351 3003 1535 3108 perviam
1557 3007 1736 3115 simplicis

312 3135 562 3243 querimonis,
574 3136 781 3241 proposuit,
792 3135 840 3212 de
857 3136 1130 3213 consuetudine
1141 3136 1272 3242 patrie,
1288 3151 1503 3213 nontenere
1515 3164 1586 3214 nec
1599 3139 1734 3229 valere,

281 3317 285 3320 -
312 3295 428 3373 quare
443 3267 596 3372 petebat
608 3266 767 3342 eandem
783 3264 959 3356 anullari3
979 3266 1079 3342 dicto
1093 3265 1242 3354 ballivo,
1259 3294 1300 3341 ex
1317 3264 1483 3355 adverse,
1500 3287 1735 3373 proponente

313 3396 452 3473 dictam
470 3394 712 3481 sentenciam,
725 3394 772 3471 de
789 3394 1063 3472 consuetudine
1080 3394 1155 3472 loci
1174 3410 1213 3471 et
1230 3394 1365 3501 patrie,
1387 3411 1518 3473 tenere
1537 3414 1574 3474 et
1590 3398 1733 3490 valere;

309 3525 478 3612 tandem,
496 3552 609 3632 snper
628 3525 703 3602 boc
720 3523 857 3601 auditis
874 3525 983 3602 dictis
996 3524 1181 3632 partibus,
1203 3525 1306 3602 curia
1324 3541 1468 3614 nostra,
1485 3527 1532 3603 de
1548 3556 1735 3606 consensu

311 3656 545 3746 earumdem,
563 3655 749 3732 ordinavit
763 3655 880 3762 quod,
895 3684 1007 3762 super
1021 3656 1132 3733 dictis
1144 3647 1487 3734 consuetudinibus
1499 3675 1537 3733 et
1552 3657 1634 3736 aliis
1647 3659 1735 3737 hinc

312 3805 350 3865 et
368 3787 458 3865 inde
472 3787 690 3893 propositis,
705 3787 838 3863 veritas
851 3785 1117 3893 inquireretur,
1134 3803 1173 3863 et
1185 3787 1356 3893 inquesta
1371 3785 1591 3895 hujusmodi
1608 3807 1735 3868 nostre

311 3919 414 3996 curie
433 3935 697 4024 reportaretur,
715 3934 753 3993 et
766 3917 867 3994 curia
883 3934 1008 3995 nostra
1021 3945 1136 4024 super
1149 3918 1342 4023 premissis
1358 3916 1552 3996 exhiberet
1567 3921 1736 4025 partibus

306 4048 459 4157 justicie
473 4046 816 4153 complementum:
832 4049 941 4124 Facta
952 4047 1067 4153 igitur
1085 4049 1260 4152 inquesta
1274 4076 1389 4155 snper
1405 4050 1608 4155 premissis,
1628 4069 1667 4128 et
1686 4054 1734 4130 ad

312 4196 478 4257 nostram
504 4177 646 4254 curiam
672 4192 878 4282 reportata,
907 4176 982 4253 visa
1006 4194 1046 4255 et
1071 4176 1274 4286 diligenter
1295 4178 1519 4269 examinata,
1546 4181 1733 4260 relacione

313 4309 430 4387 eciam
461 4308 551 4387 dicti
577 4307 701 4386 ballivi
731 4335 846 4413 super
873 4307 946 4384 hoc
976 4306 1120 4397 audita,
1151 4336 1219 4414 per
1247 4308 1352 4385 curie
1383 4325 1510 4385 nostre
1530 4310 1731 4416 judicium,

314 4413 457 4519 dictum
479 4439 551 4518 fnit
568 4438 712 4516 dictum
727 4436 930 4526 ballivum,
948 4435 1048 4516 bene
1058 4437 1261 4546 judicasse,
1279 4454 1320 4514 et
1332 4437 1418 4546 ejus
1423 4437 1636 4544 judicatum
1648 4471 1735 4547 pre-

315 4571 475 4660 dictum,
498 4569 546 4646 de
566 4569 843 4648 consuetudine
862 4567 1002 4676 patrie,
1023 4585 1155 4647 tenere
1174 4584 1212 4645 et
1226 4567 1349 4646 valere
1368 4566 1572 4676 [deberet
1591 4589 1643 4659 et,
1666 4599 1735 4679 per

312 4700 414 4778 idem
423 4701 628 4811 judicium,
647 4699 771 4778 dictus
782 4698 957 4779 Odardus
969 4697 1009 4776 in
1021 4699 1238 4807 quingentis
1252 4699 1357 4778 libris
1367 4697 1652 4791 Parisiensibus‚
1665 4731 1735 4782 no-

312 4831 414 4911 mine
434 4832 613 4922 emendo,
633 4831 827 4910 occasione
845 4829 1134 4940 premissorum,
1158 4830 1268 4910 nobis
1282 4823 1406 4910 'extitit
1427 4831 1731 4942 condempnatus.

368 4963 524 5042 Veneris
544 4977 629 5070 post
647 4961 884 5041 Trinitatem.

368 5093 553 5173 Thibotot
564 5093 775 5201 reportavit.
