4450 6209
489 702 560 779 1311
1073 701 1165 774 LES
1195 698 1333 774 OLlM.

256 856 445 919 Puumll·
483 846 558 928 bus
585 845 802 938 antedictis,
831 843 994 952 visisque
1024 841 1262 951 processibus
1287 841 1389 920 dicte
1413 869 1541 931 cause,
1571 867 1719 920 necnon
1744 841 1915 951 judicato

315 951 381 994 Μ’
484 978 675 1087 predicto,
697 1007 741 1058 ec
761 977 928 1086 registris
948 975 1142 1056 Castelleti
1160 974 1378 1054 Parisiensis
1396 973 1517 1064 lactis,
1539 1003 1653 1083 super
1671 974 1914 1055 ordinacione

483 1109 700 1190 officiorum
725 1109 1003 1218 predictorum,
1023 1138 1093 1218 per
1105 1108 1297 1218 judicium
1318 1123 1445 1186 nostre
1469 1107 1590 1198 curie,
1618 1107 1764 1185 dictum
1784 1105 1858 1184 fuit
1877 1127 1915 1186 ct

483 1243 777 1350 pronunciatum
789 1241 913 1349 quod,
932 1240 1104 1349 predicta
1122 1239 1381 1348 appellacione
1397 1239 1446 1318 ad
1461 1238 1649 1318 nichilum
1662 1239 1802 1348 posita,
1825 1269 1911 1346 pre-

482 1374 582 1454 dicta
604 1374 761 1484 registra
779 1373 1016 1452 tenebuntur
1034 1373 1294 1480 predictorum
1319 1372 1636 1464 ministeriorum,
1651 1387 1728 1448 tam
1747 1371 1913 1450 sellario-

480 1536 567 1585 rum
587 1535 701 1614 quam
719 1505 1005 1597 lormariorum,
1027 1505 1186 1584 cuilibet
1206 1532 1274 1583 suo
1295 1501 1419 1583 officio
1438 1529 1684 1595 remansuro,
1702 1505 1910 1582 secundum

478 1639 738 1746 predictorum
766 1638 1013 1749 registrorum
1040 1654 1230 1728 tenorem,
1264 1665 1335 1744 per
1361 1635 1522 1716 eandem
1552 1635 1908 1744 prenunciacionem

481 1770 716 1850 declarantes
733 1771 855 1878 quod,
877 1770 967 1848 licet
989 1769 1079 1846 dicti
1104 1768 1261 1860 sellarii,
1282 1769 1342 1846 sui
1363 1766 1476 1846 officii
1496 1767 1664 1858 racione,
1688 1767 1907 1876 pectoralia,

481 1902 691 1982 estriverias
708 1918 747 1980 et
762 1901 920 1978 culerias
941 1900 990 1978 de
1011 1899 1165 1978 duobus
1186 1899 1299 1979 coriis
1318 1927 1428 1977 suere
1453 1897 1712 2006 nonpossint,
1735 1926 1806 1976 nec
1828 1902 1911 1977 stri-

481 2033 577 2142 giles
596 2061 666 2112 seu
685 2033 856 2124 estrivos,
877 2031 1075 2122 bucculas,
1097 2032 1305 2122 mordacia,
1327 2059 1460 2139 cappas
1477 2059 1547 2110 seu
1567 2029 1688 2110 clavos
1707 2029 1830 2110 facere
1849 2048 1910 2108 aut

481 2163 682 2254 fabricare,
699 2165 771 2272 ipsi
788 2181 918 2278 11111611
932 2165 1101 2271 predicta
1121 2165 1264 2258 omnia,
1282 2165 1312 2242 si
1330 2165 1405 2242 sint
1418 2164 1518 2242 bona
1533 2181 1572 2242 et
1591 2163 1746 2272 legalia,
1768 2191 1908 2255 emere,

482 2297 677 2405 acquirere
691 2325 760 2376 seu
779 2297 921 2375 habere
935 2315 1129 2404 poterunt,
1150 2297 1361 2376 secundum
1373 2295 1481 2402 quod
1501 2295 1598 2374 dicta
1615 2295 1772 2405 registra
1792 2295 1911 2375 decla·

481 2446 582 2518 rant,
604 2446 644 2506 et
659 2457 703 2508 ea
724 2429 764 2506 in
783 2429 888 2508 sellis
907 2446 947 2507 et
964 2429 1083 2508 bustis
1101 2429 1180 2509 suis
1193 2455 1355 2536 ponere,
1376 2427 1518 2506 clarere
1532 2445 1571 2506 et
1590 2429 1724 2519 rivere,
1747 2445 1786 2505 et
1803 2427 1910 2506 sellas

481 2579 520 2638 et
536 2559 642 2638 basta
656 2589 784 2640 sua-ex
801 2562 856 2641 eis
872 2560 1023 2640 munire
1041 2579 1080 2638 et
1097 2589 1297 2668 preparare
1312 2577 1510 2668 poterunt,
1529 2575 1568 2638 et
1584 2575 1689 2638 serata
1704 2559 1907 2651 inermem,

481 2723 524 2771 ac
548 2710 671 2772 cetera
695 2692 835 2784 facere,
861 2693 911 2770 ad
936 2693 1106 2799 ipsorum
1132 2691 1302 2772 officium
1324 2692 1575 2800 pertinencia,
1597 2721 1673 2800 que
1696 2692 1767 2799 ipsi
1792 2691 1909 2772 lacere

480 2840 639 2931 possunt
659 2825 872 2901 secundum
892 2823 1151 2929 predictorum
1171 2825 1417 2932 mgistrorum
1435 2840 1621 2902 tenorem.
1643 2823 1685 2900 In
1701 2824 1825 2932 cujus,
1844 2842 1907 2903 etr.

539 2957 647 3033 Lune
663 2973 752 3033 ante
767 2955 1003 3035 Nativitatem
1016 2955 1118 3034 beati
1133 2956 1511 3064 JohannisBaptiste,
1529 2983 1632 3034 anno
1645 2959 1907 3035 trecentesimo

481 3105 625 3194 quarto.

537 3220 723 3299 Henricus
735 3221 786 3300 de
801 3221 1029 3331 Broyselles,
1051 3221 1270 3314 lormarius,
1282 3222 1434 3331 juravit.
1539 3284 1544 3302 .

538 3484 648 3562 XXX.
681 3483 885 3562 Absolucio
908 3485 1075 3592 magistri
1101 3485 1315 3593 Raymundi
1340 3485 1469 3575 Costa,
1490 3485 1631 3594 judicis
1650 3487 1804 3594 majoris
1826 3487 1909 3565 Car-

483 3601 732 3702 cassonensis,
747 3615 786 3692 in
800 3612 947 3693 sacculo
962 3633 1018 3692 cst
1035 3615 1270 3721 peticionum
1288 3634 1326 3694 et
1343 3615 1567 3694 cedularum
1585 3617 1700 3725 hujus
1717 3619 1904 3724 temporis.

537 3877 665 3953 XXXI.
697 3877 799 3953 lnter
816 3877 989 3956 dominas
1010 3877 1058 3956 de
1073 3877 1231 3957 Cantain
1253 3897 1292 3957 et
1309 3879 1356 3958 de
1375 3879 1497 3959 Cauni
1508 3881 1721 3988 judicatum
1737 3899 1794 3960 est
1805 3883 1843 3958 in
1857 3909 1906 3958 ro·

481 4006 564 4084 tulo
585 4007 699 4114 hujus
718 4007 913 4114 temporis.
933 4010 1149 4117 lnquestam
1169 4039 1299 4088 earum
1315 4013 1475 4118 portavit
1489 4015 1519 4088 J.
1543 4012 1591 4090 de
1607 4014 1847 4123 Montigneoo
1864 4011 1905 4089 ad

482 4138 681 4216 dominum
695 4141 849 4247 Regem.

537 4405 676 4482 XXXll.
709 4405 807 4484 Cum
826 4433 898 4484 nos
918 4408 967 4483 ad
991 4437 1148 4485 manum
1171 4425 1338 4486 nostram
1361 4407 1639 4515 posuissemus,
1665 4437 1709 4486 ex
1730 4426 1831 4486 certa
1853 4409 1903 4514 (6)

481 4562 605 4624 causa,
620 4537 823 4615 comitatus
834 4538 999 4616 Marchie
1014 4556 1052 4616 et
1060 4539 1295 4647 Engolisme,
1310 4568 1396 4616 cum
1409 4539 1652 4645 pertinenciis
1664 4542 1902 4628 eorumdem,

481 4681 520 4740 ct
533 4663 604 4741 alia
619 4667 785 4774 quedmn
798 4669 899 4746 bona
913 4699 989 4776 que
1005 4672 1116 4778 Hugo
1133 4672 1256 4749 dictus
1271 4670 1308 4749 le
1324 4673 1445 4761 Brun,
1461 4673 1656 4779 quondum
1672 4701 1800 4752 comes
1815 4675 1905 4753 Mar-

481 4793 565 4872 chie
585 4812 624 4871 et
640 4799 873 4906 Engolisme,
897 4817 1069 4908 tempore
1086 4831 1163 4909 quo
1179 4801 1259 4909 ipse
1280 4803 1456 4894 decessit,
1472 4804 1646 4894 tenebat,
1665 4823 1703 4883 et
1717 4805 1904 4886 Guiardus

483 4925 530 5002 de
549 4929 729 5021 Marchia,
753 4959 954 5037 germanus
973 4933 1065 5011 dicti
1081 4938 1277 5042 quondam
1303 4936 1468 5028 comitis,
1485 4938 1599 5016 nobis
1610 4923 1762 5044 pluries⁸
1771 4956 1809 5016 et
1824 4965 1904 5014 cnm

481 5056 659 5138 instancia
682 5061 926 5168 supplicasset
946 5066 1068 5171 quod,
1095 5067 1298 5172 cumipse,
1327 5083 1371 5144 ut
1393 5067 1557 5159 dicebat,
1580 5085 1764 5177 tanquam
1787 5067 1905 5176 proxi·
