4450 6209
774 721 1044 832 uuounrus
1072 742 1134 814 ar
1160 718 1367 816 Procas.
1706 735 1780 815 aar

359 897 636 958 tormentorum
651 899 689 960 et
701 900 858 990 propter
866 883 1097 988 presenciam
1114 883 1203 960 dieti
1220 881 1359 976 ballivi,
1375 881 1510 960 falsum
1527 883 1566 958 in
1583 913 1692 961 causa
1708 885 1780 960 hu·
1821 893 1949 948 vestrm
1963 893 2005 957 Ν,

354 1012 526 1121 jussos·
549 1011 786 1120 deposuisse,
809 1043 878 1094 sss
898 1014 1036 1093 ausas
1061 1030 1099 1091 ss
1125 1013 1230 1092 nasa
1258 1013 1465 1094 ossrrsrms
1490 1012 1537 1092 as
1563 1015 1777 1122 rrsyssss,
1881 985 1943 1027 ¹³¹¹·

360 1141 472 1221 militi
487 1159 632 1234 nostro,
651 1161 690 1222 et
702 1143 845 1251 prefato
860 1146 1041 1253 gardiano
1056 1145 1318 1252 Lugdunensi,
1336 1173 1449 1252 super
1459 1146 1573 1222 certis
1585 1145 1691 1223 sactis
1706 1173 1780 1253 que

358 1275 398 1351 in
418 1275 723 1381 deposicionibus
742 1276 930 1353 dictorum
949 1276 1104 1353 testium
1120 1275 1421 1365 continebantur,
1444 1275 1779 1366 mandavissemus,
1819 1370 1823 1376 η

358 1434 426 1512 per
445 1435 484 1484 se
506 1403 564 1483 vel
583 1434 652 1513 per
673 1406 766 1484 alios
785 1405 839 1484 ab
852 1406 906 1484 eis
926 1406 1177 1514 deputandos,
1204 1407 1397 1485 veritatem
1419 1407 1587 1513 inquiri:
1609 1408 1782 1486 Tandem

357 1537 445 1616 visis
459 1553 498 1615 et
511 1536 712 1646 diligenter
724 1539 899 1645 inspectis
917 1538 1101 1646 inquestis
1118 1538 1310 1645 predictis,
1334 1555 1412 1616 tam
1430 1566 1500 1643 per
1518 1537 1682 1645 prefatos
1702 1539 1783 1617 bal-

357 1667 472 1746 livum
494 1686 533 1747 et
549 1669 770 1779 gordianum
788 1672 928 1777 primo,
950 1699 1064 1778 quam
1084 1700 1153 1778 per
1175 1671 1397 1749 Anselinum
1414 1671 1462 1750 de
1479 1671 1632 1760 Drueia,
1655 1672 1780 1780 legum

359 1800 568 1890 doctorem,
590 1801 637 1879 ab
658 1801 740 1907 ipso
759 1800 967 1881 Guillelmo
988 1801 1036 1878 de
1057 1800 1230 1879 Plesiano
1250 1802 1516 1890 substitutum,
1539 1801 1780 1908 etprefatum

356 1931 578 2037 garelianum
600 1945 732 2038 postea
753 1930 867 2008 -factis
897 1946 934 2008 ct
956 1949 1084 2009 nostre
1114 1932 1217 2009 curie
1239 1932 1457 2038 reportatis,
1491 1960 1561 2038 per
1588 1932 1777 2040 judicium

356 2062 460 2138 curie
479 2079 627 2152 nostre,
653 2059 811 2169 predicti
834 2061 1013 2170 conjuges
1034 2090 1055 2139 a
1075 2062 1254 2168 predictis
1271 2061 1508 2141 denuncietis
1532 2081 1660 2141 oontm
1679 2064 1779 2170 ipsos

356 2192 519 2270 absoluti
537 2191 707 2282 firemnt,
730 2211 770 2271 et
788 2193 917 2269 omnia
933 2191 1120 2271 bona'sua
1140 2223 1231 2300 que,
1259 2194 1453 2272 occasione
1475 2194 1695 2301 hujusmodi
1714 2195 1780 2270 de-

356 2323 629 2414 nunciacionis,
655 2324 703 2401 ad
717 2351 874 2400 manum
893 2341 1060 2401 nostram
1079 2323 1229 2401 fuerant
1240 2323 1381 2430 posita,
1398 2323 1542 2403 eisdem
1557 2325 1780 2434 conjugibus

357 2454 457 2533 curia
475 2471 603 2532 nostra
615 2455 783 2562 precepit
801 2454 1001 2533 deliberari
1015 2473 1053 2534 et
1064 2455 1187 2533 reddi.

407 2585 609 2662 ¹Dominica
628 2602 714 2692 post
731 2585 967 2663 Nativitatem
981 2586 1082 2664 beati
1095 2587 1276 2665 Johannis
1291 2585 1466 2693 baptiste.

412 2717 462 2796 M.
481 2720 558 2795 Yvo
575 2717 622 2794 de
636 2717 820 2796 Lauduno
834 2718 1049 2825 reportavit.

411 2980 468 3056 LI.
491 2975 607 3070 Cum,
622 2995 782 3086 exparte
793 2980 958 3088 magistri
970 2971 1159 3086 Radulphi
1171 2979 1220 3057 de
1234 2981 1404 3070 Praellis,
1417 2979 1684 3069 nobisfuisset,
1696 3009 1779 3089 gra-

355 3112 447 3188 viter
461 3112 747 3218 conquerendo,
769 3128 1019 3190 monstratum
1036 3111 1141 3218 quod
1158 3129 1291 3220 gentes
1311 3112 1474 3218 episcopi
1491 3112 1711 3203 Mettensis,
1728 3115 1777 3191 de

355 3242 532 3321 mandato
551 3245 668 3350 ipsius
682 3261 747 3320 aut
759 3244 839 3349 ipso
856 3251 982 3319 ratum
997 3242 1177 3331 habente,
1197 3243 1244 3319 ad
1261 3242 1387 3319 villam
1403 3230 1451 3320 de
1467 3243 1628 3333 Liaiaco,
1646 3243 1684 3319 in
1703 3273 1778 3350 qna

354 3372 457 3450 idem
475 3375 651 3481 magister
664 3372 887 3478 Radulpbus
902 3372 1162 3451 omnimodam
1177 3372 1487 3479 jurisdicoionem
1506 3373 1637 3451 asserit
1654 3401 1695 3451 se
1710 3375 1778 3450 ba·

354 3503 461 3594 bere,
474 3533 560 3581 cum
572 3532 704 3610 magna
716 3502 961 3582 multitudine
974 3502 1394 3609 equitumetpeditum,
1405 3527 1493 3582 cum
1504 3503 1666 3582 arcubus
1676 3519 1716 3580 et
1726 3533 1777 3580 sa-

353 3635 455 3740 gittis
468 3635 721 3723 munitorum,
736 3634 947 3740 impetuose
959 3649 1153 3723 venerunt,
1170 3634 1352 3739 majorem
1369 3635 1460 3712 dicti
1473 3634 1663 3740 Radulphi
1676 3654 1776 3712 extra

354 3766 492 3843 dictam
512 3763 638 3842 villam
660 3763 797 3842 ducere
815 3763 997 3854 nitentes,
1020 3778 1058 3840 et
1077 3764 1282 3870 quemdam
1302 3764 1568 3871 prisionarium
1589 3764 1679 3843 dicti
1700 3793 1777 3842 ma-

353 3897 474 4003 gistri,
497 3896 545 3971 de
560 3895 726 4000 prisione
741 3924 808 3972 sua
827 3893 927 3972 dicte
947 3893 1035 3971 ville
1049 3895 1248 4000 rapiendo,
1267 3913 1449 4001 ceperunt
1470 3913 1507 3972 et
1522 3923 1650 3973 secum
1659 3894 1777 3973 auxe-

352 4043 456 4115 runt,
473 4024 567 4103 alios
581 4023 825 4130 quamplures
838 4051 1005 4101 excessus
1022 4026 1198 4130 gentibus
1217 4025 1293 4103 suis
1308 4027 1526 4134 irrogando,
1549 4043 1593 4102 ut
1609 4026 1773 4116 dicebat,

352 4185 427 4264 que
439 4157 569 4235 omnia
578 4154 742 4263 petebat,
752 4171 829 4232 tam
841 4154 929 4244 sibi,
945 4172 1125 4262 tanquam
1136 4157 1248 4263 parti,
1266 4187 1379 4263 quarn
1387 4158 1516 4246 nobis,
1532 4157 1682 4235 racione
1699 4158 1777 4235 dic-

350 4306 477 4366 torum
505 4315 714 4376 armorum,
737 4285 946 4377 emendari3
972 4285 1143 4393 predicto
1170 4288 1346 4395 episcopo
1369 4289 1410 4365 in
1435 4288 1665 4365 contrarium
1689 4316 1776 4393 pro·

349 4435 534 4522 ponente,
556 4435 595 4496 et
613 4419 761 4497 dicente
781 4417 902 4524 quod,
922 4417 1105 4524 quicquid
1126 4417 1358 4495 inveniretur
1381 4419 1421 4495 in
1438 4417 1536 4495 iacto
1554 4418 1774 4524 hujusmodi

349 4548 489 4627 sactum
515 4549 631 4627 fuisse
658 4577 727 4657 per
754 4565 885 4657 gentes
906 4575 1006 4639 suas,
1030 4549 1134 4652 juste
1164 4565 1202 4626 et
1228 4549 1508 4646 racionabiliter
1525 4547 1772 4639 facum-firm

350 4679 499 4758 dicente
520 4681 637 4757 eciam
658 4680 767 4788 quod
793 4678 879 4757 villa
904 4678 952 4756 de
978 4678 1123 4757 liriaco
1148 4696 1209 4756 est
1226 4678 1276 4756 de
1298 4678 1423 4756 feodis
1441 4677 1501 4756 sui
1522 4676 1771 4786 episcopatus,

351 4828 387 4887 et
407 4811 512 4917 quod
531 4811 610 4918 ipse
628 4827 709 4889 erat
723 4827 762 4889 et
776 4827 833 4889 est
852 4811 892 4887 in
907 4809 1040 4888 saisina
1054 4809 1261 4916 recipiendi
1274 4809 1494 4919 homagium
1509 4808 1558 4888 de
1574 4809 1674 4889 dicta
1688 4810 1774 4888 villa

350 4969 370 5016 a
397 4941 702 5048 quibuscumque
721 4942 847 5019 venire
866 4940 1080 5020 volentibus
1109 4942 1158 5017 ad
1185 4939 1395 5018 tenendum
1422 4916 1645 5018 domanirim
1664 4941 1774 5047 ejus

352 5071 458 5161 dem3
479 5070 599 5162 unde,
617 5101 704 5150 cum
725 5072 849 5150 dictus
868 5071 1048 5180 magister.
1063 5070 1300 5178 Radulpbus,
1316 5072 1385 5180 qui
1400 5072 1447 5150 ad
1471 5073 1589 5180 ipsius
1609 5071 1772 5178 episcopi
