4450 6209
497 733 572 806 etc
1077 727 1167 802 Lus
1197 727 1340 802 OLIM.

273 883 403 940 Parnon
415 882 458 946 IV·
497 871 694 963 Remerdi,
721 899 791 980 pro
811 899 851 948 se
877 886 915 948 et
932 868 1014 948 aliis
1031 870 1227 949 nobilibus
1247 870 1294 946 de
1316 867 1537 975 Artignaco,
1557 881 1687 942 contra
1703 881 1915 971 procurato-

497 1031 577 1082 rem
598 1019 770 1082 nostrum
791 995 830 1080 in
857 1001 1072 1080 senescallia
1096 1001 1282 1092 Tholose,
1304 997 1410 1106 quod
1435 998 1611 1105 magister
1632 996 1844 1074 Bernardus
1867 997 1912 1074 de

496 1135 694 1225 Palheriis,
724 1153 857 1213 tenens
881 1133 1008 1212 locum
1029 1133 1171 1241 judicis
1200 1131 1317 1209 nostri
1341 1130 1536 1215 Rivorum,
1568 1127 1742 1233 spoliavit
1765 1128 1911 1204 eosdem

496 1281 782 1373 conquerentes,
801 1262 1028 1370 etpariarics
1041 1290 1129 1341 suos
1142 1262 1217 1340 loci
1233 1260 1401 1370 ejusdem
1413 1258 1645 1366 justicinnlta
1660 1257 1814 1335 etbassa
1828 1256 1912 1333 dicti

496 1396 604 1474 castri
616 1397 663 1474 de
680 1395 897 1501 Artignaco,
919 1411 957 1472 et
976 1393 1094 1499 ipsam
1102 1393 1294 1501 justiciam
1309 1390 1436 1499 posuit
1450 1391 1497 1468 ad
1512 1417 1668 1467 manum
1681 1405 1847 1466 nostram
1858 1387 1912 1463 in·

334 973 397 1018 tm.

497 1527 627 1605 debite
644 1543 681 1604 et
700 1525 857 1633 injuste,
879 1542 924 1602 ut
942 1525 1133 1615 dicebant,
1151 1551 1266 1630 quare
1286 1522 1464 1629 petebant
1482 1550 1522 1598 se
1548 1521 1694 1598 restitui
1711 1520 1760 1596 ad
1775 1546 1913 1626 posses·

496 1656 642 1738 sionem
661 1685 765 1735 suern
780 1655 1005 1762 predictam,
1029 1672 1067 1732 et
1083 1682 1240 1732 manum
1256 1670 1422 1732 nostram
1441 1652 1585 1730 ibidem
1601 1654 1805 1759 appositam
1818 1677 1911 1726 arno

498 1788 589 1877 veri,
613 1804 852 1895 procuratore
869 1803 998 1864 nostro
1019 1786 1058 1862 in
1079 1784 1310 1862 contrarium
1323 1784 1472 1862 dicente
1487 1784 1592 1889 quod
1609 1781 1689 1890 ipse
1702 1782 1792 1859 abac
1806 1809 1912 1886 super

498 1921 585 2008 boc,
601 1918 756 1996 nomine
769 1933 914 2009 nostro,
930 1933 1070 1992 tractus
1082 1915 1156 1992 suit
1170 1916 1210 1991 in
1223 1945 1387 2005 causam,
1398 1943 1523 1994 coram
1530 1914 1660 2022 judice
1670 1912 1908 2019 competenti,

496 2049 543 2126 ad
561 2049 780 2126 instanciam
803 2047 1062 2156 predictorum
1087 2048 1422 2152 conquerencium,
1443 2064 1481 2124 et
1505 2046 1662 2123 eandem
1690 2044 1910 2150 peticionem

495 2208 563 2258 seu
583 2197 796 2288 requestam
817 2196 944 2258 contra
964 2179 1107 2284 ipsum,
1124 2195 1253 2256 nostro
1269 2178 1439 2265 nomine,
1452 2177 1709 2263 tradiderunt,
1730 2193 1768 2252 et
1783 2174 1912 2252 eodem

494 2311 610 2390 modo
624 2311 775 2417 agendi,
789 2311 931 2418 liteque
946 2311 986 2386 in
1002 2310 1135 2388 eadem
1151 2337 1259 2386 causa
1274 2325 1494 2398 contestata,
1513 2324 1551 2384 et
1570 2307 1749 2384 omnibus
1767 2306 1838 2384 rite
1853 2335 1912 2414 pe-

496 2443 620 2532 ractis,
639 2442 741 2519 idem
766 2459 985 2549 procurator
1005 2458 1133 2518 noster
1150 2439 1225 2517 fuit
1250 2467 1364 2545 super
1381 2440 1454 2516 boc
1473 2439 1668 2517 absolutus
1691 2437 1738 2514 ab
1769 2438 1913 2544 impeti·

496 2575 602 2651 cicne
630 2575 877 2666 eorumdem3
905 2601 1020 2680 quare
1047 2572 1196 2650 dicebat
1224 2571 1345 2649 dictos
1373 2588 1526 2678 agentes
1550 2599 1618 2648 seu
1644 2585 1913 2676 conquerentes

496 2732 573 2782 non
593 2732 673 2782 esse
694 2705 905 2782 audiendos
932 2704 1090 2782 ulterius
1114 2703 1154 2779 in
1178 2703 1390 2809 premissis,
1415 2719 1470 2793 et,
1494 2701 1543 2778 ad
1565 2703 1637 2778 hoc
1659 2701 1910 2806 probandum,

497 2835 666 2914 exhibuit
681 2837 781 2916 curie
805 2853 932 2914 nostre
949 2835 1027 2912 duo
1047 2833 1198 2941 publica
1215 2834 1492 2910 iustrumenta:
1513 2832 1660 2928 Quibus
1678 2831 1766 2910 visis
1783 2849 1822 2908 et
1834 2830 1914 2908 dili-

496 2984 629 3074 genter
644 2969 878 3058 examinatis,
894 2967 981 3073 quia
1001 2965 1194 3043 inventum
1212 2983 1269 3042 est
1285 2965 1429 3042 dictum
1447 2981 1729 3071 procuratorem
1747 2979 1911 3042 nostrum

497 3123 608 3202 super
628 3097 703 3176 boc
719 3097 950 3176 sufficienter
971 3094 1146 3174 fundasse
1165 3096 1422 3174 intencionem
1443 3123 1565 3184 suam,
1587 3121 1655 3201 per
1671 3094 1775 3172 curie
1793 3113 1912 3171 nostre
1968 3147 1971 3150 -

492 3226 699 3333 judicium,
720 3227 861 3303 dictum
879 3223 950 3322 suit
969 3226 1072 3331 quod
1089 3225 1178 3302 dicti
1193 3243 1470 3331 conquerentes
1483 3252 1596 3330 super
1609 3222 1787 3329 predictis
1804 3223 1913 3300 abeis

498 3358 624 3464 petitis
640 3358 688 3435 de
709 3375 834 3434 cetero
850 3355 1066 3435 nullatenus
1082 3356 1295 3433 audientur.

554 3489 710 3568 Veneris
729 3488 906 3595 predicto.

549 3621 654 3698 Greci
676 3621 886 3727 reportavit.

555 3885 660 3960 XLII.
684 3884 765 3960 Lite
780 3901 897 3972 mota,
910 3911 1033 3962 coram
1049 3885 1241 3990 preposito
1255 3883 1468 3978 Parisiensi,
1485 3886 1585 3966 inter
1595 3886 1750 3964 Petrum
1763 3888 1810 3964 de
1823 3887 1911 3966 Pon-

499 4014 628 4100 tisara,
651 4013 805 4090 nomine
821 4042 890 4090 suc
907 4029 945 4092 et
963 4016 1184 4107 Laurencie,
1205 4017 1332 4094 uxoris
1351 4045 1437 4108 sue,
1455 4033 1494 4094 et
1513 4017 1630 4094 eciam
1650 4035 1838 4124 tamquam
1859 4047 1913 4095 cu·

499 4159 662 4220 retorem
688 4144 817 4221 datum
850 4145 896 4222 ad
924 4144 1029 4224 litem
1054 4146 1184 4224 liberis
1203 4149 1413 4226 minoribus
1440 4148 1609 4226 defuncti
1630 4151 1793 4255 magistri
1816 4148 1912 4229 Guil-

499 4273 606 4352 letmi
620 4274 781 4363 tuliani,
806 4277 958 4354 nomine
977 4278 1216 4368 eorumdem,
1239 4297 1276 4356 et
1294 4279 1536 4386 inquantum
1554 4281 1764 4388 quemlibet
1786 4301 1910 4359 eorum

499 4406 616 4513 tangit
632 4423 669 4483 et
686 4423 839 4514 tangere
854 4424 994 4510 potest,
1016 4437 1060 4483 ex
1070 4425 1175 4514 perte
1195 4438 1286 4500 una,
1309 4427 1349 4488 et
1364 4413 1575 4488 Jobannem
1595 4412 1738 4490 dictum
1753 4412 1909 4505 Qui-Pie,

500 4565 543 4612 ex
570 4536 703 4627 altera,
725 4564 904 4643 supereo
926 4537 1031 4645 quod
1054 4537 1203 4618 dicebat
1227 4540 1350 4618 dictus
1369 4544 1519 4632 Petrus,
1542 4542 1762 4620 nominibus
1781 4543 1911 4649 quibus

499 4695 624 4772 supra,
646 4670 751 4775 quod
774 4667 1001 4747 Guillelmusw
1023 4671 1247 4761 Normanni‚
1267 4671 1409 4779 junior,
1441 4689 1546 4779 pater
1570 4673 1669 4752 dicte
1698 4673 1909 4760 laurencio,

499 4799 623 4873 uxoris
655 4827 740 4886 sue,
776 4816 814 4876 et
842 4797 1049 4892 Genovefn,
1075 4829 1170 4878 uxor
1188 4802 1381 4906 quondam
1401 4803 1490 4880 dicti
1514 4803 1681 4909 magistri
1705 4802 1909 4890 Guillelmi,

498 4944 693 5034 materque
724 4929 909 5008 dictorum
945 4930 1156 5022 minorum,
1188 4932 1344 5010 fuemnt
1367 4935 1480 5018 frater
1499 4952 1537 5012 et
1560 4962 1668 5012 soror
1691 4933 1869 5039 procreati
1894 4959 1911 5004 a

499 5058 824 5154 Guillelmcdicto
839 5060 875 5138 le
889 5063 1085 5150 Normant,
1108 5064 1277 5157 seniore,
1292 5094 1334 5143 ex
1352 5066 1532 5146 Oudarda
1544 5083 1583 5144 et
1593 5066 1765 5170 Aelipdi,
1784 5064 1912 5172 legitti-
