4450 6209
496 717 568 799 ott
1074 717 1165 792 iss
1195 716 1336 800 OLIII.

269 881 400 938 essenus
413 877 457 940 tv,
552 865 636 946 Non
664 875 817 970 apparat
840 857 983 943 dictum
1006 859 1248 970 dymericum
1276 889 1345 938 nec
1371 860 1516 941 metum
1541 857 1745 969 Hugonem
1773 883 1919 946 vocatos

332 972 394 1015 Μ’
498 1025 579 1077 esse
598 993 647 1084 nd
661 993 869 1078 videndum
882 991 1012 1100 jurare
1029 1009 1146 1073 testes
1165 992 1370 1098 productos
1387 992 1438 1072 ad
1456 993 1531 1073 hoc
1549 1019 1619 1098 psr
1636 1012 1916 1100 proctrratorem

499 1126 645 1209 domini
661 1125 777 1233 regis,
797 1149 868 1202 nec
885 1152 953 1232 per
965 1123 1066 1231 ipsos
1085 1123 1199 1202 fuisse
1219 1151 1443 1232 responsum
1458 1123 1624 1206 articulis
1642 1124 1789 1203 domini
1804 1127 1914 1233 regis,

499 1289 569 1338 nec
594 1286 663 1366 per
685 1273 966 1366 procuratorem
995 1255 1140 1333 domini
1167 1255 1267 1364 regis
1289 1283 1371 1337 esse
1389 1283 1612 1361 responsum
1635 1255 1804 1337 articulis
1830 1256 1916 1338 dicti

498 1389 695 1500 Aymerici.
717 1390 824 1479 Item,
843 1405 959 1469 testes
979 1386 1018 1464 in
1039 1415 1082 1464 ea
1098 1387 1275 1496 producti
1296 1403 1385 1467 sunt
1398 1385 1496 1468 male
1511 1387 1731 1496 interrogati
1750 1390 1916 1498 etmajnr

497 1551 582 1631 pars
599 1524 767 1628 ipsorum
787 1549 865 1600 non
882 1519 1008 1598 reddit
1023 1546 1170 1598 causam
1186 1519 1246 1598 sui
1261 1517 1369 1608 dicti,
1382 1546 1453 1596 nec
1471 1518 1518 1599 de
1538 1518 1611 1598 hoc
1624 1536 1715 1599 sunt
1732 1521 1914 1625 requisiti.

499 1655 605 1742 Item,
616 1669 747 1742 testes,
761 1679 875 1758 super
884 1649 1050 1731 articulis
1060 1649 1302 1758 tangentibus
1316 1647 1643 1738 consuetudinem,
1657 1666 1747 1728 sunt
1761 1650 1917 1758 singula-

499 1783 591 1862 riter
603 1783 799 1862 examineti
812 1799 850 1860 et
860 1809 937 1860 nnn
953 1781 992 1858 in
1006 1781 1130 1862 turba.
1144 1781 1248 1870 Item,
1261 1780 1540 1886 quidamtettes
1548 1806 1617 1886 per
1626 1782 1914 1860 examinatorem

499 1915 742 1993 inveniuntur
756 1911 982 2022 concordati.
1007 1913 1138 1989 Testes
1158 1911 1276 1988 eciam
1293 1937 1360 2018 per
1375 1909 1520 1988 dictum
1531 1911 1733 2016 Hugonem
1744 1911 1914 2017 producti

500 2073 578 2124 non
593 2061 682 2122 sunt
695 2042 866 2150 requisiti
879 2069 992 2148 super
1007 2039 1369 2149 interrogacionibus
1381 2040 1633 2146 procuratoris
1643 2040 1791 2121 domini
1801 2043 1912 2148 regis,

501 2178 605 2256 Iactis
617 2176 665 2254 ad
679 2173 855 2254 articulos
870 2173 961 2250 dicti
974 2173 1159 2280 Hugonis‚
1176 2172 1280 2279 quod
1293 2171 1445 2279 petebat
1457 2169 1540 2248 fieri
1553 2170 1677 2248 dictus
1688 2189 1911 2277 procurator.

555 2307 712 2396 veneris
731 2321 816 2413 post
834 2303 1076 2414 quendenam
1095 2303 1372 2390 Penthecostes.

557 2439 719 2548 Mangon
735 2437 948 2544 reportavit.

556 2569 666 2652 Facta
681 2584 739 2652 est
757 2565 972 2647 commissio
987 2583 1027 2644 et
1044 2566 1218 2673 inquesta
1232 2565 1401 2645 remissa.

556 2833 748 2918 XXXVIII.
780 2831 881 2912 Mota
901 2831 984 2923 lite,
1003 2829 1043 2908 in
1060 2829 1164 2908 curia
1178 2843 1320 2918 nosne,
1337 2828 1435 2908 inter
1449 2829 1661 2910 iohannem
1675 2829 1725 2909 de
1736 2830 1915 2920 vairhein,

503 2995 546 3044 ex
565 2991 640 3049 una
661 2978 787 3069 parte,
811 2978 849 3038 et
867 2959 1050 3068 majorem
1075 2977 1114 3041 et
1142 2958 1314 3038 scabinos
1334 2959 1384 3037 de
1410 2959 1916 3067 Monsterolio-supradlam,

504 3123 547 3172 ex
561 3094 692 3186 altera,
714 3120 827 3202 super
846 3118 892 3171 eo
912 3088 1017 3202 quod
1039 3089 1130 3170 dicti
1149 3090 1270 3198 major
1292 3108 1331 3170 et
1349 3090 1490 3170 scabini
1513 3090 1689 3172 dicebant
1707 3093 1850 3174 curiam
1869 3093 1919 3170 eis

504 3253 584 3306 esse
599 3225 833 3307 reddendam
854 3224 901 3304 de
922 3223 1022 3300 dicto
1043 3222 1227 3312 Johanne,
1250 3221 1352 3300 etde
1371 3222 1455 3329 ejus
1473 3241 1647 3332 requesta
1660 3253 1776 3330 Qum
1794 3240 1919 3305 conus

505 3358 624 3438 dictos
640 3357 821 3464 majorem
837 3371 875 3436 et
893 3353 1064 3434 scabinos
1082 3352 1243 3433 faciebat
1258 3353 1305 3429 de
1325 3352 1600 3458 impedimento
1619 3354 1745 3434 eidem
1762 3355 1919 3436 Iohanni

503 3517 571 3596 per
594 3487 714 3568 dictos
732 3487 913 3595 majorem
933 3501 971 3564 et
989 3483 1161 3564 scabinos
1180 3484 1304 3591 posito
1327 3485 1368 3562 in
1386 3484 1569 3590 capiendo
1589 3513 1705 3565 unam
1722 3503 1918 3593 pugnatam

505 3619 663 3726 pecunie
689 3616 895 3726 aquodam
924 3643 1039 3722 quern
1067 3615 1260 3694 invenerat
1286 3614 1535 3692 cambiantem
1557 3614 1597 3694 in
1624 3614 1724 3692 dicta
1745 3614 1852 3708 villa,
1883 3615 1919 3693 in

505 3751 589 3831 Ioco
609 3751 657 3832 ad
674 3749 749 3828 hoc
767 3777 843 3827 non
864 3748 1043 3856 deputato
1064 3775 1133 3854 per
1151 3773 1238 3835 nos,
1260 3745 1308 3824 de
1327 3773 1404 3852 quo
1422 3745 1571 3826 dicebat
1585 3775 1624 3826 se
1640 3775 1721 3826 esse
1738 3748 1780 3824 in
1792 3747 1920 3826 saisina

504 3882 653 3960 racione
672 3879 868 3988 cujusdam
887 3879 1023 3957 cambii
1043 3879 1149 3984 quod
1166 3907 1188 3954 a
1207 3878 1319 3958 nohis
1341 3879 1381 3956 in
1400 3877 1559 3959 seudum
1585 3879 1715 3958 asserit
1733 3907 1773 3958 se
1795 3897 1919 3958 tenere

506 4013 545 4088 in
558 4011 643 4091 viIIa
656 4011 838 4118 predicta,
857 4027 895 4088 et
911 4038 982 4089 nos
994 4037 1077 4092 ease
1093 4010 1134 4086 in
1143 4009 1276 4088 saisina
1292 4009 1539 4117 cognoscendi
1552 4009 1600 4091 de
1611 4009 1811 4117 predictis3
1825 4009 1919 4088 dicto

505 4143 675 4224 iohanne
703 4141 933 4221 contrarium
961 4157 1165 4233 asserente,
1192 4158 1231 4219 et
1258 4141 1405 4222 dicente
1431 4141 1574 4220 umam
1601 4158 1641 4221 et
1666 4141 1919 4249 cognicionem

506 4273 617 4354 nobis
630 4255 743 4381 super
754 4272 826 4355 hoc
841 4301 1035 4355 remanere
1051 4273 1208 4362 dehere,
1224 4272 1491 4365 mandavimus,
1508 4303 1576 4380 per
1589 4291 1710 4354 certos
1721 4273 1917 4357 auditores,

507 4402 553 4482 de
578 4406 756 4511 predictis
774 4406 985 4513 inquestem
1005 4404 1087 4484 fieri
1104 4405 1206 4481 curie
1224 4421 1352 4483 nostre
1371 4405 1638 4485 remittendum
1653 4437 1665 4482 a
1683 4405 1791 4482 Dicta
1812 4403 1919 4510 igitur

506 4536 677 4643 inquesta
698 4536 798 4614 curie
820 4551 946 4612 nostre
961 4553 1165 4642 reportata,
1182 4537 1258 4614 visa
1272 4563 1314 4612 ac
1333 4535 1534 4644 diligenter
1548 4535 1729 4645 inspecta,
1751 4534 1851 4613 dicta
1869 4534 1920 4612 in·

507 4685 652 4771 queste,
670 4697 713 4744 ex
728 4696 852 4758 causa,
868 4666 956 4755 suit,
972 4695 1041 4773 per
1055 4683 1224 4748 nostram
1235 4667 1395 4756 curiam,
1410 4667 1581 4746 totaliter
1592 4665 1773 4755 anullata,
1793 4683 1832 4743 et
1843 4693 1921 4771 pre·

507 4811 656 4900 ceptum
671 4796 742 4874 fuit
758 4797 862 4903 quod
876 4798 978 4877 curia
997 4815 1124 4874 nostra
1139 4797 1272 4875 iterato
1287 4813 1504 4905 cognoscat,
1523 4796 1692 4902 partibus
1711 4795 1863 4883 vocatis,
1877 4793 1919 4870 de

506 4925 603 5004 facto
618 4927 838 5034 hujusmodi
856 4928 959 5009 etde
975 4927 1201 5035 quibusdam
1222 4956 1297 5034 que
1318 4929 1407 5006 dicti
1424 4927 1544 5036 major
1561 4945 1600 5006 et
1612 4925 1755 5006 scabini
1774 4927 1816 5004 in
1829 4924 1920 5004 Iacto

449 5071 456 5088 ·
507 5057 744 5166 hujusmodi,
766 5059 914 5167 injuris
932 5060 1050 5143 nostri
1069 5060 1339 5167 prejudicium,
1361 5075 1599 5165 attemptasse
1619 5058 1809 5138 dicuntur.
