4450 6209
750 731 1020 838 rnounras
1048 751 1111 820 nr
1139 731 1344 826 rancis.
1637 691 1642 700 ⁸
1686 757 1759 828 aar

333 896 436 972 dicto
450 891 678 979 Guillelmo,
696 908 824 968 contra
837 890 1026 998 predictos
1040 891 1214 970 homines
1229 893 1360 983 latam,
1376 895 1591 974 execucioni
1609 895 1763 974 deman·
1800 905 1929 962 aarum
1943 909 1986 972 tt,

334 1023 433 1114 dari,
448 1023 754 1130 procuratoribus
764 1021 824 1100 vel
835 1021 1000 1132 syndicis
1012 1022 1112 1101 dicte
1126 1024 1228 1114 ville,
1242 1053 1286 1102 ex
1300 1025 1470 1116 adverso,
1484 1024 1611 1134 plures
1623 1055 1758 1135 propo·
1862 1000 1924 1042 lm

330 1156 510 1234 nautibus
529 1154 720 1243 raciones,
746 1172 902 1261 propter
922 1179 1016 1261 quas
1039 1153 1215 1234 dicebant
1234 1155 1372 1234 dictam
1397 1161 1656 1239 executionem
1678 1157 1760 1238 lieri

328 1316 406 1368 non
431 1287 591 1377 debere;
614 1275 652 1363 el
678 1286 835 1364 tandem
861 1286 984 1364 dictus
1007 1287 1256 1378 senescallus,
1279 1289 1338 1366 vel
1361 1289 1443 1396 ejus
1465 1289 1593 1370 locum
1610 1310 1759 1384 tenens,

327 1449 405 1500 non
429 1418 664 1499 obstantibus
683 1418 864 1526 predictis
887 1419 1117 1509 racionibus,
1133 1421 1417 1526 procedendum
1438 1422 1601 1504 decrevit
1620 1454 1662 1503 ac
1675 1454 1762 1534 pro·

328 1553 439 1632 cessit
464 1552 512 1628 ad
537 1550 805 1628 execucionem
827 1551 1017 1628 sentencie
1041 1552 1281 1658 supradicte3
1305 1573 1566 1660 procuratores
1589 1585 1678 1636 vero
1702 1557 1760 1636 vel

329 1684 473 1795 syndici
493 1683 592 1761 dicte
608 1681 697 1758 ville
709 1682 759 1758 ad
774 1699 941 1760 nostram
957 1682 1099 1759 curiam
1115 1711 1230 1791 super
1245 1685 1318 1762 hoc
1332 1685 1571 1792 appellarunt
1586 1719 1594 1764 ε
1611 1687 1760 1766 Auditis

329 1817 457 1924 igitur,
474 1816 514 1892 in
530 1841 641 1892 causa
656 1813 755 1891 dicte
770 1812 1054 1921 appellacionis,
1072 1815 1252 1894 omnibus
1264 1843 1340 1925 que
1352 1833 1477 1922 partes
1492 1819 1661 1924 predicte
1674 1847 1761 1926 pro·

328 1973 471 2055 ponere
496 1946 718 2038 voluerunt,
746 1962 785 2023 et
807 1944 895 2022 visis
913 1944 1152 2052 processibus
1179 1963 1217 2022 et
1241 1947 1413 2053 inquesta
1439 1977 1554 2056 super
1579 1950 1759 2054 predictis

328 2078 450 2170 lactis,
471 2076 765 2185 pronunciatum
785 2075 876 2166 luit,
900 2105 970 2183 per
987 2077 1092 2155 curie
1111 2093 1238 2155 nostre
1253 2077 1459 2186 judicium,
1484 2080 1606 2157 dictos
1623 2109 1760 2188 procu·

327 2226 470 2287 ratores
485 2208 545 2286 vel
564 2207 736 2316 syndicos
752 2207 851 2284 male
872 2207 1097 2315 appellasse,
1120 2225 1158 2286 et
1178 2209 1322 2286 dictum
1338 2209 1583 2288 senescallum
1601 2210 1661 2290 vel
1678 2212 1759 2318 ejus

329 2339 456 2418 locum
473 2355 668 2416 tenentem
686 2338 725 2414 in
737 2338 917 2445 predictis
932 2338 1116 2444 legittime
1127 2341 1369 2446 processisse,
1387 2357 1425 2419 et
1437 2340 1652 2418 ordinatum
1668 2340 1756 2430 fuit,

328 2499 399 2578 per
410 2471 546 2548 dictam
562 2469 704 2548 curiam
719 2487 904 2560 nostram,
920 2470 1026 2576 quod
1039 2469 1139 2548 dicta
1156 2470 1341 2548 arbitralis
1354 2472 1560 2560 sentencia,
1575 2471 1758 2579 predicto

329 2603 551 2695 Guillelmo,
567 2619 695 2681 contra
709 2602 830 2680 dictos
841 2602 1016 2680 homines
1030 2603 1119 2680 ville
1136 2604 1182 2681 de
1199 2603 1373 2696 Lunello,
1387 2603 1426 2679 in
1440 2621 1624 2712 quantum
1640 2605 1759 2713 tangit

330 2734 447 2813 dictas
466 2751 609 2842 partes,
632 2733 873 2812 mandabitur
892 2734 1127 2824 erecucioni,
1150 2733 1249 2814 salvo
1268 2752 1396 2812 tamen
1416 2736 1456 2812 in
1482 2734 1657 2814 omnibus
1670 2735 1757 2843 jure

330 2865 476 2943 domini
492 2866 613 2974 Regis.

386 2998 435 3075 Et
457 2995 699 3074 mandabitur
719 2995 925 3074 senescallo
944 2995 1193 3075 Belli—Cadri
1217 2998 1338 3105 qnod,
1360 3028 1447 3076 cum
1470 2997 1630 3075 indicta
1652 3027 1761 3078 causa

329 3146 433 3208 mota
453 3127 551 3204 inter
570 3127 784 3234 predictum
811 3126 1063 3206 Guillelmum
1090 3127 1138 3203 de
1165 3130 1366 3235 Nogareto‚
1385 3126 1544 3208 militem
1566 3143 1758 3219 nostrum,

331 3288 375 3338 ex
389 3287 464 3336 una
482 3275 609 3365 parte,
626 3275 664 3335 et
679 3256 854 3334 homines
876 3257 924 3332 de
945 3256 1126 3346 Lunello,
1144 3285 1187 3334 ex
1205 3257 1336 3349 altera,
1357 3286 1427 3364 per
1446 3257 1566 3336 dictos
1587 3259 1762 3336 homines

330 3391 472 3468 luerint
492 3405 606 3467 testes
626 3387 820 3494 producti,
841 3415 910 3494 per
929 3415 1026 3494 quos
1049 3387 1199 3465 videtur
1219 3388 1413 3466 evidenter
1431 3388 1634 3496 probatum
1655 3389 1761 3495 quod

331 3521 507 3598 executio
517 3520 686 3627 predicte
699 3517 884 3597 arbitralis
899 3519 1108 3608 sentencie,
1125 3547 1194 3626 pro
1209 3519 1309 3596 dicto
1320 3517 1529 3599 Guillelmo
1544 3519 1618 3598 late
1631 3536 1760 3597 contra
1878 3517 1883 3527 ’

330 3653 520 3761 predictos
533 3653 727 3743 homines,
748 3651 828 3728 sine
843 3649 1055 3758 prejudicio
1068 3651 1167 3760 juris
1186 3651 1332 3728 domini
1348 3649 1473 3759 Regis,
1490 3650 1662 3730 videatur
1675 3649 1758 3727 fieri

330 3813 409 3864 uon
429 3811 555 3891 posse,
577 3784 757 3890 quatinus
776 3783 815 3858 in
837 3784 1061 3860 cxecucione
1081 3782 1251 3889 predicta
1270 3782 1486 3861 nullatenus
1512 3783 1679 3890 paciatur
1696 3783 1759 3890 jus

331 3915 479 3994 domini
492 3915 603 4022 Regis
624 3914 786 3992 diminui
806 3913 864 3991 vel
879 3913 968 3990 ledi.

388 4050 495 4124 Luna
509 4063 596 4154 post
610 4047 759 4124 octabas
773 4046 995 4153 Epipbanie.

387 4179 438 4257 M.
453 4179 499 4255 H.
520 4176 678 4256 Cuillicr
697 4176 909 4283 reportavit.

387 4441 512 4520 LVlll.
544 4441 663 4519 Causa
690 4456 792 4518 mota
812 4465 938 4515 coram
958 4437 1097 4516 ballivo
1119 4456 1247 4516 nostro
1270 4440 1497 4528 Senonensi,
1523 4440 1581 4516 vel
1603 4441 1683 4546 ejus
1702 4439 1759 4516 lo-

331 4595 419 4650 cum
433 4589 604 4663 tenente,
623 4571 724 4649 inter
744 4569 917 4647 abbatam
933 4587 970 4646 et
985 4587 1212 4648 conventum
1231 4570 1279 4647 de
1297 4570 1470 4662 Barbael‚
1487 4596 1531 4647 ex
1546 4587 1757 4678 ansperto,

331 4718 371 4779 et
387 4702 565 4780 homines
583 4702 672 4779 ville
693 4703 741 4780 de
762 4701 929 4810 Poligny,
953 4731 997 4795 ex
1013 4698 1145 4791 altera,
1163 4729 1277 4806 super
1291 4729 1336 4780 eo
1353 4702 1456 4808 quod
1478 4701 1568 4779 dicti
1586 4703 1760 4781 homines

332 4833 547 4910 asserebant
566 4861 608 4912 se
627 4861 707 4912 esse
726 4835 766 4909 in
787 4831 921 4912 saisina
940 4833 1108 4940 ponendi
1128 4861 1263 4940 porcos
1279 4862 1367 4912 suos
1381 4834 1420 4910 in
1441 4833 1663 4913 nemoribus
1682 4835 1762 4912 dic·

332 4980 461 5041 torum
486 4964 749 5073 religiosorum
777 4965 858 5041 sine
885 4964 1082 5042 solucione
1110 4965 1280 5072 panagii,
1305 4963 1485 5072 predictis
1513 4961 1699 5074 religiosis
1720 4967 1759 5042 in

225 5155 230 5164 .
336 5096 565 5174 contrarium
583 5095 855 5188 asserentibus,
877 5114 915 5174 et
930 5094 1144 5174 dicentibus
1159 5123 1197 5174 se
1215 5123 1295 5175 esse
1307 5097 1346 5174 in
1362 5097 1494 5176 saisina
1512 5097 1683 5203 capiendi
1696 5125 1759 5202 pa-

1603 5249 1652 5316 34.
