4450 6209
727 710 1321 818 nivoumss'mraocns.
1525 774 1527 784 ·
1665 735 1736 808 551
1835 681 1851 750 '·

311 870 489 978 predictis
508 869 693 976 partibus,
716 871 909 978 predictus
933 870 1164 978 prepositus,
1187 899 1256 977 per
1275 899 1387 948 suum
1401 852 1630 979 judicatum,
1653 905 1741 983 pro·
1779 884 1910 941 Pensm
1924 887 1965 950 tv,

311 1001 501 1081 nunciavit
520 1001 726 1109 predictam
744 1002 947 1110 Agnetem,
966 1019 1125 1080 matrem
1145 1001 1235 1079 dicti
1254 1001 1477 1080 Guillemini
1499 1004 1738 1094 Lestaudart,
1841 980 1905 1022 ”m

308 1135 430 1213 teneri
449 1136 495 1212 ad
514 1134 781 1244 assignandum
793 1134 962 1242 predicte
977 1133 1121 1222 Aelidi,
1139 1133 1268 1212 relicte
1283 1135 1474 1241 quondam
1489 1136 1645 1216 Gelonis
1660 1140 1742 1215 Les

309 1268 458 1345 tandart
471 1282 509 1342 et
522 1267 629 1344 uxori
645 1267 693 1343 ad
707 1295 862 1375 presens
877 1265 967 1344 dicti
979 1264 1178 1345 Guillelmi
1190 1266 1237 1344 de
1251 1265 1443 1356 Danbuel',
1460 1269 1645 1377 predictas
1661 1299 1744 1347 cen-

309 1417 392 1476 uun
412 1397 565 1476 libratas
581 1377 680 1476 terre
701 1427 769 1476 seu
787 1399 961 1477 redditus
974 1399 1230 1505 equivalentes
1245 1399 1285 1474 in
1304 1398 1406 1478 bona
1419 1417 1456 1476 et
1476 1400 1563 1478 forti
1578 1420 1740 1491 moneta,
1822 1470 1826 1476 .

310 1531 358 1608 ad
378 1533 492 1609 vitam
512 1532 680 1637 predicte
701 1529 870 1640 Agnetis,
892 1547 1008 1639 prout
1028 1548 1066 1608 et
1087 1531 1300 1610 secundum
1315 1532 1422 1637 quod
1440 1532 1479 1609 in
1506 1532 1640 1610 litteris
1660 1563 1744 1640 pre-

311 1662 421 1740 dictis
452 1693 564 1770 super
597 1664 670 1741 hoc
707 1662 885 1742 consectis
913 1663 1064 1771 plenius
1099 1662 1326 1741 continetur.
1356 1665 1449 1741 Item
1478 1665 1744 1742 condemnavit

308 1794 499 1899 predictos
513 1793 790 1874 Guilleminum
805 1789 1026 1872 Lestanbart
1041 1812 1079 1871 et
1092 1794 1293 1902 Agnetem,
1312 1795 1394 1902 ejus
1405 1812 1583 1887 matrem,
1600 1797 1649 1874 ad
1663 1799 1743 1874 red-

308 1923 478 2004 dendum
492 1924 670 2033 predictis
690 1925 931 2034 conjugibus,
953 1955 1024 2033 pm
1039 1927 1234 2034 arreragiis
1253 1926 1425 2004 redditus
1442 1927 1622 2034 predicti,
1645 1928 1743 2006 vide-

309 2055 408 2150 licet,
421 2085 491 2164 pro
503 2057 675 2165 quolibet
689 2086 803 2148 anno,
817 2074 969 2136 centum
980 2056 1096 2134 libras
1106 2056 1214 2134 lortis
1225 2075 1396 2147 monete,
1407 2076 1494 2164 post
1503 2076 1651 2165 tempus
1663 2089 1740 2167 quo

180 2211 186 2229 '
307 2185 416 2264 fortis
440 2204 592 2265 moneta
612 2189 746 2294 incipit
765 2216 934 2276 currere,
958 2206 995 2266 et
1014 2216 1082 2293 pro
1102 2205 1291 2295 tempore,
1308 2188 1414 2295 quod
1430 2187 1503 2265 luit
1523 2189 1741 2268 immediate

306 2336 393 2425 post
414 2336 576 2397 mortem
599 2317 688 2396 dicti
709 2319 880 2408 Gelonis,
901 2346 1100 2427 usquequo
1124 2317 1225 2396 bona
1248 2337 1401 2396 moneta
1421 2319 1553 2425 incipit
1572 2349 1738 2406 currere,

307 2479 377 2558 pro
391 2450 459 2529 illo
473 2468 661 2558 tempore,
678 2451 778 2528 dicta
788 2450 970 2559 arreragie
983 2449 1127 2530 solvere
1142 2450 1181 2528 in
1197 2449 1316 2528 debili
1330 2467 1481 2528 moneta
1490 2450 1739 2541 tenebuntur;

306 2598 344 2657 et
371 2581 571 2660 declaravit
590 2582 782 2690 predictus
804 2583 1033 2691 prepositus,
1051 2581 1159 2688 juxta
1181 2581 1340 2658 sormam
1360 2579 1484 2658 littere
1507 2582 1738 2688 supradicte,

305 2715 415 2820 quod
430 2715 599 2821 predicte
614 2731 768 2792 centum
783 2714 918 2794 librate
931 2732 1032 2792 terre
1050 2743 1117 2793 seu
1130 2712 1306 2792 redditus
1321 2712 1614 2822 assignabuntur
1628 2743 1742 2822 super

302 2845 418 2922 terris
434 2863 472 2922 et
488 2846 793 2954 redditibusque
814 2846 937 2924 dictus
952 2844 1064 2938 Galo,
1081 2863 1254 2951 tempore
1269 2873 1347 2951 quo
1364 2843 1543 2929 decessit,
1558 2843 1740 2935 habebat,

304 2977 343 3052 in
362 2995 546 3085 quantum
562 2979 610 3056 ad
624 2980 697 3057 hoc
713 2977 885 3058 sufficere
900 2995 1097 3086 poterunt,
1117 2995 1155 3056 et
1168 2976 1362 3056 residuum
1379 2977 1537 3082 accipiet
1550 3005 1664 3083 super
1677 2977 1743 3056 bo

309 3108 368 3186 nis
383 3107 553 3214 predicte
567 3107 732 3216 Agnetis,
748 3109 821 3187 hoc
839 3111 958 3216 eciam
972 3108 1102 3188 addito
1120 3108 1237 3216 quod,
1258 3108 1298 3184 in
1316 3108 1539 3216 exequendo
1558 3109 1738 3216 predicta,

306 3237 574 3346 relinquentur
593 3238 759 3344 predicte
772 3238 906 3348 Agneti
925 3239 973 3316 de
994 3239 1105 3316 bonis
1125 3238 1261 3345 ipsius,
1284 3238 1332 3316 de
1352 3238 1508 3345 quibus,
1527 3236 1738 3317 secundum

307 3368 430 3474 ipsius
443 3385 559 3447 status
576 3369 819 3478 exigenciam,
838 3370 1037 3446 commode
1055 3369 1175 3449 valeat
1191 3369 1410 3459 sustentari;
1427 3397 1448 3443 a
1463 3397 1540 3474 quo
1550 3369 1738 3476 judicato,

307 3517 488 3606 tanquam
503 3529 524 3578 a
540 3500 632 3579 salso
653 3517 691 3578 et
706 3529 818 3608 pravo
839 3501 949 3580 ambe
968 3519 1109 3608 partes,
1124 3500 1164 3575 in
1184 3515 1369 3606 quantum
1388 3516 1517 3576 contra
1534 3500 1741 3607 quamlibet

307 3631 478 3726 faciebat,
488 3633 535 3710 ad
547 3633 689 3710 curiam
702 3649 867 3710 nostram
880 3630 1133 3740 appellarunt:
1145 3629 1294 3708 Auditis
1307 3631 1423 3738 igitur
1433 3631 1544 3708 dictis
1553 3631 1738 3739 partibus,
1759 3726 1763 3733 .

306 3765 345 3840 in
362 3793 473 3843 causa
491 3764 760 3873 appellacionis
773 3762 960 3871 predicte,
976 3763 1132 3871 visoque
1152 3791 1330 3871 processu
1344 3762 1532 3871 predicto,
1551 3793 1618 3871 per
1636 3763 1740 3842 curie

305 3914 432 3974 nostre
447 3897 655 4006 judicium,
672 3896 816 3973 dictum
831 3894 903 3973 fuit
916 3895 1129 4001 predictum
1145 3896 1398 4003 prepositum,
1416 3896 1455 3971 in
1470 3895 1649 4002 predictis
1664 3924 1742 3974 om-

308 4028 423 4105 nibus
439 4027 536 4104 bene
557 4026 765 4133 judicasse,
789 4045 826 4108 et
851 4026 1035 4133 predictas
1060 4044 1186 4135 partes
1210 4027 1308 4105 male
1334 4026 1555 4134 appellasse,
1578 4045 1615 4104 et
1634 4028 1738 4133 quod

308 4158 384 4266 ipsi·
400 4158 473 4235 hoc
493 4155 760 4233 emendabunt.

364 4289 493 4370 Martis
519 4305 602 4398 post
621 4287 967 4366 Annunciacionem
986 4287 1228 4365 dominicam.

364 4421 536 4499 Decauus
558 4420 604 4498 dc
625 4417 791 4498 Cassello
811 4418 1024 4524 reportavit.

366 4687 489 4766 XLVI.
521 4685 620 4764 Cum
635 4683 851 4790 prepositus
869 4676 1156 4772 Chableiarum‚
1175 4682 1214 4760 in
1232 4681 1366 4760 eclesia
1380 4682 1482 4760 beati
1499 4682 1647 4760 Martini
1664 4683 1742 4760 Tu-

309 4816 500 4905 ronensis,
522 4816 562 4894 in
583 4833 711 4894 nostra
729 4813 856 4925 gardia
873 4813 1024 4922 speciali
1047 4817 1225 4904 existens,
1244 4813 1373 4904 uobis,
1394 4815 1555 4922 graviter
1575 4843 1742 4922 conque·

309 4946 441 5036 rendo,
455 4965 700 5026 monstrasset
710 4947 826 5055 quod,
836 4945 949 5024 viaria
960 4946 1007 5023 de
1019 4944 1198 5024 Chablies
1209 4963 1246 5025 et
1256 4946 1390 5024 vicarie
1401 4945 1527 5025 officio
1541 4946 1641 5024 dicte
1652 4944 1739 5024 ville

310 5075 349 5152 in
359 5095 607 5155 manunostra
617 5077 876 5170 existentibus,
887 5076 1105 5156 etAdeneto
1115 5075 1289 5167 deSeuli,
1301 5077 1484 5158 serviente
1496 5074 1743 5158 nostroVilla-
