4450 6209
504 716 577 791 tta
1018 740 1023 752 ·
1082 714 1176 790 tus
1206 714 1345 789 otttt.

275 880 405 933 rernm
417 876 462 940 lv.
500 888 571 939 nec
589 888 759 969 unquam
777 860 925 947 fuisset,
947 874 993 937 nt
1010 856 1176 947 dicebat,
1198 854 1371 937 officialis
1388 872 1527 947 noster,
1549 858 1835 965 etzqutacoenn
1856 854 1928 943 dia.

337 972 400 1014 '³⁰⁹'
499 995 548 1073 tis
567 990 855 1101 inquisitoribus
868 1016 983 1097 super
995 988 1070 1067 boc
1081 988 1311 1097 respondere
1327 986 1463 1077 nobit,
1477 988 1549 1096 ipsi
1564 989 1710 1069 eumin
1725 990 1925 1099 prisionem

500 1126 588 1205 duci
608 1124 802 1213 fecamnt3
823 1121 943 1212 uude,
959 1121 991 1200 si
1011 1120 1136 1230 aliqua
1156 1120 1205 1199 de
1225 1119 1405 1228 predictis
1424 1119 1615 1228 prunn'eit,
1636 1148 1706 1201 seu
1719 1122 1926 1201 concorda-

500 1258 551 1334 vit
570 1286 659 1335 oum
679 1255 789 1334 dictis
808 1252 1032 1343 heredibus,
1054 1252 1130 1333 boc
1147 1251 1223 1334 fuit
1238 1252 1397 1361 pervim
1419 1270 1457 1333 et
1472 1251 1778 1361 compulsionem
1798 1270 1926 1333 etme-

499 1408 582 1467 tum
607 1386 764 1467 carceris
787 1386 826 1464 in
845 1414 922 1496 qua
947 1385 1205 1475 detinebatur;
1230 1412 1347 1493 quare
1374 1383 1527 1492 petebat
1556 1385 1680 1465 diuus
1705 1384 1925 1494 Reginddus

498 1518 619 1627 quod,
638 1519 670 1597 si
684 1517 809 1625 aliqua
828 1517 878 1595 de
892 1516 1073 1624 predictis
1091 1516 1281 1623 promisit,
1298 1545 1373 1623 per-
1384 1515 1528 1595 curiam
1542 1532 1710 1597 noemam
1723 1516 1925 1597 mandaren-

497 1668 560 1729 tur
577 1683 586 1729 ε
605 1650 691 1731 Visa
712 1650 827 1759 igitur
846 1648 1019 1757 inquesta
1037 1677 1153 1756 nuper
1175 1647 1250 1727 biis
1272 1646 1388 1741 facta,
1411 1648 1500 1757 quia
1524 1648 1721 1730 inventum
1740 1668 1800 1729 est
1826 1650 1925 1729 suffi-

499 1782 642 1861 cienter
652 1782 855 1890 probatum
872 1780 1018 1859 dictum
1032 1780 1282 1890 Reginaldum
1302 1808 1370 1888 per
1388 1780 1462 1858 vim
1483 1799 1521 1859 et
1540 1779 1842 1889 compulsionem
1857 1812 1927 1861 car·

500 1915 595 1993 ceris
617 1912 827 2022 predictam
848 1911 1143 1991 consensionem
1168 1911 1316 2004 iecisse,
1337 1938 1409 1991 racc
1432 1930 1489 1991 est
1511 1913 1706 1991 intentum
1725 1912 1832 2019 quod
1849 1912 1924 2020 ipsc

500 2073 669 2153 unquam
695 2042 810 2123 fuerit
829 2042 1009 2121 officialis
1032 2061 1173 2133 noster,
1198 2072 1268 2152 por
1293 2044 1397 2143 curie
1419 2060 1546 2123 nostre
1566 2043 1755 2153 judicium
1786 2044 1924 2124 dietum

498 2174 571 2253 fnit
589 2176 714 2284 ipsum
731 2174 780 2251 ad
794 2171 1070 2253 observandum
1089 2173 1297 2282 predictam
1314 2174 1607 2255 conventionem
1623 2201 1702 2256 uon
1717 2173 1859 2255 debere
1875 2193 1926 2255 te-

499 2307 598 2396 neri,
619 2306 719 2385 salvo
738 2324 865 2383 tamen
890 2306 1001 2385 dictis
1017 2306 1240 2397 herodibus,
1262 2308 1301 2385 in
1320 2306 1499 2414 predictis
1509 2322 1608 2385 terra
1621 2324 1662 2385 et
1676 2306 1923 2421 bereditngio,

492 2438 580 2545 jure
598 2466 669 2517 sno
688 2439 728 2515 in
747 2436 942 2527 omnibus,
967 2437 997 2516 si
1021 2466 1064 2517 ea
1083 2438 1260 2547 prosequi
1280 2437 1469 2517 voluerint
1487 2467 1612 2519 coram
1627 2437 1759 2549 judice
1777 2468 1927 2547 compc-

496 2586 604 2647 tenti.

552 2701 711 2780 Veneris
729 2719 817 2779 ante
835 2703 972 2780 Remos
995 2702 1237 2781 Palmamms

556 2831 760 2940 [Decanus]
782 2832 1024 2911 Casseilensis
1042 2834 1257 2941 reportavit.

557 3097 713 3174 LXXIX.
745 3096 843 3175 Cum
868 3095 1138 3177 denunciatum
1158 3097 1290 3179 fuisset
1314 3120 1440 3181 contra
1465 3104 1725 3211 Raymondnm
1746 3104 1921 3192 Barberii,

500 3226 548 3305 de
561 3228 702 3321 Vanro,
716 3229 821 3337 quod
831 3288 840 3317 ,
851 3256 947 3305 cum
963 3229 1188 3310 castellanus
1200 3233 1483 3323 nosterfluseti,
1498 3234 1809 3342 quiesenescallo
1823 3237 1924 3315 Tbe-

498 3356 629 3438 losano
648 3358 866 3438 mandatum
893 3360 1091 3450 babuerat,
1113 3381 1158 3441 ut
1178 3362 1387 3454 dicebatur,
1417 3364 1465 3443 de
1484 3365 1667 3474 capiendo
1686 3368 1857 3445 Brunum
1879 3367 1924 3445 de

497 3489 690 3581 Messello,
720 3492 768 3569 de
791 3493 935 3581 vauro,
955 3492 1022 3601 qui
1042 3494 1192 3573 Brunus
1212 3494 1408 3575 dicebatur
1423 3490 1637 3588 Eclectum,
1660 3496 1814 3575 fratrem
1835 3500 1925 3605 Ray-

496 3620 628 3699 mundi
648 3621 806 3711 Calveti,
832 3621 880 3700 de
898 3626 1041 3717 Vanro,
1062 3626 1257 3720 occidisse,
1284 3628 1447 3706 eandem
1467 3630 1636 3708 Brunum
1655 3630 1857 3738 reperisset
1874 3630 1927 3707 in-

496 3751 645 3829 clusum
671 3754 710 3829 in
733 3752 819 3830 aula
844 3755 981 3860 prioris
1007 3757 1057 3836 de
1081 3759 1223 3849 vauro,
1249 3777 1428 3867 tanquam
1458 3762 1497 3838 in
1522 3762 1635 3856 ioco„
1652 3780 1696 3841 ut
1720 3761 1923 3850 dicebatur,

496 3880 670 3989 profano,
693 3882 894 3992 ipsumque
920 3912 1052 3994 capere
1071 3886 1197 3982 rodet,
1223 3907 1266 3967 ut
1286 3890 1536 3981 homicidum,¹
1557 3892 1661 3971 idem
1683 3891 1926 4001 Raymundus

495 4010 682 4104 Burberii,
706 4029 796 4091 tunc
813 4016 945 4093 consui
971 4017 1018 4095 de
1039 4019 1182 4112 Vauro,
1197 4019 1297 4099 dixit
1317 4021 1418 4100 dicto
1437 4022 1637 4104 cartellano
1658 4022 1764 4131 quod
1785 4022 1924 4101 dietum

495 4143 667 4223 Brunum
686 4170 764 4221 non
786 4164 951 4252 caperet,
978 4175 1046 4242 ne,
1065 4150 1105 4228 in
1127 4150 1209 4259 ejus
1234 4152 1431 4259 cupcione,
1460 4154 1509 4233 ab
1528 4154 1658 4233 amicis
1688 4153 1778 4232 dicti
1797 4154 1923 4243 occisi,

495 4276 562 4382 qni
578 4273 724 4353 ibidem
737 4274 864 4384 plures
876 4296 1070 4385 presentes
1082 4299 1203 4374 erant,
1220 4282 1322 4361 idern
1337 4284 1488 4364 Brunus
1505 4284 1752 4375 occideretur,
1770 4285 1925 4392 promit-

495 4405 613 4485 tendo
634 4406 759 4485 eidem
780 4408 982 4489 castellano
995 4413 1102 4520 quod
1116 4414 1281 4493 eundem
1298 4416 1470 4493 Brnnum
1484 4416 1555 4523 ipsi
1572 4416 1773 4496 castellano
1794 4415 1929 4495 redde·

495 4553 554 4613 ret
568 4536 688 4617 libere
698 4539 776 4646 juri
790 4558 920 4621 nostro
937 4543 1167 4648 pariturum,
1182 4574 1260 4653 quo
1275 4546 1493 4635 castellano,
1509 4546 1583 4626 sub
1596 4546 1833 4629 confidencia
1850 4574 1926 4624 ver·

494 4664 632 4745 borum
660 4668 821 4776 predicti
848 4673 1076 4782 Raymondi,
1105 4676 1333 4783 prohibente
1357 4707 1406 4758 ne
1428 4677 1543 4786 aliqui
1568 4677 1734 4758 eundem
1758 4680 1925 4756 Brunum

495 4814 713 4905 tangerent,
727 4800 831 4879 idem
845 4804 1012 4895 Brnnua,
1028 4806 1101 4885 sub
1117 4809 1315 4888 securitate
1332 4808 1421 4889 dicti
1437 4810 1673 4920 Raymundi.‚·
1693 4810 1836 4890 intrans
1855 4810 1925 4887 im·

354 5040 365 5053 ο
497 4928 721 5007 munitatem
741 4932 913 5025 ecclesie,
931 4936 979 5015 ab
998 4965 1042 5015 ea
1056 4938 1219 5048 aufugit,
1242 4940 1387 5048 prefato
1407 4942 1646 5051 Ruymondo,
1667 4942 1716 5021 ad
1729 4940 1923 5019 iiberacio·

494 5086 582 5135 nem
603 5059 691 5139 dicti
711 5062 845 5154 Bmui,
862 5067 1052 5151 maliciose
1076 5088 1114 5148 et
1137 5070 1287 5162 dolose,
1309 5090 1353 5151 ut
1372 5073 1578 5164 dicebatur,
1597 5091 1823 5182 procurante
1841 5099 1924 5179 pre·
