4450 6209
743 721 1336 832 mmmmm
1677 741 1749 813 w

328 882 502 972 tranium,
517 882 647 961 multis
659 881 884 975 rationibus,
897 899 1133 990 proponente
1150 882 1293 959 dictum
1304 881 1498 960 Nicolaum
1513 880 1562 957 ad
1574 881 1753 986 premissa
1790 891 1977 984 Percussit,

328 984 1915 1120 mmmmmfflmmwmfflmffl

329 1146 459 1236 titulo,
479 1145 655 1224 videlicet
675 1174 718 1223 ex
738 1173 847 1224 causa
864 1145 1082 1224 donacionis
1104 1145 1247 1222 edicto
1266 1144 1444 1253 magistro
1459 1146 1606 1250 Rogare
1627 1142 1752 1220 eidem

329 1275 388 1354 vel
410 1276 443 1354 ei
464 1303 485 1352 a
506 1303 584 1384 quo
604 1303 752 1354 causam
774 1275 903 1369 babet,
926 1275 1037 1385 longe
1057 1275 1305 1354 antedictam
1322 1273 1587 1352 vendicionem
1601 1272 1751 1364 laetam,
1783 1288 1788 1295 ’

330 1407 535 1513 pertinere,
557 1424 596 1485 et
614 1435 672 1501 se,
690 1435 734 1485 ex
752 1407 853 1485 dicto
865 1407 996 1500 titulo,
1015 1435 1095 1486 esse
1112 1424 1150 1484 et
1167 1435 1237 1514 per
1254 1423 1403 1484 tantum
1417 1423 1569 1512 tempus
1587 1403 1701 1481 fuisse
1715 1403 1754 1479 in

331 1539 465 1616 saisina
481 1539 580 1617 dicte
602 1539 739 1617 domus
750 1538 1116 1646 etpertincnciarum
1131 1536 1313 1646 ejusdem,
1333 1537 1439 1646 quod
1454 1535 1626 1615 sufficere
1642 1535 1757 1612 debe-

331 1668 396 1747 bat
420 1685 459 1747 et
484 1667 622 1748 sufficit
653 1670 701 1746 ad
729 1697 859 1748 verum
886 1669 1098 1748 dominium
1127 1685 1166 1748 et
1189 1669 1464 1777 possessionem
1495 1665 1752 1752 retinendum,

331 1829 448 1906 quare
477 1798 625 1877 dicebat
649 1800 746 1878 dicta
772 1802 978 1878 Thomassa
999 1828 1040 1878 se
1060 1801 1107 1878 ab
1129 1799 1371 1906 impeticione
1395 1797 1484 1876 dicti
1505 1797 1665 1906 Nicolay,
1687 1825 1756 1903 per

332 1931 562 2009 sentenciam
576 1931 665 2009 dicti
677 1931 867 2038 prepositi,
883 1929 1058 2038 [debere]
1068 1943 1181 2039 super
1192 1931 1266 2008 hoc
1276 1929 1435 2021 absolvi3
1448 1929 1513 2036 qui
1523 1928 1752 2035 preposituS,

332 2061 470 2139 auditis
484 2061 594 2139 dictis
605 2060 793 2168 partibus,
811 2061 949 2140 dictam
963 2061 1134 2153 domum,
1152 2090 1238 2138 cum
1250 2089 1319 2138 suo
1329 2061 1479 2168 jardino
1491 2076 1532 2166 et
1546 2088 1678 2137 eorum
1691 2087 1758 2166 ap-
1863 2111 1867 2118 -

332 2192 568 2299 pendenciis,
585 2192 634 2269 ad
651 2192 795 2268 dictum
811 2191 1023 2281 Nicolaum,
1039 2209 1234 2298 tamquam
1245 2191 1462 2280 dominum,
1480 2219 1524 2270 ex
1537 2189 1657 2268 causis
1670 2218 1757 2297 pre-

333 2322 462 2412 dictis,
483 2323 687 2431 pertinere,
713 2322 1046 2401 nonobstantibus
1068 2323 1270 2429 propositis
1293 2353 1337 2398 cx
1361 2323 1533 2415 adverso,
1554 2350 1755 2430 persuum

329 2452 518 2560 judicium
540 2452 760 2545 declaravit,
781 2483 803 2531 a
821 2482 898 2561 quo
912 2455 1099 2561 judicato,
1122 2469 1315 2560 tamquam
1338 2453 1429 2530 lalso
1450 2471 1488 2530 ct
1506 2479 1635 2560 pravo,
1659 2452 1757 2529 dicta

332 2584 538 2661 Thomassa
551 2585 599 2662 ad
608 2583 788 2661 ballivum
802 2583 890 2662 dicti
903 2583 1066 2691 episcopi
1080 2583 1291 2691 appellavit,
1302 2584 1368 2690 qui
1381 2581 1554 2674 ballivus,
1566 2610 1757 2692 persuum

328 2712 540 2822 judicium,
567 2714 795 2792 sentenciam
822 2714 913 2793 dicti
938 2714 1119 2821 prepositi
1139 2711 1396 2805 confirmavit,
1422 2743 1543 2821 aquo
1564 2714 1754 2822 judicato,

332 2861 526 2954 umquam
547 2874 567 2922 a
586 2844 681 2923 falso
695 2861 733 2922 ct
748 2875 877 2951 pravo,
892 2844 990 2922 dicta
1004 2845 1211 2922 Tlromassa
1227 2844 1275 2921 ad
1294 2861 1461 2922 nostram
1474 2847 1616 2923 curiam
1632 2846 1758 2953 appel-

333 2973 448 3053 lavit:
472 2976 570 3055 Visis
595 2976 724 3084 igitur,
748 3005 817 3084 per
841 2977 984 3056 curiam
1008 2994 1193 3065 nostram,
1219 2976 1309 3053 actis
1333 2993 1372 3054 et
1393 2977 1632 3083 processibus
1658 2979 1757 3055 dicte

334 3135 462 3197 cause,
492 3096 800 3214 deposicionibus
817 3109 972 3187 testium
997 3123 1035 3185 et
1059 3108 1193 3186 litteris
1218 3109 1258 3187 in
1279 3107 1440 3186 modum
1467 3105 1705 3217 probacionis
1736 3139 1758 3185 a

334 3238 503 3343 pastibus
535 3237 729 3344 productis
760 3238 911 3346 plenius
940 3239 1158 3327 intellectis,
1192 3239 1280 3344 quia
1309 3239 1503 3317 inventurn
1536 3256 1593 3317 est
1619 3241 1757 3317 dictam

335 3370 600 3459 Thomassam,
618 3398 662 3446 er
673 3369 859 3476 legittimo
874 3370 998 3459 titulo,
1020 3368 1059 3444 in
1073 3369 1309 3475 possessione
1330 3369 1429 3447 dicte
1446 3370 1601 3457 domus,
1616 3370 1757 3476 jardini

336 3518 374 3578 et
393 3499 710 3607 pertinenciarum
729 3500 921 3609 ejusdem,
943 3501 1055 3608 longe
1075 3516 1161 3577 aute
1182 3499 1319 3576 dictam
1341 3499 1605 3578 vendicionem
1624 3501 1757 3580 factam

335 3631 384 3710 de
413 3631 604 3738 premissis
630 3632 755 3710 eidem
777 3630 946 3723 Nicolao,
969 3631 1154 3723 extitisse,
1173 3658 1243 3737 per
1266 3631 1369 3708 curie
1391 3647 1518 3708 nostre
1542 3631 1754 3739 judicium,

335 3761 479 3840 dictum
497 3761 571 3840 luit
590 3762 711 3842 dictos
725 3763 960 3871 prepositum
979 3779 1017 3840 et
1030 3762 1211 3841 ballivum
1224 3761 1323 3840 male
1335 3763 1544 3870 judicasse,
1567 3781 1605 3841 et
1618 3763 1757 3840 dictam

334 3892 581 3970 Thomassam
600 3893 699 3971 bene
726 3893 947 4001 appellasse,
973 3911 1012 3971 et
1029 3893 1149 4000 ipsam
1173 3893 1212 3971 in
1231 3893 1465 4001 possessione
1486 3894 1756 4000 premissorum

334 4050 529 4100 remanere
545 4022 704 4110 debere,
726 4041 763 4100 et
782 4024 886 4129 quod
908 4025 1031 4103 dictus
1048 4025 1208 4104 ballivus
1222 4025 1297 4105 boc
1311 4025 1540 4104 emendabit.

391 4153 548 4232 Veneris
561 4169 645 4230 ante
661 4153 920 4232 Pentecosten.

392 4285 493 4392 Roya
505 4283 716 4391 reportavit.

390 4548 516 4628 XXVI.
546 4547 630 4626 Lite
654 4565 772 4638 mota,
801 4575 927 4626 coram
953 4551 1144 4657 preposito
1165 4549 1443 4641 Aurelianensi,
1465 4551 1563 4626 inter
1586 4579 1761 4659 procura-

333 4695 457 4757 torem
478 4698 669 4771 nostrum,
687 4711 731 4760 ex
749 4699 853 4787 parte
875 4709 966 4771 una,
985 4699 1023 4760 et
1036 4681 1284 4761 Lancelotum
1303 4685 1427 4774 Barat,
1443 4682 1623 4774 militem,
1642 4711 1686 4760 ex
1705 4686 1760 4763 al-

334 4825 429 4900 tera,
444 4837 616 4916 supereo
631 4811 738 4919 quod
747 4811 850 4890 idem
860 4830 1090 4919 procurator,
1105 4829 1233 4892 nostro
1244 4812 1398 4892 nomine
1410 4813 1646 4920 proponebat
1653 4814 1759 4922 quod

337 4937 460 5016 dictus
479 4939 589 5018 miles
607 4941 778 5022 indebite
798 4943 986 5022 nitebatur
1004 4943 1127 5022 levare
1145 4946 1335 5052 quandam
1355 4961 1562 5024 costumam
1579 4974 1599 5021 a
1618 4973 1760 5022 merca-

334 5067 481 5147 toribus
500 5073 710 5152 emcntibus
729 5092 768 5153 et
785 5075 1032 5155 vendentibus
1050 5075 1225 5154 animalia
1245 5076 1284 5154 in
1304 5095 1468 5158 mercato
1483 5077 1755 5168 Aurelianensi,

443 5257 495 5300 ass
514 5250 599 5301 otrtt.
623 5259 669 5300 ιιι.
1312 5323 1318 5334 ι
1611 5240 1652 5302 83
