4450 6209
515 707 588 782 660
1097 705 1188 780 Lus
1217 706 1356 782 OblM.

288 855 327 908 ΡΙ
330 871 418 912 ¹¹¹¹¹¹
431 856 475 920 Ν.
514 847 713 926 ductorum
729 845 934 938 hincinde,
951 845 1514 956 dictusprepositus,eomperto
1528 846 1933 954 compromissumpre-

513 980 656 1056 dictum
676 977 814 1057 lactum
834 976 948 1056 fuisse
969 979 1016 1057 de
1032 979 1207 1058 omnibus
1221 978 1335 1058 rebus
1352 977 1547 1086 predictis,
1561 1005 1657 1086 pena
1673 997 1712 1056 et
1722 979 1931 1087 juramento

510 1110 702 1200 vallatum,
723 1109 980 1216 pronunciavit
999 1110 1116 1188 dictas
1134 1111 1259 1188 vineas
1278 1127 1317 1187 et
1335 1137 1487 1188 censum
1504 1109 1602 1186 inter
1612 1126 1739 1216 partes
1751 1109 1931 1222 predictas

350 947 413 990 1³11.

512 1241 650 1320 debere
670 1241 801 1329 dividi,
825 1257 864 1318 et
885 1259 1029 1347 partem
1054 1241 1251 1319 dimidiam
1269 1269 1399 1320 earum
1419 1240 1575 1318 cuilibet
1595 1241 1793 1350 assignas-h
1813 1269 1835 1318 a
1857 1271 1930 1348 quo

505 1372 690 1479 judicato,
711 1388 902 1477 tamquam
920 1371 1012 1450 falso
1032 1389 1071 1450 et
1087 1400 1219 1479 pravo,
1240 1372 1364 1450 dictus
1381 1373 1558 1481 magister
1573 1373 1765 1450 lohannes
1783 1371 1831 1448 ad
1847 1400 1930 1450 nos-

508 1519 603 1580 tram
624 1503 765 1580 curiam
782 1503 996 1609 appellavit:
1016 1503 1105 1585 Viso
1126 1503 1242 1611 igitur
1260 1531 1303 1580 ac
1321 1503 1521 1610 diligenter
1538 1503 1705 1609 inspecto
1721 1503 1820 1580 dicte
1833 1505 1928 1610 prin—

510 1634 638 1741 cipalis
661 1661 769 1712 cause
792 1661 986 1740 processu,
1011 1663 1079 1740 per
1098 1634 1201 1712 curie
1223 1651 1352 1712 nostre
1365 1634 1570 1742 judicium,
1596 1634 1669 1712 luit
1686 1634 1830 1712 dictum
1848 1662 1928 1741 pre·

507 1767 673 1872 positum
692 1763 904 1872 predictum
929 1764 1025 1842 bene
1047 1765 1237 1873 judicasse
1259 1781 1298 1842 et
1322 1765 1464 1842 dictum
1486 1765 1703 1873 magistrum
1721 1765 1927 1844 lohannem

508 1897 606 1976 male
626 1895 850 2004 appellasse,
874 1912 911 1974 et
930 1895 1034 2002 quod
1053 1896 1134 2003 ipse
1154 1896 1227 1974 hoc
1246 1895 1471 1975 emendabit.

565 2027 720 2106 Veneris
740 2043 823 2104 ante
843 2028 1097 2105 Pentecosten.

564 2158 615 2237 M.
634 2159 680 2238 G.
704 2158 751 2235 de
771 2159 867 2236 Usco
884 2158 1095 2264 reportavit.

564 2420 718 2501 XXVIII.
749 2420 833 2498 Lite
852 2437 970 2512 mota,
989 2449 1114 2500 coram
1128 2421 1320 2528 preposito
1339 2422 1557 2512 Parisiensi,
1575 2423 1675 2501 inter
1694 2424 1813 2501 Cante
1831 2425 1924 2502 Bon·

508 2551 641 2644 suntin,
670 2568 845 2658 exparte
880 2579 975 2641 una,
1009 2568 1047 2630 et
1078 2551 1330 2632 Guillelmurn
1364 2552 1562 2645 Gasconis,
1592 2555 1859 2644 vecturarium,
1883 2582 1924 2633 ex

508 2681 638 2773 altera,
658 2711 771 2791 super
791 2711 836 2760 eo
857 2681 962 2790 quod
980 2681 1130 2761 dicebat
1146 2683 1269 2762 dietus
1284 2685 1438 2773 Cautes,
1459 2701 1587 2763 contra
1608 2684 1751 2764 dictum
1770 2684 1925 2765 Guillel·

508 2843 630 2905 mum,
649 2812 752 2922 quod
766 2814 889 2892 dictus
905 2813 1146 2907 Guillelmus,
1163 2815 1204 2892 in
1221 2815 1368 2895 civitate
1380 2816 1597 2908 Parisiensi,
1611 2816 1658 2894 ab
1677 2817 1760 2924 ipso
1777 2844 1924 2923 recepe-

506 2963 565 3024 rat
579 2961 617 3023 ct
636 2943 819 3023 habuerat
833 2945 1020 3050 sexaginta
1036 2963 1201 3051 quatuor
1210 2945 1404 3024 trossellos
1415 2974 1629 3054 pannorum
1641 2947 1778 3026 valoris
1798 2947 1923 3026 decem

507 3075 671 3156 millium
694 3073 896 3168 librarum,
919 3074 1129 3167 ducendos,
1145 3104 1214 3182 per
1228 3076 1373 3155 dietum
1392 3075 1644 3157 Guillelmum
1661 3106 1749 3156 cum
1763 3076 1924 3155 animali·

506 3207 580 3286 bus
600 3205 677 3286 suis
698 3205 875 3314 propriis,
901 3206 979 3284 suis
994 3206 1209 3313 sumptibus
1229 3223 1268 3286 et
1287 3208 1477 3315 expensis,
1497 3209 1545 3287 de
1560 3208 1722 3288 Parisius
1740 3208 1790 3286 ad
1803 3208 1923 3287 civita·

506 3358 582 3418 tem
600 3338 991 3446 Saone-supra·Mare,
1009 3337 1185 3416 videlicet
1197 3338 1374 3448 quolibet
1391 3339 1566 3418 trossello
1583 3367 1654 3446 pm
1669 3339 1801 3418 decem
1820 3339 1923 3418 libris

505 3469 807 3558 Turonensibus‚
819 3497 913 3577 quas
929 3469 1113 3548 babuerat
1123 3486 1162 3548 et
1179 3485 1370 3576 receperat
1383 3469 1506 3548 dictus
1518 3469 1750 3549 Guillelmus
1765 3470 1813 3549 ab
1828 3471 1919 3578 ipso,

505 3619 555 3678 ut·
571 3599 736 3692 diceban
764 3600 914 3678 dicebat
936 3600 1053 3678 eciam
1073 3599 1179 3707 quod
1198 3599 1427 3678 sufficienter
1445 3619 1671 3680 conventum
1689 3601 1811 3680 iuerat
1829 3602 1921 3678 inter

506 3759 587 3823 eos,
605 3733 644 3809 in
660 3731 761 3809 dicto
775 3748 980 3820 contractu,
998 3731 1103 3838 quod
1119 3731 1242 3809 dictus
1255 3730 1504 3822 Guillelmus,
1515 3732 1704 3810 mediante
1722 3732 1825 3812 dicto
1843 3760 1921 3839 pre·

505 3861 579 3954 cic,
602 3863 723 3941 dictos
742 3860 917 3940 trosellos
937 3889 1045 3940 sanos
1070 3877 1108 3940 et
1126 3861 1292 3969 integros
1318 3862 1475 3940 duceret
1498 3881 1596 3940 recta
1617 3863 1674 3941 via
1698 3864 1747 3941 de
1765 3863 1919 3942 Parisios

504 3991 605 4098 apud
618 3991 863 4069 Matisconem
877 4006 914 4069 et
930 3992 977 4069 de
992 3991 1198 4070 Matiscone
1213 4021 1282 4100 per
1292 4009 1430 4070 terram
1444 3993 1632 4074 Sabaudie
1651 3994 1793 4072 directe
1805 4023 1919 4101 usque

503 4124 552 4202 ad
570 4105 1181 4232 Mentem-Colli·dessdffienmia,
1204 4141 1242 4201 et
1258 4152 1326 4230 per
1342 4139 1482 4202 terram
1494 4125 1593 4235 regis
1606 4126 1761 4204 Roberti
1776 4125 1916 4214 Sicilie,

503 4271 606 4332 recto
624 4254 751 4362 jurato
770 4252 924 4344 itinere,
948 4281 1067 4360 usque
1094 4254 1143 4332 ad
1163 4254 1348 4332 civitatem
1367 4256 1507 4346 Saone,
1530 4283 1609 4334 non
1635 4255 1858 4335 declinando
1875 4255 1919 4332 ad

502 4384 612 4464 aliam
622 4385 717 4462 viam
731 4413 798 4464 seu
811 4383 895 4475 iter,
911 4413 979 4491 per
991 4413 1093 4463 mare
1105 4385 1164 4463 vel
1175 4416 1243 4493 per
1253 4403 1410 4476 terram,
1422 4403 1460 4464 et
1469 4387 1543 4466 boc
1552 4387 1646 4464 iulia
1655 4387 1806 4496 triginta
1815 4389 1919 4495 quin·

500 4545 575 4624 que
591 4517 687 4606 dies,
705 4533 742 4593 et
758 4516 862 4623 quod
879 4515 926 4592 ad
943 4517 1125 4624 premissa
1136 4519 1302 4612 tenenda
1316 4515 1439 4594 dictus
1455 4516 1685 4597 Guillelmus
1697 4517 1919 4596 sufficienter

501 4644 625 4724 eidem
637 4631 755 4725 Canta
766 4675 805 4724 se
819 4645 1056 4754 obligaverat,
1074 4664 1111 4724 et
1126 4648 1174 4725 ad
1187 4648 1429 4726 reddendum
1447 4648 1572 4727 eidem
1587 4649 1748 4755 duplum
1761 4647 1918 4727 valorem

501 4777 687 4854 dictorum
707 4776 966 4856 trossellorum
986 4778 1139 4855 nomine
1157 4807 1273 4886 pene,
1295 4808 1382 4856 cum
1404 4778 1583 4858 omnibus
1601 4777 1814 4886 sumptibus
1828 4804 1918 4884 quos

499 4907 656 4985 haberet
674 4907 730 4984 vel
745 4909 952 4986 incurreret
974 4909 1097 4987 dictus
1117 4911 1235 4989 Caute
1251 4927 1407 5018 propter
1421 4910 1611 4988 delectum
1629 4909 1916 5017 premissorum,

498 5037 556 5117 vel
585 5038 616 5115 si
639 5038 874 5146 contingeret
902 5040 1046 5118 dictum
1072 5040 1324 5120 Guillclmum
1349 5058 1477 5122 contra
1505 5041 1685 5147 premissa
1715 5037 1837 5118 facere
1864 5035 1914 5114 vel
