4450 6209
748 739 1017 850 nuoudrrs
1043 760 1106 831 rr
1134 744 1339 836 procas.
1686 764 1756 835 ssr

393 898 542 979 Sabbati
557 916 642 1007 post
658 900 1073 1009 Sanctum-Georgium.

392 1030 500 1109 Creci
514 1031 726 1137 reportavit.

394 1297 502 1373 XXII.
535 1298 649 1384 Cum,
664 1294 703 1373 in
719 1298 821 1375 curia
838 1298 1031 1375 senescalli
1045 1299 1269 1389 Tholosani,
1286 1317 1323 1376 et
1335 1300 1581 1405 postmodum
1596 1302 1634 1377 in
1652 1301 1766 1409 parta

336 1446 464 1505 mento
480 1445 611 1507 nostro
624 1430 839 1520 Parisiensi,
857 1432 1114 1537 proposuisset
1129 1432 1335 1509 Estouldus
1348 1433 1396 1509 de
1411 1434 1686 1540 Bappo-Forti,
1704 1434 1767 1511 do

337 1560 526 1649 micellus,
542 1561 646 1668 quod
659 1562 903 1669 Raymundus
918 1563 1088 1651 Unaudi,
1105 1563 1230 1654 miles,
1245 1564 1409 1672 quadam
1423 1564 1501 1653 die,
1517 1593 1585 1671 per
1598 1593 1769 1643 commu-

338 1720 406 1771 nes
424 1693 562 1770 amicos
586 1722 716 1770 eorum
744 1694 798 1771 eis
822 1695 1004 1802 assignata
1027 1695 1129 1800 apud
1150 1695 1385 1787 Lantarium,
1401 1697 1447 1773 ad
1459 1697 1698 1773 tractandum
1720 1695 1767 1773 de

338 1852 429 1929 pace
445 1852 557 1929 super
571 1824 734 1931 quedam
755 1825 1006 1904 controversia
1025 1843 1130 1903 mota
1149 1826 1249 1904 inter
1263 1854 1328 1903 eos
1344 1825 1598 1917 reformanda,
1614 1856 1688 1934 qua
1704 1827 1766 1903 die

339 1956 531 2035 inhermes
550 1957 640 2033 hinc
659 1957 749 2034 inde
771 1958 897 2035 venire
921 1958 1126 2047 debebant,
1152 1958 1362 2065 proditorie
1389 1958 1524 2035 armari
1548 1957 1701 2044 fecerat,
1728 1958 1768 2033 in

340 2090 456 2167 domo
467 2116 549 2177 sua,
566 2088 695 2195 viginti
710 2090 901 2181 homines,
916 2090 980 2195 qui
996 2089 1140 2165 dictum
1150 2088 1377 2166 Estouldum
1392 2105 1431 2165 et
1443 2087 1525 2194 ejus
1536 2087 1765 2177 comitivam,

340 2220 404 2327 qui
422 2236 601 2296 venerant
622 2220 702 2297 sine
721 2220 852 2309 armis,
875 2219 1087 2297 interlicere
1105 2220 1227 2297 conati
1246 2218 1394 2297 fuerant
1409 2236 1447 2296 et
1464 2246 1529 2295 eos
1541 2216 1769 2297 incluserant

341 2354 379 2429 in
395 2350 550 2429 ecclesia
566 2350 656 2427 dicti
677 2351 765 2441 loci,
789 2368 826 2429 et
844 2350 1090 2458 postmodum
1109 2351 1209 2457 ipsos
1228 2351 1268 2427 in
1289 2378 1423 2428 eorum
1442 2349 1556 2426 domo
1573 2349 1770 2428 voluerant

341 2482 437 2591 ignis
462 2482 639 2559 incendio
666 2509 923 2569 concremare,
955 2482 1137 2589 quodque
1165 2481 1268 2559 idem
1295 2480 1420 2570 miles,
1448 2480 1612 2586 pensatis
1643 2480 1770 2557 incen-

342 2613 430 2703 diis,
452 2613 660 2720 proditorie
680 2610 918 2691 interfecerat
943 2610 1195 2692 Guillelmum
1221 2612 1271 2689 de
1289 2611 1501 2702 Mombeto,
1528 2610 1696 2717 quierat
1722 2612 1772 2691 de

342 2746 481 2824 familia
510 2762 548 2823 et
572 2746 738 2823 vestibus
760 2745 922 2851 predicti
946 2744 1108 2833 Estoldi,
1136 2744 1300 2851 aliasque
1320 2744 1463 2851 pluries
1489 2743 1644 2820 insidias
1667 2771 1770 2848 para·

343 2896 444 2956 verat
457 2894 584 2955 contra
603 2877 747 2953 dictum
767 2876 1013 2955 domicellum
1026 2912 1035 2969 ς
1050 2904 1126 2983 que
1142 2877 1323 2985 premissa
1340 2904 1408 2982 per
1424 2874 1577 2985 gagium
1594 2873 1712 2951 duelli
1732 2904 1770 2952 se

343 3009 502 3115 probare
524 3008 707 3087 offerebat
725 3008 838 3098 idem¹
849 3007 1074 3085 domicellus
1094 3026 1223 3087 contra
1242 3006 1402 3085 militem
1417 3007 1654 3114 predictum;
1672 3024 1711 3084 et
1727 3006 1773 3081 li·

346 3158 402 3219 cet
419 3142 541 3221 dictus
556 3140 684 3231 miles,
705 3167 921 3218 econverso
941 3139 1060 3217 multa
1078 3167 1296 3247 proponens
1316 3155 1446 3218 contra
1464 3140 1630 3248 eundem
1651 3139 1775 3215 domi-

347 3273 486 3351 cellum
502 3271 549 3349 ad
564 3271 621 3350 sui
644 3270 905 3350 innocenciam
927 3288 964 3347 et
984 3269 1075 3348 dicti
1093 3270 1289 3348 'domicelli
1309 3271 1462 3377 culpam
1481 3270 1771 3358 ostendendam,

348 3423 476 3486 contra
496 3433 583 3482 eum
609 3404 760 3513 gagium
785 3401 1016 3480 defensionis
1042 3428 1111 3509 per
1135 3400 1307 3479 duellum
1332 3400 1504 3478 similiter
1527 3402 1771 3507 porrexisset3

348 3567 417 3617 nos
435 3555 579 3623 tamen,
596 3532 702 3645 juxta
722 3534 1004 3613 ordinacionem
1025 3550 1192 3611 nostram
1209 3560 1324 3640 super
1337 3531 1627 3642 gagiiseditam,
1643 3548 1774 3609 utrum

350 3668 442 3747 lacta
462 3669 656 3746 hincinde
676 3668 868 3775 proposita
887 3695 971 3744 vera
992 3684 1116 3745 essent
1137 3682 1175 3744 et
1189 3664 1276 3743 talia
1292 3665 1399 3771 quod
1417 3691 1461 3741 er
1478 3664 1533 3742 eis
1547 3664 1651 3771 gagia
1667 3665 1774 3770 sequi

351 3800 549 3894 deberent,
567 3800 705 3907 inquiri
717 3797 976 3876 mandavimus
988 3798 1180 3876 veritatem
1195 3831 1204 3874 :
1219 3796 1408 3888 Tandem,
1430 3794 1568 3873 auditis
1582 3794 1673 3872 hinc
1687 3797 1775 3873 inde

350 3932 567 4038 propositis,
587 3932 736 4038 visaque
753 3931 852 4007 dicta
867 3931 1042 4039 inquesta
1060 3958 1173 4036 super
1188 3930 1262 4007 hoc
1278 3929 1325 4007 de
1335 3928 1513 4005 mandato
1523 3945 1654 4004 nostro
1665 3925 1774 4015 lacta,

351 4090 550 4169 perquam
569 4062 714 4169 liquide
735 4062 936 4169 apparebat
958 4060 1103 4139 dietum
1124 4061 1391 4149 Guillelmum,
1418 4089 1534 4168 quem
1553 4058 1655 4137 idem
1676 4058 1778 4136 Stol-

353 4194 425 4273 dus
444 4211 639 4272 mortuum
660 4193 774 4271 luisse
795 4192 961 4286 dicebat,
983 4172 1107 4270 adhuc
1126 4196 1268 4285 vivere,
1290 4195 1474 4284 eteciam,
1494 4221 1564 4299 per
1576 4189 1780 4269 confessio-

352 4352 440 4403 nem
466 4325 584 4433 ipsius
603 4323 766 4414 Estoldi,
792 4321 1008 4431 predictum
1029 4322 1191 4399 militem
1212 4351 1326 4429 super
1346 4322 1518 4429 ejusdem
1538 4320 1584 4399 G.
1606 4318 1780 4396 vulnera-

353 4458 460 4536 cione
485 4458 726 4535 innocentem
743 4456 918 4547 existere,
935 4480 1083 4537 necnon
1101 4454 1206 4560 quod
1230 4454 1319 4529 dieti
1336 4451 1482 4529 Estoldi
1501 4451 1675 4528 comitiva
1693 4478 1781 4526 cum

353 4589 483 4677 armis,
505 4588 603 4666 dicta
619 4586 681 4666 die
697 4587 798 4694 pacis
811 4583 1004 4665 tractanda
1015 4586 1214 4693 assignata,
1231 4582 1377 4660 dietum
1390 4581 1551 4659 militem
1567 4580 1780 4657 inhermem

354 4721 476 4826 primo
498 4720 708 4796 invaserant
728 4734 765 4795 et
784 4716 875 4825 alias
895 4716 1022 4795 eidem
1044 4731 1263 4824 paraverant
1287 4713 1461 4800 incidias,
1484 4738 1593 4789 causa
1620 4712 1782 4789 nocendi

357 4851 497 4941 eidem,
513 4878 581 4957 per
597 4850 698 4928 curie
714 4865 842 4927 nostre
854 4847 1061 4956 judicium,
1075 4846 1369 4955 pronunciatum
1380 4842 1451 4921 luit
1466 4843 1611 4920 dictum
1622 4841 1784 4920 militem

358 4985 596 5060 innocentem
623 4984 779 5061 existere
806 5008 920 5087 super
942 4978 1123 5085 predictis
1141 4994 1270 5056 contra
1289 5004 1378 5055 eum
1402 4974 1605 5082 propositis
1630 5003 1698 5081 per
1720 4974 1787 5050 Es-

357 5113 508 5193 toldum
527 5113 761 5220 predictum3
784 5140 933 5191 necnon
958 5111 1065 5217 quod
1089 5110 1212 5188 dictus
1231 5107 1409 5190 Estoldus
1432 5103 1644 5215 improvide
1669 5121 1707 5182 et
1730 5105 1786 5180 in-

1803 912 1932 965 Patruus
1944 912 1988 974 lv,

1864 999 1927 1042 120⁹.
