4450 6209
748 716 1014 827 nuoutrss
1039 736 1105 811 nr
1131 717 1336 813 anonas
1736 742 1757 815 5

326 882 471 995 vilegiis
489 880 538 961 ab
557 896 718 987 unaque
736 896 841 987 parte
862 878 1073 986 productis,
1097 878 1314 988 auditisque
1326 878 1541 965 racionihus
1560 884 1762 993 propositis
1800 906 1931 968 Parnm
1943 914 1985 979 rt,

326 1019 417 1097 hinc
439 1031 479 1095 et
498 1013 607 1102 inde,
628 1012 923 1120 pronunciatum
944 1009 1036 1103 luit,
1053 1040 1124 1118 per
1144 1012 1247 1091 curie
1268 1030 1395 1095 nostre
1410 1014 1620 1121 judicium,
1642 1017 1762 1100 dictos
1862 1004 1925 1048 ¹¹⁹⁹·

326 1147 503 1229 homines
519 1145 568 1223 de
577 1142 732 1224 Chalou'
745 1160 784 1222 et
794 1144 843 1223 de
855 1142 1210 1223 Motendinis-Novis
1222 1145 1360 1235 teneri,
1381 1145 1430 1224 de
1446 1148 1617 1227 emendis
1630 1151 1762 1231 taxatis

327 1282 376 1361 ad
396 1277 586 1387 sexaginta
598 1275 759 1365 solidos,
782 1277 829 1354 ad
844 1275 1013 1383 quinque
1026 1273 1167 1354 solidos
1184 1277 1473 1371 tantummodo,
1490 1296 1543 1369 et,
1562 1279 1610 1357 de
1623 1280 1699 1359 illis
1713 1282 1762 1361 de

327 1409 470 1491 minori
488 1436 604 1517 quam
624 1407 814 1517 sexaginta
838 1406 1069 1497 solidorum,
1094 1408 1143 1485 ad
1168 1408 1373 1488 duodecim
1402 1408 1576 1490 denarios
1596 1426 1762 1493 tantum·

327 1544 469 1637 modo,
486 1558 541 1630 et,
556 1540 605 1617 de
622 1538 700 1618 illis
718 1539 767 1617 de
783 1538 1043 1647 ajornamento
1059 1537 1108 1617 de
1124 1539 1313 1617 sexdecim
1327 1538 1512 1635 denariis,
1534 1542 1583 1622 ad
1594 1560 1762 1651 quatuor

329 1674 508 1755 denarios
533 1671 817 1763 tantummodo,
852 1671 1016 1778 exceptis
1038 1669 1236 1751 forisfactis
1258 1670 1513 1763 melleiarum,
1544 1675 1591 1755 de
1621 1676 1762 1783 quibus

327 1806 490 1887 stabitur
508 1805 643 1888 usibus
660 1821 700 1883 et
718 1803 926 1885 constumis
943 1803 1063 1910 patrie
1084 1820 1123 1882 et
1141 1801 1316 1884 villarum
1335 1804 1543 1885 vicinarum
1559 1835 1637 1889 non
1655 1810 1763 1917 privi-

326 1938 562 2048 legistamm.
602 1996 607 2006 .

384 2206 444 2283 lV.
476 2205 654 2312 lnquesta
684 2199 779 2279 facta
807 2201 908 2279 inter
933 2202 1075 2311 Regem
1103 2218 1144 2281 et
1162 2204 1340 2285 &notum
1365 2206 1518 2285 Petrum
1544 2205 1759 2288 Puellarum
1893 2310 1896 2319 ι

328 2336 620 2415 Bitturicensem
639 2364 718 2414 non
744 2351 800 2412 est
814 2333 908 2413 iacta
926 2332 1168 2424 sufficienter,
1185 2353 1223 2414 et
1237 2337 1324 2415 ideo
1339 2338 1443 2417 curia
1456 2338 1642 2418 ordinavit
1656 2341 1760 2447 quod

328 2484 454 2574 partes
474 2467 609 2545 iterato
623 2466 861 2547 vocabuntur
878 2483 916 2543 et
934 2466 1152 2545 audientur.

386 2732 430 2811 V.
460 2730 675 2839 Philippus,
692 2748 762 2810 etc.
783 2732 881 2812 Cum
902 2731 1064 2811 dilectus
1082 2748 1122 2811 et
1138 2730 1265 2811 fidelis
1284 2734 1628 2841 nosterepiscopus
1647 2738 1762 2818 Mori·

327 2862 459 2941 nensis
476 2880 708 2972 conquestus
722 2863 834 2943 nobis
852 2862 986 2943 fuisset
999 2865 1105 2974 quod
1121 2865 1341 2973 Aymericus
1361 2866 1409 2945 de
1428 2868 1654 2959 Nova-Villa,
1676 2872 1763 2979 Egi-

329 2993 435 3086 dius,
454 2995 537 3103 ejus
552 2995 677 3089 irater,
695 2996 852 3092 milites,
878 2996 1072 3076 Gerendus
1098 2996 1148 3075 de
1160 2995 1330 3076 Vimiaco
1346 3013 1384 3077 et
1397 2998 1531 3080 Petrus
1549 2998 1597 3079 de
1614 3000 1759 3095 Beelle‚

318 3127 521 3238 armigeri,
554 3138 747 3210 eteorum
776 3128 997 3236 complices,
1024 3158 1153 3237 graves
1182 3128 1337 3237 injurias
1364 3130 1489 3207 eidem
1519 3134 1693 3240 episcopo
1726 3153 1763 3212 et

328 3260 508 3367 gentibus
527 3261 606 3339 suis
625 3290 667 3337 ac
694 3259 846 3339 officiali
874 3288 944 3341 suo
972 3278 1010 3341 et
1033 3260 1212 3368 gentibus
1233 3259 1405 3368 ejusdem
1425 3260 1614 3353 officialis,
1635 3266 1762 3345 minus

323 3392 428 3499 juste
455 3393 698 3500 irrogassent,
720 3407 758 3471 et
781 3420 894 3499 super
913 3391 986 3468 hoc
1010 3408 1049 3469 et
1072 3392 1353 3471 circonstanciis
1372 3408 1414 3471 et
1436 3394 1761 3501 aggravacionibus

329 3522 605 3631 multiplicibus
622 3522 848 3630 injuriarum
865 3524 1087 3601 earumdem
1103 3523 1389 3601 mandassemus
1408 3524 1602 3605 veritatem
1619 3526 1761 3634 inquiri

328 3684 398 3762 per
416 3654 598 3735 ballivum
611 3671 787 3734 nostrum
801 3653 1115 3743 Ambianeusem,
1132 3654 1270 3733 vocatis
1286 3653 1465 3761 predictis
1479 3673 1518 3733 et
1528 3658 1661 3735 ceteris
1677 3686 1762 3737 evo-

330 3788 475 3876 candis,
493 3804 532 3866 et
552 3787 768 3895 inquestam
785 3786 1010 3895 hujusmodi
1033 3785 1137 3865 curie
1159 3804 1286 3865 nostre
1305 3784 1437 3865 referri
1463 3818 1471 3865 ε
1494 3788 1682 3878 Tandem,
1703 3789 1763 3869 in·

329 3936 463 4027 questa
488 3946 558 4027 per
577 3919 723 3999 dictum
742 3918 925 3998 ballivum
945 3944 1060 4025 super
1085 3917 1159 3997 boc
1177 3917 1272 3997 lacta
1295 3933 1334 3995 et
1353 3917 1457 3999 curie
1479 3936 1608 4001 nostre
1627 3920 1760 4013 relata,
1793 3908 1795 3915 ’

328 4050 405 4130 risa
425 4065 463 4131 et
478 4050 682 4159 diligenter
702 4050 931 4146 examinata,
953 4067 992 4131 et
1010 4050 1150 4131 auditis
1166 4050 1283 4130 eciam
1298 4048 1437 4133 ballivo
1453 4067 1492 4133 et
1510 4051 1593 4134 aliis
1608 4052 1764 4160 quibus·

329 4182 419 4261 darn
439 4183 487 4263 de
503 4183 661 4263 consilio
677 4200 830 4277 nostro,
855 4183 942 4263 risis
962 4184 1120 4291 insuper
1138 4182 1354 4263 racionibus
1373 4212 1468 4293 quas
1487 4185 1609 4263 didus
1626 4184 1763 4293 dyma-
1819 4164 1821 4171 ’

329 4313 431 4394 riom
455 4343 582 4395 coram
600 4316 701 4395 dicto
718 4314 858 4394 ballivo
879 4315 1098 4424 proposuit,
1121 4333 1160 4393 et
1179 4314 1316 4395 auditis
1336 4317 1454 4395 eciam
1480 4316 1557 4395 hiis
1580 4342 1656 4422 que
1683 4316 1762 4421 ipsa

331 4446 572 4556 Aymerious,
593 4476 751 4556 presens
769 4447 811 4525 in
828 4446 933 4525 curia
949 4464 1095 4540 nemra,
1110 4445 1232 4527 voluit
1245 4472 1474 4555 proponere,
1495 4446 1762 4555 perjudicium

330 4577 433 4658 curie
452 4598 599 4671 nostre,
620 4580 765 4660 dictum
787 4579 861 4661 fuis
879 4597 919 4659 et
937 4579 1229 4687 pronunciatum
1256 4578 1471 4686 predictum
1497 4577 1759 4688 Aymericdm,

331 4739 401 4819 pro
415 4712 641 4820 supradictis
660 4712 809 4821 injuriis
825 4730 863 4791 et
877 4710 1206 4823 aggravacionibus
1218 4709 1509 4820 quamplurimis
1524 4710 1761 4802 earumdem,

332 4859 461 4921 conus
475 4843 604 4950 ipsum
625 4842 857 4923 sufficienter
872 4861 911 4922 et
929 4842 1115 4952 legittime
1129 4841 1298 4950 probatis
1323 4859 1361 4921 et
1376 4842 1578 4950 reppertis,
1596 4841 1706 4923 nobis
1726 4862 1764 4922 et

332 4990 544 5053 memorato
560 4974 739 5085 episcopo
756 4975 965 5056 Morinensi
982 4974 1124 5057 debere
1136 4974 1257 5055 lacere
1274 4975 1493 5069 emendam,
1515 4992 1567 5071 et,
1589 5004 1660 5082 pro
1677 5003 1763 5082 pre-

332 5103 433 5185 dicta
454 5108 636 5205 emenda,
658 5108 771 5203 nobis
789 5108 895 5189 mille
919 5108 1035 5191 libras
1047 5110 1307 5200 Turonenses,
1337 5123 1377 5187 et
1393 5106 1564 5215 predicto
1585 5106 1761 5214 episcopo
