4450 6209
519 742 593 816 ola
1105 738 1196 812 LES
1226 737 1368 812 ΘΗΜ.

290 891 421 946 Parnm
440 889 484 956 W·
520 882 673 990 petebat
689 883 812 962 dictus
832 881 1011 960 dominus
1028 879 1076 960 de
1089 878 1460 971 Sancto-Desiderio,
1476 893 1671 986 tamquam
1687 878 1736 957 de
1755 879 1879 958 leodis
1898 882 1942 960 de

353 983 416 1026 '³¹⁰'
522 1013 903 1104 Sancto-Desiderio,
932 1011 1012 1119 ejus
1035 1009 1279 1118 opposicione
1308 1011 1602 1102 nonobstante,
1632 1010 1734 1088 dicto
1760 1010 1941 1092 Galcbero

521 1145 747 1236 remanebit,
760 1147 910 1223 racione
925 1145 1033 1224 castri
1050 1145 1097 1222 de
1112 1143 1427 1250 Dompna-Petra.
1448 1143 1557 1231 item,
1575 1142 1680 1252 quod
1696 1142 1745 1220 de
1763 1142 1877 1224 seodo
1894 1146 1941 1224 de

519 1276 696 1357 l’Esclusa
722 1294 761 1357 et
781 1275 942 1356 aliorum
967 1275 1139 1354 locorum
1164 1274 1324 1352 sitorum
1351 1272 1392 1349 in
1406 1272 1601 1362 Flandria,
1623 1302 1693 1380 pro
1718 1274 1873 1354 sciendo
1894 1278 1940 1355 ad

518 1409 624 1516 cujus
654 1409 870 1516 homagium
902 1407 1023 1486 dictus
1051 1405 1262 1486 Galcberus
1292 1404 1341 1483 de
1371 1404 1445 1483 hiis
1476 1402 1591 1485 debet
1614 1405 1760 1495 venire,
1794 1406 1938 1488 racione

518 1539 649 1646 quinte
670 1541 786 1648 partis
802 1539 969 1648 justicie,
993 1556 1030 1618 et
1045 1567 1114 1646 per
1134 1537 1242 1645 cnjus
1261 1564 1417 1614 manum
1437 1536 1519 1643 ipse
1538 1535 1655 1615 debet
1675 1531 1774 1614 illud
1795 1565 1935 1644 capere,

517 1671 651 1749 veritas
670 1671 884 1779 inquiretur
903 1668 1104 1778 diligenter
1122 1668 1171 1745 de
1195 1663 1536 1745 consuetudinibus
1553 1664 1726 1743 locorum
1744 1665 1785 1742 in
1803 1667 1938 1774 quibus

515 1801 586 1878 site
613 1817 703 1880 sunt
727 1829 787 1879 res
811 1801 996 1907 predicte,
1022 1816 1074 1890 et,
1100 1799 1191 1876 scita
1205 1825 1327 1904 cuper
1352 1795 1426 1874 hoc
1451 1796 1624 1887 veritate,
1648 1797 1828 1875 domiuus
1845 1800 1935 1888 Rex,

514 1947 628 2038 prout
647 1930 782 2009 viderit
806 1929 1035 2018 faciendum,
1062 1957 1178 2035 super
1198 1928 1272 2005 hoc
1295 1926 1507 2014 ordinabit,
1535 1943 1574 2003 et
1596 1925 1702 2032 quod
1723 1927 1771 2016 si,
1792 1927 1833 2004 in
1860 1955 1937 2035 pre-

517 2061 627 2138 dictis
647 2061 823 2141 omnibus
850 2060 908 2138 vel
932 2059 1059 2165 aliquo
1084 2058 1363 2166 predictorum,
1387 2085 1455 2136 seu
1479 2083 1613 2134 eorum
1637 2057 1848 2148 occasione,
1871 2059 1936 2138 du-

515 2191 624 2269 bium
644 2208 710 2268 aut
731 2191 911 2270 debatnm
935 2189 1090 2298 aliquod
1119 2189 1218 2267 inter
1242 2188 1362 2265 dictas
1387 2203 1512 2294 partes
1535 2215 1637 2264 nunc
1656 2187 1716 2266 vel
1741 2189 1834 2266 alias
1851 2192 1934 2268 oriri

515 2349 584 2398 seu
602 2320 746 2399 moveri
771 2321 977 2430 contingat,
1002 2319 1182 2399 dominus
1194 2322 1272 2398 Rex
1283 2317 1355 2396 sibi
1370 2319 1510 2396 retinet
1527 2333 1749 2424 potestatem
1770 2319 1932 2410 dicendi,

515 2451 728 2530 declarandi
744 2468 783 2530 at
803 2450 1097 2542 determinandi,
1115 2479 1185 2558 pro
1199 2449 1435 2556 temporibus
1447 2465 1486 2526 et
1499 2449 1663 2556 presenti
1673 2465 1711 2526 et
1724 2448 1866 2540 futuro,
1880 2481 1934 2530 sn·

513 2611 582 2690 per
601 2583 690 2673 hiis,
713 2582 832 2662 semel
857 2599 894 2662 et
916 2581 1074 2689 pluries,
1096 2599 1212 2689 prout
1234 2580 1305 2659 sibi
1327 2579 1531 2686 placuerit,
1557 2579 1739 2686 quociens
1758 2580 1932 2660 debatum

513 2715 725 2823 insurgeret
738 2714 838 2792 inter
860 2731 984 2820 partes
1000 2712 1185 2820 predictas
1209 2711 1403 2790 occasione
1415 2710 1689 2817 predictorum,
1702 2710 1762 2788 rel
1781 2711 1933 2820 alicujus

515 2846 738 2924 eorumdem
759 2845 870 2925 :Visa
902 2846 1056 2951 insuper
1086 2847 1261 2950 inquesta
1290 2869 1405 2950 super
1436 2842 1614 2949 predictis
1645 2841 1930 2933 inobedienciia,

515 2975 707 3079 dampnis,
729 2975 879 3083 injuriis
895 2992 932 3054 et
952 3003 1143 3052 annorum
1160 2975 1376 3082 portacione
1396 2974 1502 3067 facta,
1523 3003 1595 3081 per·
1610 2974 1713 3052 curie
1732 2993 1859 3054 nostre
1873 2977 1933 3086 jn·

515 3105 674 3198 dicium,
697 3105 840 3182 dictum
864 3104 937 3184 fuit
957 3105 1062 3212 quod
1081 3105 1207 3184 dictus
1226 3103 1450 3196 Galcberus,
1473 3133 1544 3212 pro
1571 3104 1745 3211 dampnis
1761 3131 1829 3213 per
1847 3135 1931 3186 eum

514 3235 626 3314 illatis
641 3237 680 3313 in
699 3236 912 3315 molindino
927 3236 975 3315 de
990 3239 1134 3328 Partes,
1150 3237 1396 3345 quadraginta
1413 3236 1527 3313 libras
1543 3238 1803 3329 Turonenses,
1819 3255 1856 3315 et
1866 3265 1930 3344 pro

514 3366 687 3473 dampnis
706 3396 775 3475 per
799 3397 888 3446 eum
908 3367 1021 3445 illatis
1040 3367 1080 3444 in
1101 3368 1216 3446 domo
1232 3367 1280 3445 de
1299 3366 1575 3447 Walesraconrt
1594 3365 1740 3444 domini
1758 3369 1928 3474 predicti,

513 3498 736 3605 quingentas
759 3499 872 3579 libras
895 3503 1137 3578 Turonenses
1169 3498 1294 3577 eidem
1322 3498 1479 3578 domino
1509 3499 1558 3578 de
1584 3498 1929 3578 Sancto-Desiderio

511 3629 712 3734 persolvet;
735 3630 932 3738 dictusque
961 3631 1139 3708 dominus
1162 3630 1210 3708 de
1230 3629 1583 3708 Sancto-Desiderio
1603 3629 1728 3708 eidem
1750 3629 1929 3710 Galcbero

512 3758 647 3836 reddet
664 3759 842 3838 ducentas
856 3760 970 3838 libras
984 3762 1244 3850 Turonenses,
1260 3787 1330 3866 pro
1347 3759 1520 3867 dampnis
1538 3789 1606 3868 per
1627 3762 1793 3840 eundem
1811 3761 1929 3840 domi-

500 3916 605 3972 ,num
625 3888 738 3967 illatis
751 3891 792 3967 in
807 3890 1027 3970 molendino
1044 3889 1091 3968 de
1102 3893 1249 3998 Lynom
1264 3891 1354 3968 dicti
1368 3890 1555 3972 Galcberi.
1567 3893 1679 3982 ltem,
1696 3892 1802 4000 quod
1813 3891 1929 3969 dicuss

512 4016 719 4097 Galcberus
737 4019 899 4126 dampna
917 4049 985 4127 per
1006 4048 1093 4098 eum
1120 4038 1158 4099 et
1182 4021 1264 4129 ejus
1282 4021 1484 4127 complices
1509 4022 1611 4100 illata
1632 4040 1734 4100 extra
1749 4051 1926 4130 regnum,

512 4148 731 4228 hominibus
751 4151 799 4228 de
814 4149 1105 4242 Walefracourt,
1123 4152 1316 4232 occasione
1330 4153 1586 4233 contencionis
1605 4154 1792 4260 predicte,
1815 4183 1860 4232 ex
1876 4155 1928 4230 in·

511 4300 616 4392 tegro
635 4281 772 4362 reddet
794 4284 955 4375 eisdem,
979 4284 1159 4392 inquisita
1177 4285 1284 4392 prins
1304 4286 1455 4364 veritate
1476 4285 1523 4366 de
1540 4287 1729 4364 dictorum
1751 4285 1928 4392 dampno·

511 4443 596 4492 rum
620 4417 838 4522 prantitate.
865 4418 975 4505 Item,
993 4418 1113 4524 quod,
1134 4415 1283 4495 racione
1309 4417 1493 4496 dictarum
1518 4417 1868 4497 inobedienciarum
1892 4434 1927 4494 et

510 4546 735 4648 portacionis
755 4573 964 4635 armorum,
987 4545 1108 4624 dictus
1127 4546 1335 4626 Galcberus
1353 4547 1457 4626 mille
1476 4547 1591 4628 libras
1613 4565 1653 4626 et
1670 4547 1793 4626 dictm
1813 4547 1926 4626 domi-

511 4699 583 4752 nus
595 4675 774 4754 ducentas
787 4676 901 4756 libras
910 4679 1152 4756 Turonenses
1162 4677 1319 4758 domino
1327 4679 1510 4786 Regi,pro
1518 4678 1692 4769 emenda,
1704 4678 1923 4786 persolvent

564 4804 663 4883 lovis
680 4823 763 4884 ante
780 4808 1066 4888 Penthecosten.

531 5181 532 5184 Ἴ
566 5065 655 5142 CXl.
687 5067 783 5146 Cum
798 5067 957 5148 ballivus
985 5069 1244 5150 Ambianensis
1263 5073 1449 5151 niteretur
1467 5073 1667 5152 emendam
1685 5074 1808 5153 levare
1828 5103 1848 5152 a
1865 5075 1924 5153 Jo-
