4450 6209
464 732 512 809 dl
1047 736 1138 809 tus
1167 735 1307 810 OLIM.
1378 820 1382 824 ‚
1426 759 1431 772 ¹

237 872 424 1026 Parqqqqst'v:
460 878 552 986 gillo
579 878 828 985 precarissimi
852 877 1056 957 dominict
1077 879 1249 987 conjugis
1273 878 1393 956 nostri
1412 876 1566 954 Francia
1590 876 1687 985 regis
1711 875 1884 983 predicti.

515 1142 574 1221 VI.
605 1143 691 1221 Visa
715 1140 986 1219 informacione
1007 1138 1169 1216 facta'de
1190 1138 1368 1254 mandato
1390 1137 1536 1217 domini
1555 1139 1674 1216 nostri
1693 1140 1804 1248 Regis
1821 1165 1886 1219 su-

457 1301 526 1379 per
534 1274 622 1380 jure
639 1271 853 1349 collacionis
866 1272 1147 1378 prebendarum
1162 1271 1439 1349 Sancte—Crucis
1451 1271 1698 1376 Stampensis,
1711 1270 1887 1351 dixerunt

457 1403 622 1513 magistri
638 1402 743 1511 quod
760 1404 939 1481 dominus
959 1403 1190 1495 Ludovicus‚
1214 1402 1391 1480 dominus
1410 1402 1817 1508 Stampensis,'poterit
1832 1401 1886 1479 fa·-

457 1564 541 1615 cere
561 1536 701 1643 inquiri
719 1534 863 1644 dejure
879 1562 947 1613 suo
964 1562 1077 1641 super
1096 1534 1302 1612 collacione
1317 1533 1571 1640 predictarum
1584 1533 1882 1640 prebendarum,

455 1665 607 1776 quando
634 1667 797 1774 placebit
820 1668 871 1756 ei,
899 1683 938 1744 et
958 1683 1257 1743 vocenturtunc
1283 1665 1349 1772 qui
1370 1665 1514 1742 fuerint
1531 1666 1728 1754 evocandi,
1750 1684 1789 1743 et
1806 1694 1884 1744 non

455 1800 529 1877 fuit
540 1800 708 1907 judicata
728 1798 797 1877 ista
816 1798 1057 1887 informacio,
1079 1798 1167 1906 quia
1185 1798 1281 1876 sacta
1300 1797 1373 1875 fuit
1391 1797 1561 1904 partibus
1578 1826 1656 1875 non
1676 1798 1824 1874 vocatis.

513 1930 691 2009 Mercurii
709 1946 796 2036 post
814 1926 1152 2009 Circumcisionem
1172 1928 1338 2007 Domini.

511 2194 586 2274 VII.
619 2195 715 2275 Cum
732 2192 1022 2275 interballivum
1039 2192 1382 2303 sylvanectensem,
1393 2220 1472 2300 pro,
1479 2190 1604 2284 nobis,
1619 2221 1662 2270 ax
1674 2220 1749 2270 nna
1759 2209 1880 2299 parte,

365 2344 369 2351 '
455 2344 493 2403 at
519 2328 715 2436 religiosos
737 2327 836 2405 viros
861 2327 1032 2406 abbatem
1062 2343 1099 2402 et
1126 2344 1353 2405 conventum
1379 2325 1598 2403 monasterii
1623 2325 1884 2403 Sancti-Gare-

452 2459 545 2535 mari
577 2458 839 2549 Flaviacensis,
870 2484 914 2535 ex
940 2458 1073 2546 altera,
1100 2475 1208 2535 mota
1233 2456 1365 2535 fuisset
1391 2458 1539 2564 questio
1566 2483 1679 2562 snper
1708 2483 1753 2533 eo
1777 2455 1884 2563 quod

453 2586 574 2668 dictus
593 2590 752 2667 ballivus
772 2590 921 2668 dicebat
935 2618 1005 2668 nos
1025 2616 1105 2668 csse
1126 2608 1167 2667 et
1183 2590 1299 2668 fuisse
1318 2590 1358 2665 in
1376 2590 1612 2695 possessione
1631 2586 1705 2664 alte
1725 2606 1764 2697 ct
1775 2588 1882 2666 basse

447 2720 598 2828 justicie
618 2712 792 2798 villarum
814 2721 861 2799 de
881 2722 1092 2813 Condret0,
1116 2716 1164 2797 de
1184 2718 1353 2797 Puteolis
1374 2736 1412 2796 et
1432 2721 1479 2797 de
1501 2686 1774 2810 Sourmarlriris3
1795 2746 1883 2824 pre-

454 2853 563 2930 dictis
584 2850 770 2960 religiosis
791 2852 830 2929 in
855 2852 1084 2930 contrarium
1108 2850 1361 2930 asserentibus
1382 2881 1422 2929 se
1442 2879 1523 2931 esse
1543 2869 1581 2929 et
1599 2852 1713 2929 fuisse
1733 2851 1773 2927 in
1793 2876 1882 2956 pos-

451 2984 618 3061 sessione
638 2982 712 3059 alte
734 3000 771 3059 et
788 2983 894 3061 basse
906 2983 1328 3089 justicie'predictarum
1346 2980 1545 3061 villarum:
1562 2983 1752 3074 Tandem,
1769 3009 1882 3087 super

450 3114 660 3221 premissis,
682 3113 728 3191 de
747 3114 924 3192 mandato
941 3115 1043 3193 curie
1061 3131 1206 3203 nosue,
1223 3116 1397 3221 inquesta
1411 3113 1524 3202 sacta,
1539 3115 1615 3191 visa
1628 3132 1666 3191 et
1682 3113 1881 3221 diligenter

451 3246 674 3334 examinata,
695 3245 986 3352 pronunciatum
1006 3246 1093 3335 fuit,
1115 3274 1184 3352 per
1201 3246 1305 3324 curie
1324 3263 1451 3324 nostre
1466 3246 1671 3353 judicium,
1691 3244 1880 3351 predictos

449 3376 644 3486 religiosos
663 3378 804 3455 debere
824 3403 1019 3455 remanere
1040 3378 1079 3453 in
1099 3378 1334 3484 possessione
1352 3378 1426 3453 alte
1444 3394 1482 3454 et
1500 3376 1607 3456 basse
1621 3377 1775 3485 justicie
1794 3405 1880 3483 pre-

450 3509 635 3587 dictamm
655 3509 830 3587 villarum
852 3510 900 3586 de
921 3509 1114 3589 Condreto
1132 3528 1170 3587 et
1186 3508 1234 3588 de
1254 3509 1524 3588 Sourmarlais.

504 3643 599 3717 Item
620 3642 658 3715 in
680 3642 916 3746 possessione
936 3642 1042 3718 basse
1059 3641 1211 3747 justicie
1232 3659 1270 3718 et
1289 3642 1479 3747 sanguinis
1500 3659 1539 3718 et
1557 3640 1711 3717 latronis
1731 3640 1770 3715 in
1791 3636 1878 3715 villa

449 3773 497 3849 de
524 3771 709 3862 Puteolis,
739 3772 839 3847 salvo
867 3769 977 3848 nobis
998 3771 1085 3879 jure
1113 3799 1228 3878 super
1251 3773 1449 3880 questione
1474 3771 1712 3879 proprietatis
1740 3771 1814 3848 alte
1840 3784 1879 3846 et

448 3903 555 3980 basse
566 3902 717 4010 justicie
735 3902 989 4009 predictarum
1003 3902 1178 3980 villarum
1195 3931 1355 4011 quarum
1371 3904 1506 3984 saisina
1522 3904 1734 4012 adjudicata
1748 3920 1806 3981 est
1818 3928 1878 3977 re-

450 4032 592 4143 ligiosis
611 4032 801 4140 predictis

505 4164 682 4244 Mercurii
702 4183 791 4271 post
807 4164 1143 4245 Circumcisionem
1165 4165 1332 4246 Domini.

503 4430 593 4511 vlu.
625 4430 724 4510 Cum
750 4430 909 4510 dilectus
929 4430 1232 4541 consanguineus
1252 4449 1289 4510 et
1311 4429 1438 4511 fidelis
1457 4446 1586 4511 noster
1609 4455 1736 4509 comes
1752 4425 1874 4507 Attra-

446 4559 610 4640 batensis
633 4580 861 4670 conquestus
879 4564 1011 4641 suisset
1031 4564 1071 4641 in
1096 4565 1199 4642 curia
1219 4582 1346 4643 nostra
1370 4565 1476 4672 quod
1495 4564 1659 4641 decanus
1678 4579 1716 4639 ct
1734 4557 1876 4667 capitu-

446 4692 526 4769 lum
553 4692 822 4773 Attrabatensis
856 4696 1031 4785 ecclesie,
1059 4696 1098 4773 in
1127 4695 1290 4774 claustro
1316 4714 1356 4773 ct
1379 4692 1525 4773 civitate
1549 4692 1874 4775 Attrabatensibus

445 4822 570 4930 aliqua
593 4823 758 4901 fecerant
779 4827 818 4901 in
844 4828 993 4933 signum
1019 4828 1279 4907 novimercati
1304 4854 1372 4906 seu
1397 4826 1540 4936 aliquas
1559 4826 1746 4904 indebitas
1770 4824 1876 4901 novi-

443 4972 555 5047 tates,
579 4955 776 5061 requirens
796 4954 901 5063 quod
915 4956 1123 5037 faceremus
1141 4961 1309 5066 predicta
1329 4960 1462 5038 cadere
1483 4975 1521 5037 et
1540 4960 1588 5037 ad
1606 4976 1745 5037 statum
1765 4955 1874 5033 debi-

443 5106 526 5165 tum
543 5087 694 5165 reduci:
715 5088 904 5181 Tandem,
922 5118 1035 5195 super
1046 5091 1238 5197 premissis
1251 5092 1299 5169 de
1314 5093 1495 5169 mandato
1511 5091 1614 5169 curie
1635 5106 1762 5169 nostre
1776 5086 1871 5166 facta
