<?xml version="1.0" encoding="UTF-8"?>
<!DOCTYPE html PUBLIC "-//W3C//DTD XHTML 1.0 Transitional//EN"
    "http://www.w3.org/TR/xhtml1/DTD/xhtml1-transitional.dtd">
<html xmlns="http://www.w3.org/1999/xhtml" xml:lang="en" lang="en">
 <head>
  <title>
</title>
<meta http-equiv="Content-Type" content="text/html;charset=utf-8" />
  <meta name='ocr-system' content='tesseract 3.04.00' />
  <meta name='ocr-capabilities' content='ocr_page ocr_carea ocr_par ocr_line ocrx_word'/>
</head>
<body>
  <div class='ocr_page' id='page_1' title='image "./lesolimouregist00parigoog_0116.png"; bbox 0 0 4450 6209; ppageno 0'>
   <div class='ocr_carea' id='block_1_1' title="bbox 732 711 1737 818">
    <p class='ocr_par' dir='ltr' id='par_1_1' title="bbox 732 711 1737 818">
     <span class='ocr_line' id='line_1_1' title="bbox 732 711 1737 818; baseline -0.004 -17"><span class='ocrx_word' id='word_1_1' title='bbox 732 711 999 818; x_wconf 76' lang='lat' dir='ltr'>nuounrns</span> <span class='ocrx_word' id='word_1_2' title='bbox 1025 730 1089 801; x_wconf 78' lang='lat' dir='ltr'>nr</span> <span class='ocrx_word' id='word_1_3' title='bbox 1115 711 1316 804; x_wconf 77' lang='lat' dir='ltr'>nnocns</span> <span class='ocrx_word' id='word_1_4' title='bbox 1695 729 1737 797; x_wconf 85' lang='lat'>17</span> 
     </span>
    </p>
   </div>
   <div class='ocr_carea' id='block_1_2' title="bbox 307 867 2018 1473">
    <p class='ocr_par' dir='ltr' id='par_1_2' title="bbox 307 867 2018 1340">
     <span class='ocr_line' id='line_1_2' title="bbox 307 867 2018 975; baseline -0.001 -28"><span class='ocrx_word' id='word_1_5' title='bbox 307 869 424 947; x_wconf 89' lang='lat' dir='ltr'>nobis</span> <span class='ocrx_word' id='word_1_6' title='bbox 445 867 649 975; x_wconf 78' lang='lat' dir='ltr'>placuerit,</span> <span class='ocrx_word' id='word_1_7' title='bbox 678 886 798 948; x_wconf 85' lang='lat' dir='ltr'>certas</span> <span class='ocrx_word' id='word_1_8' title='bbox 824 869 1019 947; x_wconf 82' lang='lat' dir='ltr'><strong>mittemus</strong></span> <span class='ocrx_word' id='word_1_9' title='bbox 1034 898 1221 975; x_wconf 75' lang='lat' dir='ltr'>personas</span> <span class='ocrx_word' id='word_1_10' title='bbox 1248 871 1297 947; x_wconf 92' lang='lat' dir='ltr'>ad</span> <span class='ocrx_word' id='word_1_11' title='bbox 1321 870 1516 949; x_wconf 90' lang='lat' dir='ltr'>sciendum</span> <span class='ocrx_word' id='word_1_12' title='bbox 1545 871 1740 948; x_wconf 81' lang='lat' dir='ltr'>veritatem</span> <span class='ocrx_word' id='word_1_13' title='bbox 1782 872 1902 927; x_wconf 59' lang='grc' dir='ltr'>ΡΜ</span> <span class='ocrx_word' id='word_1_14' title='bbox 1922 874 1966 935; x_wconf 66' lang='lat' dir='ltr'>¹V2</span> <span class='ocrx_word' id='word_1_15' title='bbox 2013 956 2018 963; x_wconf 48' lang='grc'><strong>,</strong></span> 
     </span>
     <span class='ocr_line' id='line_1_3' title="bbox 308 965 1904 1109; baseline 0.001 -32"><span class='ocrx_word' id='word_1_16' title='bbox 308 1027 429 1107; x_wconf 90' lang='lat' dir='ltr'>super</span> <span class='ocrx_word' id='word_1_17' title='bbox 449 999 646 1106; x_wconf 83' lang='lat' dir='ltr'>predictis,</span> <span class='ocrx_word' id='word_1_18' title='bbox 671 1016 749 1077; x_wconf 85' lang='lat' dir='ltr'>tam</span> <span class='ocrx_word' id='word_1_19' title='bbox 770 1029 884 1107; x_wconf 91' lang='lat' dir='ltr'>super</span> <span class='ocrx_word' id='word_1_20' title='bbox 905 1000 1140 1106; x_wconf 82' lang='lat' dir='ltr'>possessione</span> <span class='ocrx_word' id='word_1_21' title='bbox 1165 1032 1279 1109; x_wconf 89' lang='lat' dir='ltr'>quam</span> <span class='ocrx_word' id='word_1_22' title='bbox 1299 1031 1414 1108; x_wconf 89' lang='lat' dir='ltr'>super</span> <span class='ocrx_word' id='word_1_23' title='bbox 1433 1002 1678 1109; x_wconf 84' lang='lat' dir='ltr'>proprietate,</span> <span class='ocrx_word' id='word_1_24' title='bbox 1704 1019 1743 1079; x_wconf 90' lang='lat' dir='ltr'>et</span> <span class='ocrx_word' id='word_1_25' title='bbox 1840 965 1904 1009; x_wconf 63' lang='lat' dir='ltr'>lm</span> 
     </span>
     <span class='ocr_line' id='line_1_4' title="bbox 307 1130 1740 1239; baseline 0.001 -32"><span class='ocrx_word' id='word_1_26' title='bbox 307 1158 428 1237; x_wconf 89' lang='lat' dir='ltr'>super</span> <span class='ocrx_word' id='word_1_27' title='bbox 448 1130 524 1208; x_wconf 90' lang='lat' dir='ltr'>hiis</span> <span class='ocrx_word' id='word_1_28' title='bbox 540 1131 605 1238; x_wconf 86' lang='lat' dir='ltr'>jus</span> <span class='ocrx_word' id='word_1_29' title='bbox 626 1140 797 1211; x_wconf 87' lang='lat' dir='ltr'>nostrum</span> <span class='ocrx_word' id='word_1_30' title='bbox 825 1150 863 1210; x_wconf 83' lang='lat' dir='ltr'>et</span> <span class='ocrx_word' id='word_1_31' title='bbox 889 1132 1057 1239; x_wconf 88' lang='lat' dir='ltr'>ipsorum</span> <span class='ocrx_word' id='word_1_32' title='bbox 1085 1130 1223 1209; x_wconf 87' lang='lat' dir='ltr'>civium</span> <span class='ocrx_word' id='word_1_33' title='bbox 1253 1149 1292 1210; x_wconf 88' lang='lat' dir='ltr'>et</span> <span class='ocrx_word' id='word_1_34' title='bbox 1318 1133 1535 1213; x_wconf 87' lang='lat' dir='ltr'>communie</span> <span class='ocrx_word' id='word_1_35' title='bbox 1561 1130 1740 1210; x_wconf 81' lang='lat' dir='ltr'>faciemus</span> 
     </span>
     <span class='ocr_line' id='line_1_5' title="bbox 308 1250 1688 1340; baseline 0.004 -2"><span class='ocrx_word' id='word_1_36' title='bbox 308 1260 469 1340; x_wconf 89' lang='lat' dir='ltr'>illesum</span> <span class='ocrx_word' id='word_1_37' title='bbox 488 1262 637 1339; x_wconf 85' lang='lat' dir='ltr'>servari.</span> <span class='ocrx_word' id='word_1_38' title='bbox 1686 1250 1688 1254; x_wconf 70' lang='lat'>‚</span> 
     </span>
    </p>

    <p class='ocr_par' dir='ltr' id='par_1_3' title="bbox 368 1390 753 1473">
     <span class='ocr_line' id='line_1_6' title="bbox 368 1390 753 1473; baseline 0.005 -3"><span class='ocrx_word' id='word_1_39' title='bbox 368 1390 572 1473; x_wconf 81' lang='lat' dir='ltr'>Jovisante</span> <span class='ocrx_word' id='word_1_40' title='bbox 586 1392 753 1472; x_wconf 84' lang='lat' dir='ltr'>Cineres.</span> 
     </span>
    </p>
   </div>
   <div class='ocr_carea' id='block_1_3' title="bbox 311 1656 1788 3335">
    <p class='ocr_par' dir='ltr' id='par_1_4' title="bbox 311 1656 1788 3335">
     <span class='ocr_line' id='line_1_7' title="bbox 369 1656 1740 1765; baseline 0.001 -30"><span class='ocrx_word' id='word_1_41' title='bbox 369 1656 531 1735; x_wconf 84' lang='lat' dir='ltr'>XXVIII.</span> <span class='ocrx_word' id='word_1_42' title='bbox 551 1656 637 1737; x_wconf 87' lang='lat' dir='ltr'>Visa</span> <span class='ocrx_word' id='word_1_43' title='bbox 662 1659 853 1765; x_wconf 87' lang='lat' dir='ltr'>inquesta,</span> <span class='ocrx_word' id='word_1_44' title='bbox 874 1659 922 1737; x_wconf 91' lang='lat' dir='ltr'>de</span> <span class='ocrx_word' id='word_1_45' title='bbox 947 1661 1126 1739; x_wconf 90' lang='lat' dir='ltr'>mandato</span> <span class='ocrx_word' id='word_1_46' title='bbox 1148 1663 1249 1738; x_wconf 90' lang='lat' dir='ltr'>curie</span> <span class='ocrx_word' id='word_1_47' title='bbox 1272 1662 1382 1749; x_wconf 85' lang='lat' dir='ltr'>lacta,</span> <span class='ocrx_word' id='word_1_48' title='bbox 1407 1661 1454 1737; x_wconf 88' lang='lat' dir='ltr'>ad</span> <span class='ocrx_word' id='word_1_49' title='bbox 1478 1659 1740 1736; x_wconf 89' lang='lat' dir='ltr'>denunciacio-</span> 
     </span>
     <span class='ocr_line' id='line_1_8' title="bbox 312 1785 1738 1898; baseline 0.001 -35"><span class='ocrx_word' id='word_1_50' title='bbox 312 1816 406 1864; x_wconf 88' lang='lat' dir='ltr'>nem</span> <span class='ocrx_word' id='word_1_51' title='bbox 425 1786 552 1864; x_wconf 90' lang='lat' dir='ltr'>ballivi</span> <span class='ocrx_word' id='word_1_52' title='bbox 566 1785 762 1881; x_wconf 80' lang='lat' dir='ltr'>Arvernia,</span> <span class='ocrx_word' id='word_1_53' title='bbox 782 1790 830 1866; x_wconf 90' lang='lat' dir='ltr'>de</span> <span class='ocrx_word' id='word_1_54' title='bbox 848 1791 1075 1897; x_wconf 90' lang='lat' dir='ltr'>quibusdam</span> <span class='ocrx_word' id='word_1_55' title='bbox 1094 1792 1369 1870; x_wconf 89' lang='lat' dir='ltr'>inobedienciis</span> <span class='ocrx_word' id='word_1_56' title='bbox 1389 1810 1427 1868; x_wconf 85' lang='lat' dir='ltr'>et</span> <span class='ocrx_word' id='word_1_57' title='bbox 1449 1790 1597 1898; x_wconf 89' lang='lat' dir='ltr'>injuriis</span> <span class='ocrx_word' id='word_1_58' title='bbox 1617 1788 1738 1879; x_wconf 89' lang='lat' dir='ltr'>factis,</span> 
     </span>
     <span class='ocr_line' id='line_1_9' title="bbox 311 1918 1740 2029; baseline 0 -34"><span class='ocrx_word' id='word_1_59' title='bbox 311 1934 359 1995; x_wconf 90' lang='lat' dir='ltr'>ut</span> <span class='ocrx_word' id='word_1_60' title='bbox 378 1918 588 2010; x_wconf 82' lang='lat' dir='ltr'>dicebatur,</span> <span class='ocrx_word' id='word_1_61' title='bbox 609 1919 801 2025; x_wconf 82' lang='lat' dir='ltr'>preposito</span> <span class='ocrx_word' id='word_1_62' title='bbox 823 1938 954 1999; x_wconf 90' lang='lat' dir='ltr'>nostro</span> <span class='ocrx_word' id='word_1_63' title='bbox 977 1922 1237 2001; x_wconf 89' lang='lat' dir='ltr'>Belle-Garde</span> <span class='ocrx_word' id='word_1_64' title='bbox 1257 1952 1326 2029; x_wconf 88' lang='lat' dir='ltr'>per</span> <span class='ocrx_word' id='word_1_65' title='bbox 1349 1924 1502 1999; x_wconf 91' lang='lat' dir='ltr'>Petrum</span> <span class='ocrx_word' id='word_1_66' title='bbox 1524 1921 1572 1999; x_wconf 92' lang='lat' dir='ltr'>de</span> <span class='ocrx_word' id='word_1_67' title='bbox 1594 1921 1740 1997; x_wconf 89' lang='lat' dir='ltr'>Bechea</span> 
     </span>
     <span class='ocr_line' id='line_1_10' title="bbox 313 2047 1744 2141; baseline 0 -16"><span class='ocrx_word' id='word_1_68' title='bbox 313 2066 352 2125; x_wconf 83' lang='lat' dir='ltr'>et</span> <span class='ocrx_word' id='word_1_69' title='bbox 372 2047 607 2128; x_wconf 88' lang='lat' dir='ltr'>Germanum</span> <span class='ocrx_word' id='word_1_70' title='bbox 628 2050 834 2139; x_wconf 82' lang='lat' dir='ltr'>Paneteris,</span> <span class='ocrx_word' id='word_1_71' title='bbox 855 2052 1055 2130; x_wconf 89' lang='lat' dir='ltr'>servientes</span> <span class='ocrx_word' id='word_1_72' title='bbox 1080 2054 1227 2131; x_wconf 88' lang='lat' dir='ltr'>comitis</span> <span class='ocrx_word' id='word_1_73' title='bbox 1246 2054 1433 2141; x_wconf 88' lang='lat' dir='ltr'>Marchie,</span> <span class='ocrx_word' id='word_1_74' title='bbox 1455 2052 1647 2129; x_wconf 87' lang='lat' dir='ltr'>inventum</span> <span class='ocrx_word' id='word_1_75' title='bbox 1672 2049 1744 2127; x_wconf 84' lang='lat' dir='ltr'>fuit</span> 
     </span>
     <span class='ocr_line' id='line_1_11' title="bbox 312 2178 1741 2290; baseline 0.002 -35"><span class='ocrx_word' id='word_1_76' title='bbox 312 2178 521 2285; x_wconf 88' lang='lat' dir='ltr'>probatum</span> <span class='ocrx_word' id='word_1_77' title='bbox 535 2179 763 2258; x_wconf 88' lang='lat' dir='ltr'>sufficienter</span> <span class='ocrx_word' id='word_1_78' title='bbox 774 2181 879 2288; x_wconf 91' lang='lat' dir='ltr'>quod</span> <span class='ocrx_word' id='word_1_79' title='bbox 895 2182 1017 2261; x_wconf 92' lang='lat' dir='ltr'>dictus</span> <span class='ocrx_word' id='word_1_80' title='bbox 1030 2185 1177 2274; x_wconf 84' lang='lat' dir='ltr'>Petrus,</span> <span class='ocrx_word' id='word_1_81' title='bbox 1196 2213 1217 2260; x_wconf 88' lang='lat' dir='ltr'>a</span> <span class='ocrx_word' id='word_1_82' title='bbox 1235 2184 1336 2261; x_wconf 91' lang='lat' dir='ltr'>dicto</span> <span class='ocrx_word' id='word_1_83' title='bbox 1351 2184 1560 2290; x_wconf 85' lang='lat' dir='ltr'>preposito,</span> <span class='ocrx_word' id='word_1_84' title='bbox 1578 2198 1741 2288; x_wconf 81' lang='lat' dir='ltr'>exparte</span> 
     </span>
     <span class='ocr_line' id='line_1_12' title="bbox 313 2312 1743 2421; baseline 0.001 -34"><span class='ocrx_word' id='word_1_85' title='bbox 313 2327 461 2399; x_wconf 83' lang='lat' dir='ltr'>nostra,</span> <span class='ocrx_word' id='word_1_86' title='bbox 485 2312 687 2417; x_wconf 91' lang='lat' dir='ltr'>requisitus</span> <span class='ocrx_word' id='word_1_87' title='bbox 706 2313 811 2419; x_wconf 86' lang='lat' dir='ltr'>quod</span> <span class='ocrx_word' id='word_1_88' title='bbox 830 2315 957 2391; x_wconf 91' lang='lat' dir='ltr'>eidem</span> <span class='ocrx_word' id='word_1_89' title='bbox 976 2334 1124 2421; x_wconf 89' lang='lat' dir='ltr'>portam</span> <span class='ocrx_word' id='word_1_90' title='bbox 1145 2317 1252 2394; x_wconf 84' lang='lat' dir='ltr'>castri</span> <span class='ocrx_word' id='word_1_91' title='bbox 1273 2317 1320 2393; x_wconf 92' lang='lat' dir='ltr'>de</span> <span class='ocrx_word' id='word_1_92' title='bbox 1340 2315 1560 2393; x_wconf 85' lang='lat' dir='ltr'>Albussione</span> <span class='ocrx_word' id='word_1_93' title='bbox 1583 2314 1743 2421; x_wconf 89' lang='lat' dir='ltr'>aperiret</span> 
     </span>
     <span class='ocr_line' id='line_1_13' title="bbox 315 2442 1743 2553; baseline 0.001 -36"><span class='ocrx_word' id='word_1_94' title='bbox 315 2457 356 2517; x_wconf 88' lang='lat' dir='ltr'>et</span> <span class='ocrx_word' id='word_1_95' title='bbox 374 2442 612 2546; x_wconf 86' lang='lat' dir='ltr'>permitteret</span> <span class='ocrx_word' id='word_1_96' title='bbox 629 2443 808 2521; x_wconf 89' lang='lat' dir='ltr'>eumdem</span> <span class='ocrx_word' id='word_1_97' title='bbox 823 2445 976 2534; x_wconf 88' lang='lat' dir='ltr'>intrare,</span> <span class='ocrx_word' id='word_1_98' title='bbox 1000 2446 1093 2523; x_wconf 90' lang='lat' dir='ltr'>dixit</span> <span class='ocrx_word' id='word_1_99' title='bbox 1116 2446 1240 2524; x_wconf 84' lang='lat' dir='ltr'>eidem</span> <span class='ocrx_word' id='word_1_100' title='bbox 1259 2446 1450 2553; x_wconf 84' lang='lat' dir='ltr'>preposito</span> <span class='ocrx_word' id='word_1_101' title='bbox 1471 2444 1575 2551; x_wconf 86' lang='lat' dir='ltr'>quod</span> <span class='ocrx_word' id='word_1_102' title='bbox 1591 2472 1668 2521; x_wconf 93' lang='lat' dir='ltr'>non</span> <span class='ocrx_word' id='word_1_103' title='bbox 1688 2444 1743 2519; x_wconf 87' lang='lat' dir='ltr'>in-</span> 
     </span>
     <span class='ocr_line' id='line_1_14' title="bbox 314 2573 1788 2681; baseline 0 -33"><span class='ocrx_word' id='word_1_104' title='bbox 314 2588 450 2663; x_wconf 87' lang='lat' dir='ltr'>traret,</span> <span class='ocrx_word' id='word_1_105' title='bbox 466 2589 504 2649; x_wconf 90' lang='lat' dir='ltr'>et</span> <span class='ocrx_word' id='word_1_106' title='bbox 515 2590 662 2678; x_wconf 89' lang='lat' dir='ltr'>portam</span> <span class='ocrx_word' id='word_1_107' title='bbox 679 2574 769 2651; x_wconf 89' lang='lat' dir='ltr'>dicti</span> <span class='ocrx_word' id='word_1_108' title='bbox 783 2576 889 2652; x_wconf 87' lang='lat' dir='ltr'>castri</span> <span class='ocrx_word' id='word_1_109' title='bbox 905 2576 1115 2681; x_wconf 83' lang='lat' dir='ltr'>impetuose</span> <span class='ocrx_word' id='word_1_110' title='bbox 1132 2577 1264 2654; x_wconf 88' lang='lat' dir='ltr'>clausit</span> <span class='ocrx_word' id='word_1_111' title='bbox 1274 2578 1314 2652; x_wconf 93' lang='lat' dir='ltr'>in</span> <span class='ocrx_word' id='word_1_112' title='bbox 1329 2577 1421 2653; x_wconf 88' lang='lat' dir='ltr'>sacie</span> <span class='ocrx_word' id='word_1_113' title='bbox 1436 2576 1525 2653; x_wconf 85' lang='lat' dir='ltr'>dicti</span> <span class='ocrx_word' id='word_1_114' title='bbox 1540 2573 1739 2681; x_wconf 86' lang='lat' dir='ltr'>prepositi,</span> <span class='ocrx_word' id='word_1_115' title='bbox 1785 2582 1788 2589; x_wconf 79' lang='lat'><em>&#39;</em></span> 
     </span>
     <span class='ocr_line' id='line_1_15' title="bbox 315 2703 1744 2811; baseline 0.002 -32"><span class='ocrx_word' id='word_1_116' title='bbox 315 2731 548 2811; x_wconf 88' lang='lat' dir='ltr'>quamquam</span> <span class='ocrx_word' id='word_1_117' title='bbox 571 2703 697 2809; x_wconf 90' lang='lat' dir='ltr'>plures</span> <span class='ocrx_word' id='word_1_118' title='bbox 719 2704 811 2782; x_wconf 89' lang='lat' dir='ltr'>alios</span> <span class='ocrx_word' id='word_1_119' title='bbox 828 2708 1065 2811; x_wconf 86' lang='lat' dir='ltr'>permitteret</span> <span class='ocrx_word' id='word_1_120' title='bbox 1083 2708 1227 2785; x_wconf 87' lang='lat' dir='ltr'>ibidem</span> <span class='ocrx_word' id='word_1_121' title='bbox 1248 2708 1404 2797; x_wconf 75' lang='lat' dir='ltr'>intrare,</span> <span class='ocrx_word' id='word_1_122' title='bbox 1432 2722 1470 2783; x_wconf 88' lang='lat' dir='ltr'>et</span> <span class='ocrx_word' id='word_1_123' title='bbox 1489 2705 1577 2783; x_wconf 91' lang='lat' dir='ltr'>ideo</span> <span class='ocrx_word' id='word_1_124' title='bbox 1597 2704 1669 2781; x_wconf 81' lang='lat' dir='ltr'>fuit</span> <span class='ocrx_word' id='word_1_125' title='bbox 1688 2706 1744 2782; x_wconf 91' lang='lat' dir='ltr'>in—</span> 
     </span>
     <span class='ocr_line' id='line_1_16' title="bbox 311 2833 1741 2943; baseline 0 -33"><span class='ocrx_word' id='word_1_126' title='bbox 311 2833 489 2940; x_wconf 87' lang='lat' dir='ltr'>junctum</span> <span class='ocrx_word' id='word_1_127' title='bbox 514 2834 648 2912; x_wconf 89' lang='lat' dir='ltr'>ballivo</span> <span class='ocrx_word' id='word_1_128' title='bbox 674 2834 851 2913; x_wconf 82' lang='lat' dir='ltr'>Arvernia</span> <span class='ocrx_word' id='word_1_129' title='bbox 876 2836 981 2943; x_wconf 91' lang='lat' dir='ltr'>quod</span> <span class='ocrx_word' id='word_1_130' title='bbox 1001 2839 1143 2915; x_wconf 90' lang='lat' dir='ltr'>dictum</span> <span class='ocrx_word' id='word_1_131' title='bbox 1163 2839 1336 2927; x_wconf 88' lang='lat' dir='ltr'>Petrum,</span> <span class='ocrx_word' id='word_1_132' title='bbox 1363 2835 1434 2913; x_wconf 89' lang='lat' dir='ltr'>sub</span> <span class='ocrx_word' id='word_1_133' title='bbox 1459 2836 1535 2913; x_wconf 88' lang='lat' dir='ltr'>fida</span> <span class='ocrx_word' id='word_1_134' title='bbox 1561 2835 1741 2923; x_wconf 88' lang='lat' dir='ltr'>custodia,</span> 
     </span>
     <span class='ocr_line' id='line_1_17' title="bbox 316 2965 1744 3079; baseline 0 -36"><span class='ocrx_word' id='word_1_135' title='bbox 316 2965 445 3043; x_wconf 86' lang='lat' dir='ltr'>mittat</span> <span class='ocrx_word' id='word_1_136' title='bbox 471 2965 650 3079; x_wconf 79' lang='lat' dir='ltr'>Parisius,</span> <span class='ocrx_word' id='word_1_137' title='bbox 672 2966 712 3043; x_wconf 89' lang='lat' dir='ltr'>in</span> <span class='ocrx_word' id='word_1_138' title='bbox 737 2966 981 3057; x_wconf 84' lang='lat' dir='ltr'>Casteletum‚</span> <span class='ocrx_word' id='word_1_139' title='bbox 1012 2987 1050 3046; x_wconf 89' lang='lat' dir='ltr'>et</span> <span class='ocrx_word' id='word_1_140' title='bbox 1067 2970 1233 3075; x_wconf 83' lang='lat' dir='ltr'>inquirat</span> <span class='ocrx_word' id='word_1_141' title='bbox 1253 2986 1291 3046; x_wconf 91' lang='lat' dir='ltr'>et</span> <span class='ocrx_word' id='word_1_142' title='bbox 1308 2968 1445 3045; x_wconf 83' lang='lat' dir='ltr'>referat</span> <span class='ocrx_word' id='word_1_143' title='bbox 1473 2968 1665 3045; x_wconf 84' lang='lat' dir='ltr'>veritatem</span> <span class='ocrx_word' id='word_1_144' title='bbox 1697 2968 1744 3045; x_wconf 92' lang='lat' dir='ltr'>de</span> 
     </span>
     <span class='ocr_line' id='line_1_18' title="bbox 316 3093 1740 3203; baseline 0.002 -33"><span class='ocrx_word' id='word_1_145' title='bbox 316 3093 557 3173; x_wconf 81' lang='lat' dir='ltr'>facultatibus</span> <span class='ocrx_word' id='word_1_146' title='bbox 577 3096 775 3203; x_wconf 72' lang='lat' dir='ltr'>ejusdem,</span> <span class='ocrx_word' id='word_1_147' title='bbox 798 3115 836 3175; x_wconf 90' lang='lat' dir='ltr'>et</span> <span class='ocrx_word' id='word_1_148' title='bbox 855 3116 983 3176; x_wconf 88' lang='lat' dir='ltr'>contra</span> <span class='ocrx_word' id='word_1_149' title='bbox 1002 3098 1146 3176; x_wconf 92' lang='lat' dir='ltr'>dictum</span> <span class='ocrx_word' id='word_1_150' title='bbox 1166 3099 1396 3178; x_wconf 87' lang='lat' dir='ltr'>Germanum</span> <span class='ocrx_word' id='word_1_151' title='bbox 1412 3097 1528 3175; x_wconf 91' lang='lat' dir='ltr'>nichil</span> <span class='ocrx_word' id='word_1_152' title='bbox 1548 3098 1740 3175; x_wconf 83' lang='lat' dir='ltr'>inventum</span> 
     </span>
     <span class='ocr_line' id='line_1_19' title="bbox 317 3224 1337 3335; baseline 0.006 -34"><span class='ocrx_word' id='word_1_153' title='bbox 317 3224 394 3302; x_wconf 80' lang='lat' dir='ltr'>liu‘t</span> <span class='ocrx_word' id='word_1_154' title='bbox 411 3226 628 3333; x_wconf 87' lang='lat' dir='ltr'>probatum,</span> <span class='ocrx_word' id='word_1_155' title='bbox 650 3243 689 3305; x_wconf 89' lang='lat' dir='ltr'>et</span> <span class='ocrx_word' id='word_1_156' title='bbox 707 3227 796 3305; x_wconf 90' lang='lat' dir='ltr'>ideo</span> <span class='ocrx_word' id='word_1_157' title='bbox 815 3226 889 3304; x_wconf 86' lang='lat' dir='ltr'>fuit</span> <span class='ocrx_word' id='word_1_158' title='bbox 907 3256 1021 3335; x_wconf 91' lang='lat' dir='ltr'>super</span> <span class='ocrx_word' id='word_1_159' title='bbox 1039 3231 1112 3307; x_wconf 90' lang='lat' dir='ltr'>boc</span> <span class='ocrx_word' id='word_1_160' title='bbox 1133 3228 1337 3314; x_wconf 88' lang='lat' dir='ltr'>absolutus.</span> 
     </span>
    </p>
   </div>
   <div class='ocr_carea' id='block_1_4' title="bbox 276 3493 1753 5175">
    <p class='ocr_par' dir='ltr' id='par_1_5' title="bbox 378 3493 1747 3603">
     <span class='ocr_line' id='line_1_20' title="bbox 378 3493 1747 3603; baseline 0.001 -34"><span class='ocrx_word' id='word_1_161' title='bbox 378 3493 503 3569; x_wconf 86' lang='lat' dir='ltr'>XXIX.</span> <span class='ocrx_word' id='word_1_162' title='bbox 534 3493 621 3574; x_wconf 86' lang='lat' dir='ltr'>Visa</span> <span class='ocrx_word' id='word_1_163' title='bbox 642 3494 933 3601; x_wconf 79' lang='lat' dir='ltr'>inquestalacta</span> <span class='ocrx_word' id='word_1_164' title='bbox 951 3512 1078 3570; x_wconf 87' lang='lat' dir='ltr'>contra</span> <span class='ocrx_word' id='word_1_165' title='bbox 1098 3494 1182 3571; x_wconf 93' lang='lat' dir='ltr'>illos</span> <span class='ocrx_word' id='word_1_166' title='bbox 1202 3496 1266 3603; x_wconf 86' lang='lat' dir='ltr'>qui</span> <span class='ocrx_word' id='word_1_167' title='bbox 1287 3494 1398 3571; x_wconf 87' lang='lat' dir='ltr'>blada</span> <span class='ocrx_word' id='word_1_168' title='bbox 1419 3510 1521 3600; x_wconf 87' lang='lat' dir='ltr'>capta</span> <span class='ocrx_word' id='word_1_169' title='bbox 1541 3522 1608 3571; x_wconf 91' lang='lat' dir='ltr'>seu</span> <span class='ocrx_word' id='word_1_170' title='bbox 1628 3522 1747 3570; x_wconf 86' lang='lat' dir='ltr'>arres-</span> 
     </span>
    </p>

    <p class='ocr_par' dir='ltr' id='par_1_6' title="bbox 276 3624 1747 3996">
     <span class='ocr_line' id='line_1_21' title="bbox 320 3624 1746 3733; baseline -0.001 -32"><span class='ocrx_word' id='word_1_171' title='bbox 320 3640 397 3701; x_wconf 89' lang='lat' dir='ltr'>tata</span> <span class='ocrx_word' id='word_1_172' title='bbox 421 3651 489 3729; x_wconf 90' lang='lat' dir='ltr'>per</span> <span class='ocrx_word' id='word_1_173' title='bbox 511 3624 667 3701; x_wconf 89' lang='lat' dir='ltr'>eosdem</span> <span class='ocrx_word' id='word_1_174' title='bbox 686 3625 726 3700; x_wconf 93' lang='lat' dir='ltr'>in</span> <span class='ocrx_word' id='word_1_175' title='bbox 752 3624 898 3702; x_wconf 87' lang='lat' dir='ltr'>ballivia</span> <span class='ocrx_word' id='word_1_176' title='bbox 918 3626 1127 3703; x_wconf 87' lang='lat' dir='ltr'>Senonensi</span> <span class='ocrx_word' id='word_1_177' title='bbox 1147 3654 1216 3732; x_wconf 95' lang='lat' dir='ltr'>pro</span> <span class='ocrx_word' id='word_1_178' title='bbox 1236 3624 1510 3733; x_wconf 84' lang='lat' dir='ltr'>garnisionibus</span> <span class='ocrx_word' id='word_1_179' title='bbox 1530 3624 1668 3701; x_wconf 87' lang='lat' dir='ltr'>nostris</span> <span class='ocrx_word' id='word_1_180' title='bbox 1689 3625 1746 3701; x_wconf 88' lang='lat' dir='ltr'>di-</span> 
     </span>
     <span class='ocr_line' id='line_1_22' title="bbox 276 3744 1747 3862; baseline 0 -31"><span class='ocrx_word' id='word_1_181' title='bbox 276 3744 284 3759; x_wconf 69' lang='grc'><strong>’</strong></span> <span class='ocrx_word' id='word_1_182' title='bbox 320 3772 470 3844; x_wconf 90' lang='lat' dir='ltr'>cuntur,</span> <span class='ocrx_word' id='word_1_183' title='bbox 487 3772 640 3861; x_wconf 88' lang='lat' dir='ltr'>propter</span> <span class='ocrx_word' id='word_1_184' title='bbox 660 3755 758 3833; x_wconf 86' lang='lat' dir='ltr'>dona</span> <span class='ocrx_word' id='word_1_185' title='bbox 772 3756 862 3833; x_wconf 91' lang='lat' dir='ltr'>inde</span> <span class='ocrx_word' id='word_1_186' title='bbox 882 3770 1046 3862; x_wconf 78' lang='lat' dir='ltr'>recepta,</span> <span class='ocrx_word' id='word_1_187' title='bbox 1063 3757 1180 3835; x_wconf 88' lang='lat' dir='ltr'>abeis</span> <span class='ocrx_word' id='word_1_188' title='bbox 1199 3756 1395 3845; x_wconf 79' lang='lat' dir='ltr'>relaxasse,</span> <span class='ocrx_word' id='word_1_189' title='bbox 1417 3785 1486 3862; x_wconf 91' lang='lat' dir='ltr'>pcr</span> <span class='ocrx_word' id='word_1_190' title='bbox 1504 3754 1646 3834; x_wconf 87' lang='lat' dir='ltr'>curiam</span> <span class='ocrx_word' id='word_1_191' title='bbox 1662 3784 1747 3832; x_wconf 89' lang='lat' dir='ltr'>nos-</span> 
     </span>
     <span class='ocr_line' id='line_1_23' title="bbox 321 3886 1331 3996; baseline 0.002 -33"><span class='ocrx_word' id='word_1_192' title='bbox 321 3904 419 3963; x_wconf 88' lang='lat' dir='ltr'>tram</span> <span class='ocrx_word' id='word_1_193' title='bbox 440 3887 480 3962; x_wconf 91' lang='lat' dir='ltr'>in</span> <span class='ocrx_word' id='word_1_194' title='bbox 501 3886 661 3963; x_wconf 90' lang='lat' dir='ltr'>modum</span> <span class='ocrx_word' id='word_1_195' title='bbox 681 3888 747 3994; x_wconf 90' lang='lat' dir='ltr'>qui</span> <span class='ocrx_word' id='word_1_196' title='bbox 767 3887 1077 3994; x_wconf 75' lang='lat' dir='ltr'>sequiturextitit</span> <span class='ocrx_word' id='word_1_197' title='bbox 1094 3888 1331 3996; x_wconf 85' lang='lat' dir='ltr'>judicatum:</span> 
     </span>
    </p>

    <p class='ocr_par' dir='ltr' id='par_1_7' title="bbox 323 4016 1750 4650">
     <span class='ocr_line' id='line_1_24' title="bbox 382 4016 1749 4126; baseline 0 -33"><span class='ocrx_word' id='word_1_198' title='bbox 382 4019 574 4111; x_wconf 87' lang='lat' dir='ltr'>Quantum</span> <span class='ocrx_word' id='word_1_199' title='bbox 594 4018 643 4093; x_wconf 87' lang='lat' dir='ltr'>ad</span> <span class='ocrx_word' id='word_1_200' title='bbox 668 4019 873 4126; x_wconf 83' lang='lat' dir='ltr'>Symonem</span> <span class='ocrx_word' id='word_1_201' title='bbox 892 4019 941 4095; x_wconf 90' lang='lat' dir='ltr'>de</span> <span class='ocrx_word' id='word_1_202' title='bbox 960 4018 1192 4107; x_wconf 89' lang='lat' dir='ltr'>Courceaus,</span> <span class='ocrx_word' id='word_1_203' title='bbox 1213 4036 1302 4096; x_wconf 89' lang='lat' dir='ltr'>tunc</span> <span class='ocrx_word' id='word_1_204' title='bbox 1320 4019 1553 4124; x_wconf 90' lang='lat' dir='ltr'>prepositum</span> <span class='ocrx_word' id='word_1_205' title='bbox 1576 4016 1749 4095; x_wconf 85' lang='lat' dir='ltr'>Meledu-</span> 
     </span>
     <span class='ocr_line' id='line_1_25' title="bbox 324 4147 1748 4258; baseline -0.001 -33"><span class='ocrx_word' id='word_1_206' title='bbox 324 4175 496 4237; x_wconf 89' lang='lat' dir='ltr'>nensem,</span> <span class='ocrx_word' id='word_1_207' title='bbox 521 4147 730 4228; x_wconf 83' lang='lat' dir='ltr'>Robertum</span> <span class='ocrx_word' id='word_1_208' title='bbox 750 4149 797 4226; x_wconf 92' lang='lat' dir='ltr'>de</span> <span class='ocrx_word' id='word_1_209' title='bbox 817 4150 994 4257; x_wconf 83' lang='lat' dir='ltr'>Buysiau,</span> <span class='ocrx_word' id='word_1_210' title='bbox 1022 4148 1105 4257; x_wconf 88' lang='lat' dir='ltr'>ejus</span> <span class='ocrx_word' id='word_1_211' title='bbox 1130 4150 1332 4239; x_wconf 90' lang='lat' dir='ltr'>sororium,</span> <span class='ocrx_word' id='word_1_212' title='bbox 1354 4148 1559 4258; x_wconf 85' lang='lat' dir='ltr'>burgenses</span> <span class='ocrx_word' id='word_1_213' title='bbox 1578 4148 1748 4225; x_wconf 89' lang='lat' dir='ltr'>Meledu-</span> 
     </span>
     <span class='ocr_line' id='line_1_26' title="bbox 323 4276 1750 4387; baseline -0.001 -31"><span class='ocrx_word' id='word_1_214' title='bbox 323 4307 475 4369; x_wconf 90' lang='lat' dir='ltr'>nenses,</span> <span class='ocrx_word' id='word_1_215' title='bbox 505 4296 544 4357; x_wconf 92' lang='lat' dir='ltr'>et</span> <span class='ocrx_word' id='word_1_216' title='bbox 569 4280 796 4369; x_wconf 85' lang='lat' dir='ltr'>lohannem,</span> <span class='ocrx_word' id='word_1_217' title='bbox 828 4280 999 4387; x_wconf 90' lang='lat' dir='ltr'>ejusdem</span> <span class='ocrx_word' id='word_1_218' title='bbox 1028 4276 1203 4387; x_wconf 86' lang='lat' dir='ltr'>Symonis</span> <span class='ocrx_word' id='word_1_219' title='bbox 1233 4280 1425 4367; x_wconf 89' lang='lat' dir='ltr'>clericum,</span> <span class='ocrx_word' id='word_1_220' title='bbox 1455 4280 1541 4386; x_wconf 87' lang='lat' dir='ltr'>&#39;quia</span> <span class='ocrx_word' id='word_1_221' title='bbox 1573 4306 1650 4355; x_wconf 92' lang='lat' dir='ltr'>non</span> <span class='ocrx_word' id='word_1_222' title='bbox 1678 4278 1750 4355; x_wconf 86' lang='lat' dir='ltr'>fuit</span> 
     </span>
     <span class='ocr_line' id='line_1_27' title="bbox 326 4408 1748 4518; baseline -0.001 -31"><span class='ocrx_word' id='word_1_223' title='bbox 326 4412 517 4489; x_wconf 79' lang='lat' dir='ltr'>inventum</span> <span class='ocrx_word' id='word_1_224' title='bbox 541 4411 582 4487; x_wconf 93' lang='lat' dir='ltr'>in</span> <span class='ocrx_word' id='word_1_225' title='bbox 606 4411 703 4489; x_wconf 88' lang='lat' dir='ltr'>dicta</span> <span class='ocrx_word' id='word_1_226' title='bbox 728 4412 898 4518; x_wconf 90' lang='lat' dir='ltr'>inquesta</span> <span class='ocrx_word' id='word_1_227' title='bbox 922 4412 1027 4518; x_wconf 93' lang='lat' dir='ltr'>quod</span> <span class='ocrx_word' id='word_1_228' title='bbox 1056 4411 1126 4516; x_wconf 90' lang='lat' dir='ltr'>ipsi</span> <span class='ocrx_word' id='word_1_229' title='bbox 1155 4411 1202 4487; x_wconf 91' lang='lat' dir='ltr'>ad</span> <span class='ocrx_word' id='word_1_230' title='bbox 1227 4411 1299 4487; x_wconf 93' lang='lat' dir='ltr'>hoc</span> <span class='ocrx_word' id='word_1_231' title='bbox 1324 4410 1464 4486; x_wconf 88' lang='lat' dir='ltr'>suerint</span> <span class='ocrx_word' id='word_1_232' title='bbox 1487 4408 1621 4495; x_wconf 87' lang='lat' dir='ltr'>vocati,</span> <span class='ocrx_word' id='word_1_233' title='bbox 1650 4408 1748 4485; x_wconf 91' lang='lat' dir='ltr'>dicta</span> 
     </span>
     <span class='ocr_line' id='line_1_28' title="bbox 327 4542 779 4650; baseline 0.009 -34"><span class='ocrx_word' id='word_1_234' title='bbox 327 4542 498 4650; x_wconf 84' lang='lat' dir='ltr'>inquesta</span> <span class='ocrx_word' id='word_1_235' title='bbox 509 4542 589 4621; x_wconf 86' lang='lat' dir='ltr'>¹suit</span> <span class='ocrx_word' id='word_1_236' title='bbox 606 4542 779 4621; x_wconf 89' lang='lat' dir='ltr'>anullata.</span> 
     </span>
    </p>

    <p class='ocr_par' dir='ltr' id='par_1_8' title="bbox 328 4671 1753 5175">
     <span class='ocr_line' id='line_1_29' title="bbox 383 4671 1751 4781; baseline -0.001 -31"><span class='ocrx_word' id='word_1_237' title='bbox 383 4675 577 4767; x_wconf 89' lang='lat' dir='ltr'>Quantum</span> <span class='ocrx_word' id='word_1_238' title='bbox 596 4674 645 4751; x_wconf 94' lang='lat' dir='ltr'>ad</span> <span class='ocrx_word' id='word_1_239' title='bbox 665 4674 892 4751; x_wconf 88' lang='lat' dir='ltr'>Richardum</span> <span class='ocrx_word' id='word_1_240' title='bbox 910 4672 1100 4781; x_wconf 80' lang='lat' dir='ltr'>Clralipot,</span> <span class='ocrx_word' id='word_1_241' title='bbox 1118 4672 1262 4749; x_wconf 90' lang='lat' dir='ltr'>dictum</span> <span class='ocrx_word' id='word_1_242' title='bbox 1277 4671 1597 4780; x_wconf 82' lang='lat' dir='ltr'>Cbiere-Laynne,</span> <span class='ocrx_word' id='word_1_243' title='bbox 1613 4673 1751 4749; x_wconf 88' lang='lat' dir='ltr'>lohan-</span> 
     </span>
     <span class='ocr_line' id='line_1_30' title="bbox 328 4801 1753 4895; baseline -0.001 -14"><span class='ocrx_word' id='word_1_244' title='bbox 328 4832 417 4881; x_wconf 89' lang='lat' dir='ltr'>nem</span> <span class='ocrx_word' id='word_1_245' title='bbox 436 4804 484 4883; x_wconf 88' lang='lat' dir='ltr'>de</span> <span class='ocrx_word' id='word_1_246' title='bbox 503 4804 818 4895; x_wconf 87' lang='lat' dir='ltr'>Fonte-Bliaudi,</span> <span class='ocrx_word' id='word_1_247' title='bbox 839 4806 1089 4882; x_wconf 88' lang='lat' dir='ltr'>Bertrandum</span> <span class='ocrx_word' id='word_1_248' title='bbox 1111 4804 1358 4891; x_wconf 85' lang='lat' dir='ltr'>Conversum,</span> <span class='ocrx_word' id='word_1_249' title='bbox 1381 4802 1525 4880; x_wconf 92' lang='lat' dir='ltr'>dictum</span> <span class='ocrx_word' id='word_1_250' title='bbox 1545 4801 1753 4882; x_wconf 84' lang='lat' dir='ltr'>Boule-Co-</span> 
     </span>
     <span class='ocr_line' id='line_1_31' title="bbox 328 4913 1750 5041; baseline 0 -30"><span class='ocrx_word' id='word_1_251' title='bbox 328 4934 438 5041; x_wconf 84' lang='lat' dir='ltr'>tigni,</span> <span class='ocrx_word' id='word_1_252' title='bbox 455 4913 666 5013; x_wconf 83' lang='lat' dir='ltr'>lohannem</span> <span class='ocrx_word' id='word_1_253' title='bbox 680 4937 841 5029; x_wconf 86' lang='lat' dir='ltr'>Picnrdi,</span> <span class='ocrx_word' id='word_1_254' title='bbox 857 4938 1068 5015; x_wconf 88' lang='lat' dir='ltr'>lobannem</span> <span class='ocrx_word' id='word_1_255' title='bbox 1086 4935 1321 5023; x_wconf 89' lang='lat' dir='ltr'>Geolarium,</span> <span class='ocrx_word' id='word_1_256' title='bbox 1338 4933 1527 5013; x_wconf 83' lang='lat' dir='ltr'>Andream</span> <span class='ocrx_word' id='word_1_257' title='bbox 1542 4933 1589 5013; x_wconf 88' lang='lat' dir='ltr'>de</span> <span class='ocrx_word' id='word_1_258' title='bbox 1602 4932 1750 5023; x_wconf 87' lang='lat' dir='ltr'>Ruello,</span> 
     </span>
     <span class='ocr_line' id='line_1_32' title="bbox 331 5065 1750 5175; baseline -0.001 -33"><span class='ocrx_word' id='word_1_259' title='bbox 331 5067 497 5145; x_wconf 90' lang='lat' dir='ltr'>lluetum</span> <span class='ocrx_word' id='word_1_260' title='bbox 516 5067 565 5144; x_wconf 92' lang='lat' dir='ltr'>de</span> <span class='ocrx_word' id='word_1_261' title='bbox 588 5067 807 5159; x_wconf 86' lang='lat' dir='ltr'>Palefredis,</span> <span class='ocrx_word' id='word_1_262' title='bbox 833 5070 954 5148; x_wconf 86' lang='lat' dir='ltr'>Adam</span> <span class='ocrx_word' id='word_1_263' title='bbox 975 5070 1023 5147; x_wconf 89' lang='lat' dir='ltr'>de</span> <span class='ocrx_word' id='word_1_264' title='bbox 1047 5068 1212 5158; x_wconf 76' lang='lat' dir='ltr'>blennis,</span> <span class='ocrx_word' id='word_1_265' title='bbox 1238 5071 1462 5175; x_wconf 82' lang='lat' dir='ltr'>lacquetum</span> <span class='ocrx_word' id='word_1_266' title='bbox 1481 5065 1750 5157; x_wconf 87' lang='lat' dir='ltr'>Blanc-Vilain‚</span> 
     </span>
    </p>
   </div>
   <div class='ocr_carea' id='block_1_5' title="bbox 416 5226 1634 5290">
    <p class='ocr_par' dir='ltr' id='par_1_9' title="bbox 416 5226 1634 5290">
     <span class='ocr_line' id='line_1_33' title="bbox 416 5226 1634 5290; baseline -0.001 -4"><span class='ocrx_word' id='word_1_267' title='bbox 416 5244 470 5288; x_wconf 79' lang='lat' dir='ltr'>nes</span> <span class='ocrx_word' id='word_1_268' title='bbox 489 5244 572 5289; x_wconf 77' lang='lat' dir='ltr'>ortu.</span> <span class='ocrx_word' id='word_1_269' title='bbox 594 5246 641 5290; x_wconf 89' lang='lat' dir='ltr'>m.</span> <span class='ocrx_word' id='word_1_270' title='bbox 1295 5260 1299 5269; x_wconf 87' lang='lat'><em>·</em></span> <span class='ocrx_word' id='word_1_271' title='bbox 1615 5226 1634 5285; x_wconf 80' lang='lat'><strong>3</strong></span> 
     </span>
    </p>
   </div>
   <div class='ocr_carea' id='block_1_6' title="bbox 0 0 2251 6209">
    <p class='ocr_par' dir='ltr' id='par_1_10' title="bbox 0 0 2251 6209">
     <span class='ocr_line' id='line_1_34' title="bbox 0 0 2251 6209; baseline 0 0"><span class='ocrx_word' id='word_1_272' title='bbox 0 0 2251 6209; x_wconf 95' lang='lat' dir='ltr'> </span> 
     </span>
    </p>
   </div>
  </div>
 </body>
</html>
