4450 6209
753 696 1022 805 ruoutrrs
1046 712 1111 787 rr
1138 693 1343 787 ruocns.
1687 715 1759 791 saa

218 911 221 913 v
341 855 551 933 dandarum
559 852 827 941 violenciamm
841 875 910 961 per
923 854 1229 931 homincslanue
1244 855 1401 962 ejusque
1416 856 1592 935 territorii
1606 884 1673 937 scu
1688 857 1762 935 dis·
1801 868 1930 925 Pinum
1945 872 1985 933 tv.

338 987 472 1065 trictus
483 984 664 1062 foemam
679 1002 719 1061 et
737 984 943 1070 illatarum,
960 983 1101 1061 sexcies
1109 984 1309 1091 requisiti,
1322 1002 1399 1065 tam
1414 1016 1482 1093 per
1500 988 1620 1096 ipsos¹
1637 1016 1761 1067 senn-
1861 963 1924 1005 Μ’

340 1118 477 1195 callum
485 1144 599 1223 quum
610 1144 679 1222 per
691 1115 783 1193 alios
795 1116 1079 1223 predecessores
1088 1116 1223 1222 ipsius,
1235 1132 1278 1195 ut
1287 1118 1401 1195 Petro
1416 1118 1464 1197 de
1474 1121 1760 1210 tumultuum

265 1284 270 1291 ·
339 1268 379 1326 et
388 1247 583 1327 Ber-nardo
596 1246 795 1355 Piquarlli,
808 1247 1449 1341 mercatoribusdlontia-Pcssulani,
1464 1250 1665 1329 emendam
1680 1279 1762 1331 con·

339 1383 492 1487 dignam
511 1379 593 1457 lieri
612 1379 779 1457 lacerent
795 1380 844 1459 de
864 1379 980 1457 rebus
998 1409 1066 1487 per
1082 1379 1275 1485 piraticam
1290 1382 1508 1487 pravitatem
1518 1383 1566 1464 iu
1587 1384 1679 1461 mari
1699 1384 1763 1461 ab·

340 1510 424 1588 latis
443 1512 588 1589 eisdem
607 1529 677 1617 per
693 1509 1045 1589 Perchevallumdo
1063 1510 1170 1599 Oria,
1191 1510 1626 1620 Anthoniumdllarconi,
1646 1515 1764 1593 Chier

339 1641 471 1721 Galeas
490 1658 530 1719 et
546 1641 673 1749 plures
693 1670 826 1720 corum
841 1640 1059 1746 complices,
1075 1641 1173 1719 cives
1190 1642 1413 1734 leonenses,
1435 1673 1503 1721 seu
1521 1646 1568 1721 de
1589 1644 1763 1726 districtu

338 1772 692 1862 transmutantes,
714 1772 983 1851 excedentibus
1001 1798 1189 1849 summam
1211 1772 1317 1849 mille
1337 1774 1639 1881 octingentorum
1649 1775 1763 1855 llere

340 1905 598 1995 norumauri,
618 1931 663 1981 ac
680 1904 733 1981 de
748 1902 1007 2008 dompnisper
1025 1904 1099 1979 lroc
1119 1902 1232 1979 illatis
1253 1902 1417 1995 eisdem,
1436 1904 1542 2009 quod
1561 1904 1686 1983 lacere
1704 1934 1762 1983 rc-

338 2036 465 2144 quieiti
480 2034 742 2141 sollempniter
760 2034 985 2123 uoluerunt»,
1001 2051 1117 2140 prout
1128 2033 1175 2111 de
1191 2034 1673 2142 promissisconstabntlpcr
1692 2066 1762 2141 pu-

337 2166 435 2245 blica
460 2167 733 2254 instrumenta
752 2164 884 2241 dicero
907 2164 1025 2241 ceiam
1051 2192 1090 2241 se
1119 2164 1160 2243 in
1184 2165 1370 2243 mandatis
1398 2166 1630 2271 mcopissea·
1651 2166 1761 2245 nobis

337 2299 443 2405 qnod
459 2298 509 2387 si,
523 2296 902 2403 mquisicionesoper
916 2296 990 2372 hcc
1007 2296 1151 2397 iterum
1168 2295 1241 2373 sihi
1260 2295 1373 2387 facta,
1388 2296 1538 2375 nollent
1550 2296 1761 2375 obedirent

337 2430 516 2534 promissa
535 2418 743 2534 complere,
763 2428 953 2504 marcham
977 2425 1087 2503 dictis
1108 2426 1358 2505 Janueirsibus
1376 2426 1561 2505 indiceret
1574 2445 1689 2532 prout
1705 2444 1761 2505 est

337 2578 564 2638 consuetum
580 2560 621 2635 in
647 2559 878 2667 personistet
894 2558 1006 2635 bonis
1030 2584 1183 2647 corum,
1204 2574 1242 2634 et
1262 2559 1367 2665 quod
1386 2559 1490 2637 idern
1514 2558 1757 2646 senescallus,

331 2692 602 2799 juxtadictum
624 2689 845 2767 mandatum
864 2706 1056 2777 nostrum,
1074 2688 1285 2795 requisivit,
1302 2706 1547 2795 potestatem,
1565 2688 1756 2779 abbatom,

337 2821 530 2913 anciaoos,
553 2819 740 2901 Occviri
759 2821 1042 2911 tarenos-ar
1058 2819 1153 2896 alios
1169 2848 1268 2925 quos
1287 2819 1594 2927 inderequirera
1605 2818 1761 2897 teneba-

334 2970 409 3043 tur,
432 2970 471 3031 ct
488 2953 594 3059 quod
618 2953 689 3059 ipsi
714 2951 884 3057 prodicta
905 2949 1026 3027 lacere
1050 2948 1275 3041 noluerunt,
1300 2950 1545 3057 solempniter
1565 2950 1757 3056 requisiti;

334 3112 453 3191 qrrare
475 3084 614 3161 dictam
633 3084 823 3160 marcham
843 3081 947 3159 idem
967 3080 1196 3159 senescallus
1215 3081 1598 3188 concessitprediotis.
1619 3109 1767 3181 morw

334 3216 482 3294 toribus
500 3216 549 3293 de
570 3212 941 3303 Monte-Pessulanc,
963 3211 1232 3289 contradictus
1250 3213 1456 3289 leonenses
1467 3212 1644 3290 Nemausi
1655 3240 1759 3289 corn-

335 3364 525 3424 mocantes
542 3362 585 3422 ct
599 3344 723 3423 socios
739 3342 983 3430 eorumdem,
1004 3358 1062 3433 ct,
1080 3344 1185 3448 juxta
1208 3340 1638 3445 convencionesinlritas
1660 3342 1759 3419 inter

335 3507 406 3556 nos
426 3495 464 3555 et
481 3476 662 3568 Ytaliccs,¹
683 3475 828 3552 eisdem
843 3472 1099 3551 danuonribus
1118 3489 1308 3550 eteorum
1329 3471 1439 3551 sociis
1457 3471 1625 3577 spacium
1644 3473 1759 3553 unius

334 3608 423 3686 anni
439 3626 482 3686 et
499 3605 744 3716 quadraginta
760 3606 908 3683 dierum
930 3604 1080 3693 indixit,
1100 3604 1150 3679 ab
1170 3601 1235 3679 illa
1251 3602 1313 3679 die
1329 3602 1642 3708 compntandum,
1665 3602 1758 3681 inira

335 3766 451 3846 quem
467 3736 679 3822 terminum
697 3733 823 3813 debita
837 3762 905 3811 suc
919 3748 1217 3839 recuperassent,
1234 3748 1277 3809 et
1292 3758 1469 3839 perennes
1482 3759 1571 3811 suas
1584 3760 1660 3811 una
1673 3760 1758 3812 etun

334 3898 470 3947 eorum
489 3867 664 3945 bonis-de
680 3864 898 3944 senescallia
917 3864 1083 3971 predicta
1101 3863 1360 3955 extraxissent,
1375 3878 1416 3941 cl
1428 3862 1541 3968 quod,
1555 3892 1600 3939 er
1617 3879 1707 3941 tunc
1720 3864 1759 3943 in

336 4018 446 4079 antee
464 4000 609 4077 eisdem
622 3998 823 4077 interdixit
838 4014 958 4075 totam
977 3994 1234 4074 senescalliam
1253 3994 1480 4074 Belli-Codri
1502 4011 1541 4071 ct
1565 3995 1757 4079 Nemauai,

336 4131 576 4209 decernendo
591 4129 697 4236 quod
717 4154 761 4205 ex
779 4145 870 4203 tnnc
889 4142 1199 4203 cuneretcontra
1211 4153 1275 4203 eos
1296 4124 1468 4203 defensio
1482 4141 1705 4213 memorata,
1721 4125 1759 4201 iu

336 4280 484 4340 tantum
491 4260 658 4368 quodsi
672 4238 789 4365 aliqui
802 4285 953 4345 eorum,
970 4256 1214 4361 postdictum
1224 4256 1436 4349 ¹terminum
1446 4254 1543 4333 infra
1557 4254 1693 4331 dictam
1708 4281 1761 4331 se

337 4393 553 4472 nesoelliam
562 4391 833 4481 invenirentur,
847 4404 1120 4467 arrestarcntur
1135 4387 1174 4463 in
1189 4387 1359 4492 personis
1373 4387 1466 4467 etin
1481 4386 1608 4473 bonis,
1622 4401 1660 4461 et
1671 4402 1760 4459 tanr-
1813 4486 1819 4491 ι

336 4526 405 4602 diu
418 4524 688 4601 detinerentur
700 4548 901 4629 quousque
919 4518 1035 4631 ⁴(lictis
1048 4517 1305 4623 burgensibus
1314 4512 1692 4603 Montis-Pessulcni,
1712 4514 1760 4591 de

336 4656 517 4763 predictis
532 4653 648 4731 rebus
663 4652 814 4741 ablatis,
836 4679 912 4729 una
932 4679 1019 4727 cum
1039 4648 1272 4756 dampniset
1292 4648 1474 4768 interresse
1493 4674 1642 4752 cprum,
1666 4664 1762 4724 esset

338 4786 505 4893 plenarie
521 4782 769 4875 satisfactum
791 4782 929 4890 quibus
951 4778 1092 4858 auditis
1117 4778 1277 4885 predicti
1294 4780 1499 4857 lundenses
1507 4775 1661 4873 „ibidem
1679 4804 1764 4882 pre·

337 4932 463 4994 sentes
487 4916 663 5001 dixerunt
686 4913 791 5021 quod
811 4913 950 4991 dietam
978 4908 1169 4988 marchum
1196 4908 1427 5015 recipiebant
1447 4907 1697 5015 quantumin
1721 4934 1761 4985 se

332 5105 334 5110 ·
383 5082 391 5111 ¹
415 5082 496 5143 raa
511 5083 612 5164 epum,
