4450 6209
523 724 598 797 318
1109 724 1197 799 LES
1226 724 1367 797 OLlM.

294 862 424 927 rmum
437 872 479 935 W·
521 892 637 972 super
645 864 745 943 dieta
753 864 1023 973 appeiiacimis
1035 892 1162 953 eausa,
1172 866 1214 941 in
1226 864 1478 951 aurinum,
1489 862 1588 943 inter
1599 862 1717 943 dietas
1730 883 1857 972 partos
1866 869 1946 951 bre-

355 966 418 1007 rm.
519 997 570 1074 rit
588 996 798 1104 litigatum,
823 1012 863 1075 et
883 995 975 1078 eerti
994 995 1143 1075 araimfi
1166 996 1206 1074 in
1230 996 1327 1075 diota
1346 1022 1455 1073 rausa
1474 994 1739 1101 appellacionis
1760 996 1848 1078 faeti
1867 1000 1946 1083 fue-

519 1146 622 1217 runt,
641 1144 695 1216 et,
712 1128 760 1207 ad
774 1126 1047 1234 inquirendum
1060 1156 1175 1235 snper
1189 1128 1260 1216 eis,
1273 1126 1466 1205 auditores
1482 1126 1573 1203 oerti
1588 1124 1742 1207 bierunt
1751 1128 1944 1237 deputati:

519 1260 605 1337 Viaa
623 1260 797 1367 inqueato
815 1286 929 1365 super
944 1259 1019 1335 hoo
1037 1258 1086 1337 de
1101 1258 1278 1335 mandato
1293 1274 1423 1337 nestro
1439 1254 1553 1346 iarn,
1568 1258 1656 1363 quie
1675 1259 1872 1341 inventurn
1891 1282 1945 1343 eat

517 1406 633 1468 testes
652 1418 770 1495 super
782 1389 894 1467 dietis
910 1388 1076 1467 artiordia
1089 1390 1295 1496 productos
1311 1388 1437 1467 minus
1454 1385 1682 1497 sufficienter
1696 1388 1943 1499 interrogatos

518 1538 557 1597 et
582 1520 812 1598 examinatos
830 1519 964 1607 trisne,
990 1549 1059 1626 per
1082 1538 1249 1599 nostram
1276 1520 1420 1597 curiam
1445 1519 1588 1599 dicttuu
1612 1516 1686 1597 suit
1708 1522 1813 1627 quod
1840 1550 1943 1603 oom-

518 1651 691 1729 mittetur
712 1653 823 1732 eertis
844 1651 1081 1731 auditoribus
1105 1668 1150 1729 ut
1171 1652 1259 1759 ipsi,
1283 1678 1398 1757 super
1419 1650 1530 1727 ceros
1553 1651 1853 1757 interrogatoris
1874 1655 1943 1736 sub

518 1783 799 1892 eontra-sigillo
822 1800 954 1861 nostro
977 1783 1033 1865 eis
1053 1782 1263 1874 tradendis,
1290 1781 1424 1861 iterato
1444 1798 1560 1861 teates
1585 1782 1626 1862 in
1647 1782 1745 1861 diota
1768 1784 1942 1891 inqusrte

518 1913 724 2017 productos
749 1914 978 2002 examinent,
1003 1930 1041 1990 et
1064 1914 1279 2021 inqueetam
1300 1912 1521 2020 predictum,
1546 1912 1598 1991 aie
1625 1914 1871 2020 completam,
1897 1917 1942 1993 ed

519 2044 662 2120 curiam
677 2042 923 2151 judicandam
937 2044 1142 2123 remittant.

574 2174 700 2251 Monoi
714 2175 927 2282 reportavit.

573 2306 684 2381 Facu
704 2322 761 2383 esa
775 2306 991 2383 commissio
1011 2306 1060 2383 Μ.
1079 2307 1112 2383 J.
1135 2306 1183 2383 de
1204 2307 1316 2413 Roya.

572 2566 697 2646 LXIV.
727 2567 905 2674 loquesta
919 2567 1014 2645 faeta
1030 2594 1144 2672 super
1157 2567 1276 2645 forma
1294 2583 1334 2645 et
1351 2565 1469 2645 modo
1484 2566 1664 2645 eroamhii
1679 2568 1788 2647 matri
1808 2568 1859 2647 de
1875 2570 1940 2647 Pre-

515 2697 631 2785 vello,
651 2726 737 2775 num
750 2698 922 2777 Chatallo
937 2700 986 2775 de
998 2697 1151 2775 Revello
1168 2715 1206 2777 et
1223 2698 1304 2805 ejus
1321 2724 1454 2786 uxore,
1470 2712 1529 2773 ert
1541 2724 1610 2803 per
1621 2698 1762 2777 ruriam
1774 2714 1939 2779 nostram

516 2827 696 2919 anullntn,
716 2845 801 2904 tum
818 2830 908 2936 quia
927 2846 1147 2933 procurator
1170 2846 1299 2917 noster
1318 2826 1377 2905 sei
1398 2826 1534 2934 aliquis
1552 2854 1623 2935 pro
1642 2827 1753 2907 nobie
1772 2856 1853 2909 non
1872 2828 1939 2907 fuit

517 2958 557 3033 in
582 2984 627 3033 ea
653 2974 819 3048 voeatus,
846 2976 931 3035 tum
954 2958 1044 3065 quia
1068 2959 1168 3036 dicta
1190 2960 1362 3066 inquesta
1388 2955 1462 3035 fuit
1486 2958 1685 3039 mantem
1707 2958 1846 3039 ballivo
1873 2960 1938 3039 dr

514 3087 643 3166 vernie
664 3088 848 3178 iacienda,
866 3088 1045 3195 eligendo
1062 3089 1288 3167 industriam
1307 3100 1466 3195 persone
1488 3117 1573 3179 suo,
1592 3107 1635 3167 et
1652 3091 1733 3197 ipse
1751 3091 1939 3171 commisit

515 3217 743 3323 quibusdam
758 3218 842 3298 aliie
857 3220 1028 3327 personis
1048 3220 1187 3299 dictem
1207 3221 1416 3327 inquantum
1436 3218 1656 3299 feriendam.

571 3348 747 3426 Boeelius
764 3350 977 3457 reportavit.

571 3610 679 3689 LXV.
709 3611 827 3698 Com,
843 3627 1003 3718 exparte
1013 3611 1161 3690 oomitis
1171 3611 1490 3693 Autisiodorensis
1504 3631 1542 3692 et
1550 3614 1868 3701 Tornodonensis,
1878 3643 1936 3695 no

515 3738 574 3816 bis
593 3737 723 3816 finisset
746 3740 956 3846 expositum
975 3743 1099 3849 qnod,
1118 3772 1209 3821 oum
1228 3744 1341 3851 garda
1361 3744 1545 3823 abbatisse
1568 3763 1606 3823 et
1628 3760 1833 3824 contentus
1858 3774 1935 3824 mo

516 3868 667 3944 nestorii
680 3870 727 3949 de
743 3870 1020 3950 Rubeo-Monte
1034 3874 1239 3980 adipsum,
1256 3889 1299 3953 ut
1316 3874 1484 3965 dicebat,
1503 3894 1540 3955 et
1551 3876 1834 3983 predeoeseoros
1851 3902 1935 3955 suos

515 3999 702 4104 pertineat
717 4019 756 4078 et
771 4003 999 4107 pertinuerit
1017 4033 1038 4080 a
1054 4020 1227 4112 tempore
1240 4005 1349 4113 eujus
1362 4006 1540 4084 eontrarii
1557 4005 1742 4085 memoria
1753 4034 1832 4083 non
1850 4009 1934 4085 exie

514 4131 579 4218 tit,
600 4131 749 4209 racione
771 4134 970 4212 comitatus
988 4137 1049 4212 sui
1074 4137 1394 4229 tornodorensis,
1418 4138 1573 4243 ipsaque
1594 4154 1632 4215 et
1655 4138 1933 4243 predecessores

514 4262 572 4337 sui
592 4262 667 4339 sint
687 4281 726 4340 et
742 4293 764 4340 a
780 4264 883 4342 dieto
899 4282 1070 4373 tempore
1086 4266 1229 4345 fuemnt
1244 4269 1285 4357 in
1302 4268 1437 4347 saisina
1449 4269 1564 4375 gards
1578 4269 1765 4375 predicto,
1785 4286 1822 4347 et
1835 4268 1931 4349 dicte

513 4391 687 4500 religiose
707 4393 746 4471 in
764 4395 1014 4502 prejudicium
1036 4396 1126 4475 dicti
1147 4397 1312 4487 comitis,
1334 4426 1373 4475 se
1390 4398 1629 4477 advooveriot
1641 4398 1809 4479 indebite
1830 4418 1867 4479 et
1886 4401 1930 4477 de

514 4550 610 4599 novo
629 4552 709 4601 esse
731 4526 779 4602 de
797 4543 925 4603 nostra
943 4528 1070 4636 gardia
1089 4527 1257 4634 speciali,
1284 4529 1528 4636 impediendo
1548 4558 1615 4635 per
1636 4532 1709 4608 hoc
1729 4530 1853 4635 ipsum
1873 4558 1931 4607 co-

513 4653 661 4741 mitem,
684 4673 722 4732 et
739 4655 911 4735 faciendo
930 4686 999 4765 per
1014 4674 1145 4767 gentes
1164 4676 1308 4738 noerae
1328 4688 1443 4767 super
1460 4661 1594 4739 saisina
1613 4689 1680 4739 sun
1699 4661 1796 4739 dicte
1819 4661 1928 4769 garde

514 4779 775 4889 multipliciter
794 4788 987 4894 impediri,
1012 4806 1068 4876 et,
1098 4788 1148 4865 nd
1169 4789 1389 4868 instanciam
1405 4791 1504 4867 dicti
1533 4791 1682 4869 comitis
1706 4791 1927 4897 requirentia

513 4911 657 4989 dictum
675 4914 993 5020 impedimentum
1007 4920 1189 5012 amoveri,
1210 4922 1513 5001 mandaverimus
1530 4950 1644 5030 super
1662 4922 1762 5003 dicto
1778 4923 1923 5009 ratum,

512 5042 650 5117 uocatis
665 5048 878 5137 evomndis‚
900 5050 1093 5127 veritatem
1113 5052 1271 5155 inquiri:
1292 5054 1475 5144 Tandem,
1494 5052 1680 5159 inquestu,
1697 5070 1824 5131 meato
1845 5079 1925 5156 pro·
