4450 6209
742 678 1011 786 auonsras
1038 696 1103 770 nr
1130 675 1340 769 Procas.
1686 699 1756 771 175

324 857 385 916 tra
402 838 608 919 Renerium
624 838 672 915 de
687 837 911 928 Grimaldis,
929 838 1108 930 militem,
1126 837 1353 916 amiraldum
1369 854 1558 929 nostrum,
1574 856 1688 945 prout
1703 870 1760 917 ra·
1799 846 1929 900 aarum
1942 845 1985 910 IV.

326 972 384 1049 cio
403 969 590 1048 suadebit.
1860 939 1923 982 lm

382 1100 560 1181 Mercurii
580 1118 667 1208 post
685 1102 921 1180 Trinitatem.
1018 1155 1024 1164 ι

339 1316 341 1321 ,
382 1232 429 1312 G.
460 1233 627 1312 Obertus
651 1233 869 1339 reportavit,
900 1235 1029 1312 dicens
1053 1230 1160 1338 quod
1187 1233 1333 1312 domini
1361 1231 1407 1312 G.
1437 1234 1484 1312 de
1511 1236 1696 1342 Nogareto
1722 1253 1759 1315 et

327 1367 373 1442 H.
395 1365 443 1442 de
463 1364 581 1444 Cellis
599 1364 742 1443 babent
759 1382 904 1472 partem
925 1364 973 1442 de
994 1365 1066 1442 isto
1085 1393 1274 1470 processu.

382 1628 542 1706 XXXIV.
573 1626 671 1707 Cum
707 1627 839 1708 datum
866 1627 1000 1706 fuisset
1031 1627 1145 1708 nobis
1170 1627 1331 1735 intelligi
1359 1630 1464 1735 quod
1489 1628 1684 1709 Rolandus
1711 1631 1759 1707 de

326 1762 588 1849 Tremerront,
602 1759 737 1849 miles,
761 1760 842 1867 ejus
860 1758 985 1849 frater,
1014 1777 1053 1837 et
1075 1760 1279 1866 complices
1299 1788 1453 1852 eorum,
1474 1759 1659 1849 Aufredo,
1683 1791 1761 1838 ser-

326 1891 441 1971 vienti
466 1906 613 1979 nostro,
638 1890 705 1996 qui
730 1892 779 1968 ad
804 1891 889 1999 ejus
917 1890 1130 1970 manerium
1158 1892 1275 1971 iverat
1301 1907 1468 1996 exparte
1488 1891 1615 1970 ballivi
1636 1895 1760 1971 Turo-

327 2021 454 2101 nensis
484 2050 571 2103 curn
595 2019 748 2109 litteris,
774 2021 998 2106 mandatum
1022 2023 1096 2105 sibi
1119 2023 1336 2131 injunctum
1362 2022 1660 2114 continentibus,
1689 2054 1760 2131 pro

328 2152 550 2237 execucione
576 2153 770 2261 eujusdam
796 2154 1061 2260 ajornamenti,
1089 2155 1138 2232 ad
1163 2155 1383 2234 instanciam
1409 2155 1545 2261 prioris
1565 2155 1613 2232 de
1634 2156 1762 2235 Lebu-

328 2285 409 2373 nin,
431 2302 600 2390 exparte
619 2301 763 2375 nostra,
786 2285 857 2368 sibi
873 2284 1053 2378 faciendi,
1070 2302 1188 2393 prout
1202 2287 1325 2365 dictus
1337 2261 1505 2368 ballivus
1524 2316 1545 2363 a
1565 2284 1677 2382 nobis
1693 2287 1759 2364 ha-

327 2414 462 2494 buerat
485 2417 525 2497 in
549 2416 759 2504 mandatis,
779 2443 930 2498 necnon
954 2416 1126 2496 Guerino
1151 2418 1345 2524 Heymon,
1371 2435 1408 2495 et
1427 2415 1655 2523 quibusdam
1677 2417 1759 2495 aliis

327 2577 414 2630 cum
439 2549 541 2630 dicto
564 2549 751 2632 serviente
777 2549 1041 2640 existentibus,
1062 2547 1306 2654 quamplures
1326 2548 1480 2656 injurias
1500 2567 1539 2627 et
1556 2549 1759 2628 violencias

327 2679 552 2772 intulerant,
571 2707 693 2788 equos
712 2697 752 2762 et
768 2680 951 2786 quosdam
970 2679 1060 2761 alias
1080 2707 1213 2760 eorum
1233 2709 1293 2759 res
1313 2681 1367 2759 eis
1386 2676 1637 2772 abstulerant,
1658 2681 1758 2759 mul-

327 2829 440 2917 taque
466 2810 579 2925 verbq
605 2812 882 2894 contumeliosa
905 2811 954 2891 de
979 2811 1090 2892 nobis
1114 2813 1299 2900 dixerant,
1323 2829 1362 2889 et
1380 2809 1524 2890 dictum
1545 2813 1756 2891 manerium

327 2942 627 3032 intumuerant,
657 2959 695 3023 ot
717 2943 886 3029 clartsum
911 2959 1116 3024 tenuerant
1140 2959 1270 3022 contra
1293 2959 1425 3051 gentes
1450 2960 1616 3034 nostras,
1642 2942 1756 3022 verbo

329 3091 370 3153 et
387 3075 483 3155 facto
494 3076 716 3158 resistendo
736 3076 898 3166 eisdem,
919 3075 1060 3155 vocatis
1078 3075 1264 3181 partibus,
1285 3105 1399 3183 super
1417 3076 1492 3154 hoc
1509 3075 1647 3182 inquiri
1668 3075 1757 3153 feci-

328 3239 414 3288 mus
433 3209 657 3296 veritatem:
678 3207 829 3287 Auditis
846 3208 963 3314 igitur
990 3207 1079 3286 dicti
1105 3207 1268 3288 Rolandi
1292 3207 1521 3297 racionibus,
1547 3225 1585 3287 et
1604 3209 1682 3288 visa
1703 3210 1759 3286 in-

329 3356 460 3448 questa
481 3339 669 3448 predicta,
694 3368 763 3446 per
782 3339 971 3446 judicium
995 3355 1125 3422 nostre
1147 3339 1271 3430 curie,
1297 3338 1442 3418 dictum
1464 3337 1539 3415 luit
1558 3338 1662 3445 quod
1681 3337 1759 3420 for-

327 3471 495 3552 talicium
517 3471 607 3550 dicti
625 3472 785 3553 manerii
804 3471 971 3554 totaliter
990 3470 1092 3554 dirui
1111 3468 1310 3562 faciemus,
1333 3486 1371 3546 et
1391 3470 1564 3576 ejusdem
1583 3469 1757 3548 fortalicii

328 3620 476 3709 portam
503 3602 625 3710 frangi
650 3621 689 3682 et
717 3603 878 3692 destrui,
905 3603 1014 3685 salvis
1038 3600 1325 3686 remanentibus
1353 3601 1530 3683 domibus
1557 3601 1653 3680 circa
1681 3602 1758 3682 dio-

331 3752 409 3812 tum
427 3733 655 3812 fortalicium
675 3734 941 3827 existentibus,
959 3751 996 3813 et
1009 3735 1133 3817 dictus
1147 3733 1341 3815 Rolandus
1355 3733 1394 3814 in
1410 3733 1612 3814 Castelleto
1628 3750 1759 3812 nostro

328 3867 527 3944 Parisiensi
546 3865 741 3944 tenebitur
760 3894 958 3972 quousque
979 3865 1070 3966 dicti
1090 3864 1205 3946 frater
1224 3882 1262 3944 et
1281 3865 1500 3970 complices,
1520 3863 1698 3954 Parisius,
1717 3865 1757 3942 in

330 3999 531 4076 Castelleto
558 3997 701 4076 luerint
725 3997 896 4088 adducti,
927 3999 1084 4106 ejusque
1110 4015 1189 4076 tota
1215 4014 1314 4075 terra
1338 3997 1386 4076 ad
1411 4025 1567 4074 manum
1592 4015 1757 4076 nostram

329 4129 541 4211 remanebit
553 4158 755 4235 quousque
773 4128 896 4206 dictus
913 4129 1106 4206 Rolandus
1125 4129 1303 4235 proinde,
1324 4146 1402 4205 tam
1422 4126 1534 4207 nobis
1553 4156 1666 4234 quam
1687 4129 1760 4206 dic

329 4259 378 4339 tis
396 4260 574 4367 injuriam
595 4260 729 4367 passis,
750 4261 960 4343 secundum
980 4260 1179 4361 arbitrium
1198 4277 1386 4352 nostrum,
1409 4258 1608 4338 emendam
1628 4261 1760 4364 presti-
1885 4307 1893 4316 -

329 4391 417 4473 terit
443 4408 741 4498 competentem,
762 4421 805 4470 ac
828 4391 973 4470 eisdem
995 4391 1209 4472 reddiderit
1233 4419 1350 4497 equos
1372 4408 1410 4468 et
1433 4391 1524 4468 alias
1546 4417 1608 4466 res
1625 4417 1759 4467 eorum

330 4523 401 4603 sibi
410 4585 427 4613 „
437 4539 487 4603 ut.
499 4524 815 4630 premissumest,
837 4523 993 4611 ablatas,
1011 4539 1051 4600 et
1070 4524 1119 4600 de
1137 4522 1320 4604 lructibus
1336 4521 1435 4598 dicte
1455 4538 1554 4600 terre
1570 4520 1671 4598 dicto
1687 4522 1761 4598 no-

330 4654 445 4735 lendo
468 4655 508 4731 in
528 4656 694 4762 prisione
717 4672 845 4734 nostra
863 4655 1181 4736 ministrabuntur
1207 4683 1386 4761 expense,
1408 4670 1448 4730 et
1466 4653 1514 4731 de
1535 4652 1588 4730 eis
1607 4652 1758 4730 interim

330 4787 399 4873 {iat
414 4785 606 4870 sufficiens
624 4787 789 4893 provisio
809 4787 891 4894 ejus
910 4789 1018 4867 uxori
1038 4804 1077 4866 et
1094 4786 1226 4874 liboris
1245 4815 1313 4891 pro
1335 4785 1505 4893 expensis
1525 4813 1671 4865 eorum.

386 4918 565 4998 Mercurii
581 4933 668 5022 post
681 4918 917 4999 Trinitatem.
