4450 6209
731 725 1001 835 uuoutras
1027 745 1090 818 ur
1119 731 1324 822 ruccas.
1669 747 1741 821 stt

319 885 358 961 in
372 884 560 977 custodia,
579 903 657 963 erat
671 888 834 965 seruiens
847 905 885 964 et
900 889 1071 966 minister
1088 887 1178 966 dicti
1194 871 1405 998 Reginaldi,
1422 909 1457 966 et
1476 891 1595 968 dictos
1610 915 1745 996 porcos
1785 900 1914 956 rurensis
1926 905 1970 972 tv,

314 1019 357 1116 in
389 1017 564 1126 pasnagio
597 1019 687 1095 dicti
715 1019 910 1126 Reginaldi
937 1021 1188 1110 custodiebat,
1219 1041 1257 1100 et
1280 1022 1401 1128 quod,
1423 1051 1467 1098 ex
1497 1023 1586 1100 odio
1614 1040 1654 1099 et
1675 1050 1744 1127 per
1845 995 1909 1038 '³¹⁰'

318 1149 523 1238 maliciam,
547 1149 644 1226 dicta
666 1179 773 1229 causa
794 1169 895 1229 mota
915 1150 1036 1229 brerat
1054 1170 1182 1230 contra
1203 1155 1349 1260 ipsum,
1370 1155 1519 1232 attentis
1546 1155 1747 1264 diligenter

319 1282 498 1359 omnibus
522 1282 760 1388 supradictis,
784 1285 883 1360 curia
907 1302 1033 1361 nostra
1051 1284 1220 1361 totaliter
1244 1313 1418 1362 revocans
1441 1305 1479 1362 et
1498 1285 1667 1364 anullans
1687 1287 1750 1393 ju-

320 1414 485 1490 dicatum
499 1414 713 1520 predictum
726 1415 855 1492 contra
871 1415 1014 1492 dietum
1027 1416 1278 1524 Reginaldum
1295 1415 1433 1494 lactum
1448 1437 1487 1494 et
1501 1418 1681 1525 quicquid
1694 1446 1751 1494 se·

319 1565 450 1623 cutum
477 1564 534 1624 est
558 1575 601 1622 er
628 1547 779 1636 eodem,
801 1547 1016 1654 predictum
1041 1548 1292 1656 Reginaldum
1316 1549 1534 1658 apredictis
1553 1550 1748 1636 omnibus,

318 1706 387 1783 pro
404 1679 542 1785 quibus
557 1679 679 1755 suerat
692 1678 1009 1784 condempnatus,
1026 1680 1303 1757 sentencialiter
1315 1681 1490 1772 absolvit,
1506 1699 1545 1759 et
1556 1684 1724 1789 precedit
1738 1677 1748 1723 ¹

318 1811 422 1916 quod
444 1809 569 1888 omnia
589 1809 688 1888 bona
705 1839 770 1887 sua
789 1810 944 1887 mobilia
959 1829 998 1886 et
1014 1809 1241 1902 immobilia,
1260 1813 1407 1891 racione
1428 1815 1518 1892 dicti
1538 1815 1674 1921 prioris
1688 1818 1750 1924 ju-

318 1941 431 2018 dicati
445 1943 497 2018 sic
512 1940 682 2030 anullati,
699 1957 801 2046 capta
815 1968 883 2048 per
896 1969 1197 2049 quentcumque,
1215 1944 1423 2022 reddantur
1437 1963 1477 2022 et
1490 1945 1749 2026 deliberentur

318 2074 462 2163 eidem,
483 2073 622 2178 absque
638 2071 856 2148 difficultate
874 2101 1130 2179 quacumque,
1149 2074 1251 2151 etde
1269 2073 1455 2153 fructibus
1470 2095 1509 2154 et
1524 2077 1685 2155 exitibus
1704 2109 1749 2156 er

318 2206 429 2282 dictis
443 2205 570 2293 bonis,
586 2204 712 2282 medio
727 2223 898 2310 tempore
914 2206 1117 2311 perceptis,
1136 2204 1202 2282 fiet
1218 2208 1359 2297 eidem,
1376 2209 1408 2285 si
1421 2209 1593 2314 pecierit,
1610 2212 1748 2290 vocatis

318 2338 384 2443 qui
404 2335 545 2413 fuerint
562 2336 758 2424 evocandi,
774 2336 925 2444 justicie
946 2335 1291 2442 complementum.'

376 2470 482 2545 Lune
501 2485 585 2574 post
601 2466 946 2546 Annunciacionem
963 2468 1207 2546 dominicam.

375 2600 607 2677 Gorteheuse
623 2600 834 2706 reportavit.

376 2867 482 2941 XLll.
516 2865 597 2942 Lite
614 2883 732 2958 mota,
750 2893 874 2942 coram
890 2866 1082 2972 preposito
1101 2866 1314 2958 Parisiensi,
1331 2867 1431 2943 inter
1442 2867 1660 2977 magistrum
1674 2867 1748 2946 An·
1818 2937 1827 2944 .

318 2996 449 3072 dream
467 2997 678 3085 Pocberon,
696 3025 740 3074 ex
755 3025 829 3073 una
844 3013 948 3103 parte
960 3056 968 3084 ,
982 3014 1018 3073 et
1032 2996 1281 3075 Guillelmum
1298 2998 1345 3075 de
1362 3000 1491 3106 Bussy,
1505 3000 1745 3106 armigerum,

319 3156 363 3203 ex
388 3128 517 3218 altera,
548 3157 730 3234 supereo
757 3128 861 3234 quod
888 3129 1010 3205 dictus
1039 3129 1217 3237 magister
1241 3129 1408 3208 Andreas
1428 3129 1578 3207 dicebat
1603 3160 1642 3208 se
1668 3161 1748 3208 esse

319 3259 526 3353 turbatum,
543 3287 610 3368 per
632 3261 773 3336 dictum
792 3258 1056 3348 Guillelmum,
1072 3262 1108 3336 in
1130 3261 1264 3336 saisina
1284 3262 1324 3335 in
1342 3291 1418 3368 qua
1437 3263 1515 3368 ipse
1533 3279 1612 3338 erat
1627 3264 1749 3368 perci-

318 3391 448 3498 piendi
469 3409 506 3468 et
522 3392 686 3480 levandi,
703 3421 772 3500 per
786 3421 941 3467 manum
958 3419 1083 3480 suam,
1101 3392 1289 3481 redditus,
1308 3421 1457 3484 census,
1473 3411 1593 3498 prata,
1608 3394 1746 3482 vineas,

318 3553 530 3630 pressuram
543 3525 735 3631 pressorii,
755 3540 890 3613 terras,
912 3523 1154 3629 piscaturam,
1169 3515 1342 3630 portum,
1361 3524 1549 3632 justiciam
1566 3543 1605 3601 et
1622 3525 1749 3630 plures

320 3654 408 3730 alias
435 3684 494 3732 res
518 3683 640 3761 usque
666 3655 713 3731 ad
745 3682 931 3731 summam
961 3655 1093 3730 decem
1126 3653 1307 3731 librarum
1336 3655 1600 3732 Parisiensium
1634 3657 1749 3733 annui

320 3786 508 3877 redditus,
531 3813 629 3864 anno
644 3785 829 3892 quolibet,
847 3813 961 3891 super
974 3802 1050 3862 tota
1069 3785 1280 3862 hereditate
1297 3804 1334 3863 et
1349 3815 1464 3893 super
1477 3787 1655 3864 omnibus
1668 3816 1749 3893 pos

321 3919 549 3996 sessionibus
573 3949 664 4024 quas
684 3920 816 3995 Petrus
838 3918 885 3995 de
906 3915 1076 4008 Bobiers,
1097 3918 1269 4026 armiger,
1293 3937 1332 3995 et
1351 3921 1433 4027 ejus
1457 3946 1552 3996 uxor
1569 3920 1750 3996 tenebant

322 4068 360 4130 et
379 4049 636 4156 possidebant,
654 4050 692 4124 in
708 4049 793 4125 villa
816 4049 862 4125 de
884 4052 956 4157 Bry
979 4077 1093 4155 super
1107 4052 1302 4126 Baternam
1326 4069 1363 4128 et
1382 4051 1464 4158 ejus
1487 4051 1746 4155 pertinenciis,

321 4200 490 4289 tempore
516 4209 592 4288 quo
622 4181 709 4256 dicti
737 4179 914 4296 conjuges
941 4181 1120 4285 premissa
1144 4181 1396 4258 vendiderunt
1419 4183 1595 4289 magistro
1621 4211 1749 4287 supra-

322 4316 440 4403 dicto,
457 4341 572 4419 quare
586 4311 737 4419 petebat
748 4311 868 4387 dictus
884 4312 1057 4417 magister
1072 4310 1240 4387 Andreas
1253 4311 1394 4387 dictum
1406 4311 1652 4390 Guillelmum
1666 4341 1750 4389 con-

324 4446 518 4552 dempnari
535 4445 581 4521 ad
597 4443 853 4521 desistendum
870 4443 915 4518 ab
933 4442 1205 4547 impedimento
1223 4442 1409 4547 predicto,
1428 4443 1529 4519 dicto
1543 4440 1748 4520 Guillelmo

323 4578 360 4654 in
386 4577 612 4654 contrarium
632 4576 757 4682 plures
786 4575 968 4661 raciones,
993 4589 1068 4648 tam
1091 4573 1188 4680 juris
1213 4601 1326 4678 quam
1346 4571 1451 4667 sacti,
1474 4573 1599 4650 adsui
1620 4571 1750 4650 defen·

324 4709 483 4796 sionem,
503 4724 757 4814 proponente,
777 4725 814 4783 et
828 4706 952 4812 primo
972 4703 1151 4810 quasdam
1171 4703 1338 4781 raciones
1354 4704 1402 4781 ad
1417 4704 1524 4782 illum
1543 4705 1658 4782 finem
1672 4721 1751 4781 ten-

324 4838 455 4914 dentes
469 4839 573 4945 quod
589 4839 710 4915 dictus
729 4837 952 4916 Guillelmus
965 4834 1131 4939 predicte
1149 4834 1329 4941 peticioni
1349 4835 1503 4912 minime
1523 4835 1751 4942 respondere

369 5125 376 5154 ¹
401 5125 481 5185 Lisez
494 5128 621 5207 precepit.
