4450 6209
739 748 1010 855 euoutrrs
1025 766 1094 837 ur
1120 745 1325 841 proces.
1441 754 1444 769 ·
1692 768 1743 843 ,ιιι

320 907 465 985 curiam
476 904 743 1014 lactumsuper
754 907 1338 1015 quadantiuquestatdtctainter
1355 908 1467 1014 ipsos,
1485 937 1619 990 enum
1630 920 1745 1017 purte,
1786 919 1917 977 Pomm
1928 923 1972 985 tv,

319 1058 359 1119 et
384 1038 568 1116 dilectum
588 1055 627 1115 et
645 1038 801 1118 fidelem
827 1056 999 1118 nostrum
1025 1040 1250 1147 episcopum·
1264 1040 1571 1134 Laudunensem,
1593 1053 1637 1121 eir
1656 1043 1745 1140 alisi,
1840 1014 1912 1057 ’Μ’

319 1199 436 1277 super
451 1169 563 1247 bonis
584 1170 674 1247 dicti
694 1170 863 1249 defuncti
877 1172 1075 1264 lobannis,
1092 1173 1309 1251 exeeucioni
1324 1173 1510 1265 mandari,
1531 1193 1570 1254 et
1584 1204 1605 1251 e
1619 1184 1748 1255 contra

318 1302 446 1379 dictus
463 1302 661 1409 episcopus
677 1321 909 1410 proponeret
921 1304 1027 1409 'quud
1047 1303 1222 1410 inquette
1233 1304 1404 1411 predicta
1415 1328 1494 1385 nou
1508 1304 1633 1385 firbret
1647 1334 1748 1384 com-

317 1431 438 1538 pleta,
458 1448 680 1539 peteretque
703 1434 847 1512 dictum
870 1435 1085 1541 judicatum
1110 1436 1308 1542 suspendi,
1333 1449 1371 1513 et
1390 1437 1639 1543 probacioaaes
1662 1466 1748 1517 suas

318 1591 435 1670 super
462 1563 536 1641 boo
560 1564 685 1641 adbuc
704 1566 870 1654 admitti,
889 1567 948 1643 vel
969 1566 1071 1643 diem
1095 1566 1243 1643 consilii
1262 1596 1330 1645 seu
1349 1570 1647 1675 appensamenti‚
1666 1588 1749 1647 tan-

318 1724 436 1802 quam
453 1722 552 1773 noro
570 1696 746 1803 episcopo
755 1737 769 1787 ‚·
783 1698 986 1804 sibiouper
999 1698 1079 1775 bne
1086 1697 1262 1775 concedi:
1277 1699 1466 1792 Tandem,
1484 1702 1623 1779 auditis
1635 1704 1749 1809 pdrti-

318 1826 391 1903 bus
405 1826 495 1904 hinc
511 1842 550 1904 et
568 1827 669 1917 inde,
684 1845 723 1906 et
742 1828 1095 1936 iteratodiligenter
1106 1828 1183 1907 visa
1197 1829 1372 1935 inquesta
1389 1832 1575 1938 predicte,
1592 1834 1747 1941 visoque

311 1974 451 2035 tenore
470 1958 696 2036 litterarum
714 1962 753 2037 ot'
774 1960 1057 2067 privilegiorum
1079 1961 1121 2037 in
1147 1988 1189 2038 ea
1217 1961 1509 2067 productorum,
1538 1990 1606 2070 per
1627 1964 1748 2071 ipsius

317 2091 422 2166 curie
442 2108 570 2168 nostre
585 2091 792 2198 judicium,
812 2092 964 2169 dictum
976 2091 1174 2198 luitquod
1189 2092 1406 2199 predictum
1418 2094 1631 2201 judicatum
1645 2124 1750 2173 man-

318 2218 473 2298 dabitur
488 2222 717 2301 excrucioni.
738 2224 780 2299 ln
800 2223 925 2331 cujus,
943 2240 1014 2302 etc.
1035 2224 1165 2302 Mense
1184 2224 1416 2304 Decembris.
1661 2234 1663 2241 '

374 2470 433 2564 lll.
465 2487 562 2564 Cum
583 2489 828 2567 curienostre
845 2478 1368 2597 significatumluissetiquod
1380 2517 1497 2595 super
1517 2490 1746 2595 quibusdam

317 2620 442 2725 prisiis
455 2620 656 2698 hominum
673 2637 713 2698 et
726 2648 935 2728 equorum,
952 2648 1046 2727 quas
1059 2618 1225 2698 Emrdus
1244 2638 1283 2697 ot
1297 2620 1526 2699 Guillelmus
1543 2620 1590 2697 de
1606 2622 1747 2699 Tbieu-

316 2748 402 2858 giis,
434 2750 582 2838 batres,
606 2779 709 2829 nunc
737 2753 895 2840 milite's,
923 2780 991 2859 per
1018 2780 1058 2830 se
1088 2770 1127 2829 et
1154 2777 1286 2830 eorum
1309 2768 1440 2859 gentes
1463 2752 1564 2859 apud
1589 2752 1623 2829 lu
1647 2754 1747 2832 Vau-

318 2881 642 2964 Sancti-Germsni
658 2900 697 2961 et
711 2884 1159 2975 Sanctum-Germanum,
1174 2884 1213 2959 in
1226 2900 1325 2961 terra
1337 2884 1482 2961 abbatis
1493 2900 1531 2959 et
1540 2902 1746 2978 contentus
1819 2930 1821 2935 ·

317 3011 846 3093 Sancti-Germani-de-Pratis
869 3016 1101 3107 Parisiensis,
1126 3014 1350 3093 dicebantur
1372 3012 1503 3091 fecisse
1519 3015 1744 3094 vindicando

317 3170 357 3220 se
382 3172 450 3249 per
475 3174 631 3222 manum
661 3176 768 3223 suam
795 3148 842 3224 de
866 3147 1094 3253 quibusdam
1116 3146 1279 3254 injuriis,
1307 3146 1494 3253 surprisiie
1517 3164 1555 3223 et
1573 3147 1746 3225 malefac-

317 3274 366 3352 tis
385 3275 528 3353 eisdem
552 3276 731 3356 fratribus
750 3306 819 3384 per
847 3278 970 3357 dictos
994 3278 1192 3384 religiosos
1217 3294 1283 3355 aut
1309 3306 1443 3355 eorum
1470 3294 1617 3386 gentes,
1649 3280 1746 3357 sicut

318 3406 409 3483 dicti
427 3406 563 3485 fratres
574 3411 858 3517 proponebant,
878 3409 1008 3499 illatis3
1024 3408 1187 3486 ballivus
1200 3411 1444 3501 senonensis,
1464 3410 1502 3485 in
1524 3410 1604 3517 ejus
1620 3412 1746 3488 assisia

318 3536 597 3632 Meledunensi,
628 3568 697 3648 pro
725 3542 835 3618 dictis
861 3541 1049 3618 fratribus
1061 3540 1296 3647 judicaverat
1321 3542 1426 3647 quod
1453 3538 1522 3648 ipsi
1550 3568 1745 3621 remanere

317 3665 510 3746 debebant
525 3670 565 3747 iu
582 3670 719 3749 soisina
731 3673 931 3781 prisierurn
947 3671 1168 3778 bujturuodi
1184 3672 1240 3749 sio
1254 3670 1451 3761 factarum,
1473 3690 1526 3761 et,
1545 3690 1674 3750 contra
1684 3674 1747 3782 ju-

317 3799 483 3878 dicatum
503 3802 743 3909 hujusmodi,
766 3820 1051 3912 proponeretur.
1071 3805 1187 3910 quod.
1201 3803 1352 3881 nullum
1380 3820 1459 3881 erat
1480 3804 1560 3910 ipso
1582 3804 1686 3911 jure,
1709 3823 1747 3884 et
1821 3826 1824 3833 ’

315 3932 422 4037 quod
434 3934 470 4009 ei
484 3952 582 4012 stare
596 3964 674 4013 non
688 3932 868 4026 debebat,
890 3961 977 4017 cum
993 3934 1134 4015 lectum
1150 3953 1248 4015 esset
1263 3954 1390 4014 contra
1399 3936 1462 4043 jus
1475 3954 1513 4012 et
1526 3935 1648 4015 bonos
1662 3966 1746 4015 mo·

313 4090 375 4139 res
394 4081 433 4140 et
449 4064 664 4172 generelem
680 4069 876 4175 antiquam
892 4086 931 4147 et
949 4066 1192 4177 approbatam
1209 4068 1521 4147 consuetudinem
1537 4070 1641 4176 regui
1658 4096 1746 4146 nos-

313 4195 378 4286 tri3
397 4213 452 4283 et,
469 4226 538 4303 pro
554 4217 661 4305 parte
677 4201 1062 4289 dictorum'lratrum,
1083 4218 1363 4308 proponeretur
1383 4228 1425 4277 ex
1445 4199 1602 4277 adverso
1622 4200 1743 4305 quod,

315 4354 402 4408 curn
422 4328 493 4434 ipsi
512 4330 656 4437 pluries
674 4333 955 4411 consuevissent
972 4360 1013 4410 se
1031 4350 1161 4409 contra
1181 4332 1302 4409 dictos
1320 4330 1517 4439 religiosos
1529 4330 1656 4406 taliter
1668 4330 1746 4406 vin-

315 4458 457 4550 dicare,
479 4480 593 4567 prout
611 4490 680 4569 per
694 4465 907 4571 inquestam
923 4462 1056 4539 saetam
1075 4490 1190 4568 super
1209 4462 1283 4538 boc
1298 4460 1518 4567 apparebat,
1530 4459 1743 4566 judicatum

315 4588 531 4695 predictum
549 4594 716 4671 validum
736 4613 816 4673 erat
835 4614 874 4672 et
890 4613 1021 4672 tenere
1040 4590 1220 4680 debebat,
1242 4592 1406 4668 maxime
1425 4618 1512 4667 cum
1532 4590 1579 4669 ab
1602 4620 1647 4669 eo
1668 4620 1747 4671 uon

313 4718 431 4799 luerit
441 4725 698 4830 appellatum:
710 4727 899 4817 Tandem,
923 4722 1063 4802 auditis
1079 4723 1265 4830 partibus,
1286 4722 1449 4829 deisque
1469 4718 1672 4830 diligenter
1690 4726 1749 4801 in-

315 4870 461 4959 questa,
484 4859 673 4936 sentencia
698 4878 738 4937 et
759 4888 938 4966 processu
962 4856 1159 4965 predictis,
1179 4882 1249 4963 per
1268 4855 1371 4932 curie
1396 4870 1524 4931 nostre
1538 4853 1744 4961 judicium,

314 4983 460 5063 dictum
478 4986 552 5063 fuit
571 5008 611 5067 et
627 4991 918 5096 pronunciatum
936 4990 1043 5094 quod
1056 4988 1273 5097 predictum
1289 4985 1502 5093 judicatum
1522 4983 1674 5063 nullum
1692 5002 1748 5062 est

316 5131 354 5191 et
372 5132 552 5224 tanquam
571 5121 721 5200 nullum
741 5148 820 5200 non
834 5120 996 5213 tenebit,
1020 5120 1118 5198 salva
1137 5118 1233 5227 parti
1255 5116 1425 5226 cuilibet,
1447 5116 1579 5195 tamin
1598 5143 1747 5222 posses-

403 5294 456 5337 ιιι
478 5294 561 5338 orm.
586 5299 633 5339 ιιι.
1453 5325 1463 5347 .
1601 5272 1621 5335 (l
