4450 6209
740 743 1010 850 nnonnrus
1035 760 1101 835 nr
1126 743 1335 836 enonas.
1680 763 1749 834 lot

326 902 391 991 sis,
413 901 541 978 minus
562 899 792 980 sufficienter
810 929 891 981 esse
908 901 1058 994 saetam,
1081 904 1299 982 ordinatum
1320 902 1392 982 luit
1411 931 1481 1010 per
1501 904 1673 982 eamdem
1689 931 1753 980 cu·
1791 913 1921 1006 Psunrp
1934 917 1977 981 lv,

325 1034 419 1110 riam
439 1050 606 1113 nostran
625 1034 731 1139 quod
746 1060 860 1141 super
878 1033 1047 1114 articulis
1065 1064 1087 1110 a
1105 1033 1215 1113 dietis
1236 1035 1407 1142 partibus
1427 1063 1542 1143 super
1561 1036 1753 1144 premissis
1854 1009 1915 1052 m

325 1164 374 1240 de
393 1190 493 1241 novo
512 1163 722 1254 tradendis,
741 1191 867 1242 eoram
884 1165 1121 1242 auditoribus
1138 1194 1252 1272 super
1267 1167 1340 1243 hoo
1356 1167 1599 1273 deputandis,
1618 1169 1752 1244 iterato

325 1294 393 1372 fiet
414 1295 603 1403 inquesta,
625 1311 665 1372 et
684 1323 727 1371 ea
744 1294 910 1403 perfecta
929 1297 978 1374 ad
998 1314 1162 1374 nostram
1184 1297 1326 1374 curiam
1347 1301 1565 1376 remittetur
1584 1299 1633 1376 ad
1649 1299 1754 1407 judi-

325 1426 506 1516 candum,
530 1455 719 1504 unacum
745 1425 1050 1506 attestaeinuibns
1072 1429 1228 1506 testium
1252 1430 1292 1505 in
1315 1427 1414 1506 diota
1437 1430 1552 1536 priori
1579 1431 1753 1538 inquests

325 1573 636 1634 examinatorum.

380 1689 490 1766 Lune
506 1705 593 1795 post
610 1687 889 1766 Assensionem.

379 1819 555 1898 Bocellus
572 1821 785 1927 reportavit.

379 2083 473 2162 XXI.
502 2083 602 2164 Cum
633 2101 736 2162 mota
759 2081 891 2162 diisset
919 2084 959 2160 in
985 2085 1087 2162 curia
1112 2101 1241 2164 nostra
1267 2069 1518 2166 controversia
1542 2088 1641 2164 inter
1665 2087 1754 2165 reli-

323 2215 447 2323 giosos
464 2201 564 2292 viros
576 2214 750 2292 abbatem
764 2233 803 2292 et
818 2233 1045 2294 conventum
1058 2217 1276 2294 monasterii
1292 2216 1686 2308 Vallis-Reate-Marie‚
1704 2219 1751 2294 de

323 2347 474 2454 speciali
490 2348 604 2455 garda
616 2365 754 2436 nostra,
771 2364 816 2424 nt
831 2349 981 2441 dicitur,
994 2349 1204 2440 existentis,
1223 2379 1267 2428 ex
1282 2375 1358 2427 nnn
1375 2367 1495 2456 parte,
1514 2368 1552 2428 et
1571 2351 1751 2429 dilectum

323 2495 363 2555 et
384 2478 540 2582 fidelem
568 2495 741 2556 nostnnn
766 2479 967 2557 dominum
992 2479 1394 2574 Montis-Morenciaoi,
1421 2509 1464 2556 ex
1486 2480 1618 2574 altera,
1638 2506 1753 2588 super

322 2608 436 2714 prisia
455 2637 570 2716 qnam
591 2610 641 2687 de
659 2610 827 2717 quodam
845 2639 962 2718 appro
982 2613 1124 2721 injuste
1143 2631 1181 2690 et
1197 2615 1245 2690 de
1264 2641 1381 2703 novo,
1402 2629 1447 2689 ut
1470 2613 1559 2689 dicti
1584 2611 1750 2719 religiosi

322 2740 513 2833 dicebant,
540 2740 635 2820 infra
654 2742 865 2821 clausuram
893 2743 983 2821 dicti
1007 2745 1226 2822 monasterii
1256 2743 1422 2822 fecerant
1443 2761 1573 2852 gentes
1604 2744 1750 2821 domini

320 2870 499 2977 predicti,
523 2873 570 2950 de
585 2900 670 2981 ⁴qua
692 2876 822 2982 prisia,
839 2894 995 2982 propter
1017 2876 1199 2954 debatum
1220 2877 1405 2981 parcium,
1427 2875 1534 2954 locus
1553 2875 1675 2952 luerat
1693 2903 1752 2952 re-

321 3004 469 3082 saisitus
481 3023 519 3083 et
531 3006 711 3084 debatum
728 3008 947 3116 hujusmodi
962 3005 1128 3114 positum
1142 3008 1190 3085 ad
1202 3035 1357 3086 manum
1372 3025 1554 3093 nostram,
1572 3024 1749 3113 tanquam

321 3136 541 3241 superioris,
577 3138 687 3214 dictis
717 3138 902 3247 religiosis
932 3139 1108 3244 pluribus
1136 3138 1350 3217 nacionibus
1375 3137 1675 3244 proponentibus
1709 3167 1751 3216 ac

320 3266 537 3371 petentibus
560 3268 699 3344 dictam
723 3270 876 3375 prisiam
897 3268 1037 3347 debere
1057 3298 1252 3348 remanere
1273 3270 1312 3344 in
1338 3269 1422 3346 loco
1442 3269 1613 3376 predicto
1632 3297 1749 3374 penes
1857 3289 1861 3300 ⁴

321 3397 437 3503 ipsos,
462 3416 500 3476 et
521 3395 839 3506 impedimentum
861 3429 976 3508 super
993 3400 1068 3478 boe
1086 3429 1155 3507 per
1174 3400 1319 3478 dictum
1339 3399 1541 3476 dominum
1564 3399 1617 3476 eis
1635 3428 1750 3504 appo·

321 3529 436 3606 situm
451 3531 615 3608 amoveri
632 3531 788 3622 debere;
807 3532 908 3608 dicto
924 3531 1082 3610 domino
1102 3561 1123 3608 e
1144 3531 1331 3608 contrario
1348 3528 1521 3635 pluribus
1536 3529 1749 3606 rationibus

322 3677 556 3766 proponente
571 3659 692 3738 dictos
710 3661 907 3767 religiosos
924 3652 1004 3739 non
1021 3689 1101 3738 esse
1117 3689 1230 3768 super
1250 3660 1322 3738 hoc
1342 3652 1571 3751 audiendos,
1594 3659 1750 3735 dictam-

319 3818 394 3896 que
413 3791 566 3897 prisium
590 3790 661 3869 sibi
682 3791 820 3868 debere
840 3791 950 3869 reddi
973 3809 1013 3870 et
1030 3791 1231 3870 deliberari
1254 3821 1263 3867 ε
1287 3790 1475 3879 Tandem,
1502 3789 1640 3867 auditis
1659 3789 1749 3866 bino

320 3919 413 3996 inde
426 3922 645 4026 propositis,
660 3939 699 4000 et
711 3922 788 4000 visa
799 3922 973 4030 inquesta
985 3951 1098 4029 super
1113 3924 1202 4013 hoc,
1219 3920 1266 3999 de
1279 3922 1457 3998 mandato
1474 3939 1620 4008 nostro,
1636 3920 1747 4009 facta,

320 4077 389 4155 per
410 4050 514 4128 curie
537 4070 665 4129 nostre
678 4051 892 4160 judicium,
909 4055 1032 4132 dictus
1050 4054 1228 4132 dominus
1250 4053 1295 4130 ab
1317 4052 1557 4158 impetieione
1581 4051 1750 4158 predicta

321 4181 510 4260 dictorum
533 4183 795 4291 religiosorum
816 4185 938 4262 extitit
961 4185 1172 4274 absolutus,
1195 4199 1233 4262 et
1255 4211 1323 4290 per
1342 4184 1445 4261 idem
1461 4182 1652 4291 judicium
1672 4182 1750 4260 dio-

319 4331 401 4390 tum
422 4313 495 4391 fuit
513 4316 618 4423 qnod
634 4316 731 4394 dieta
752 4316 865 4422 prisia
883 4315 1154 4393 deliberabitur
1170 4315 1308 4393 eidem.

377 4445 534 4524 Veneris
548 4464 633 4524 ante
653 4447 952 4526 Penthenostem.

377 4576 428 4654 Μ.
446 4578 671 4685 Pasquerins
684 4578 898 4684 reportavit.

376 4839 486 4917 xxn.
515 4839 613 4919 cum
632 4840 733 4918 inter
748 4797 970 4948 magistrun
990 4840 1216 4919 Michaeam
1233 4837 1398 4928 uorem,
1417 4836 1465 4915 se
1485 4834 1656 4916 cadomo
1674 4837 1749 4916 oe-

321 4968 459 5061 rieum,
481 4998 524 5048 ex
549 4999 623 5048 una
645 4989 766 5079 parte,
794 4989 833 5049 et
848 4973 1015 5079 priorem
1039 4989 1079 5048 et
1101 4971 1234 5050 fratres
1262 4970 1310 5048 de
1337 4969 1663 5080 Longo-lomello,
1689 4996 1750 5059 or·

322 5098 420 5178 dinis
438 5101 783 5182 Vallis-Scolarinm
804 5100 1087 5194 Perisiensium,
1105 5103 1326 5214 magistrum
1340 5101 1569 5192 Parisetum,
1589 5104 1637 5179 de
1662 5099 1749 5177 Lin-
