4450 6209
711 704 1299 812 aueutrnssrrnocts.
1667 733 1718 804 or

292 866 388 948 wfit
403 882 443 950 ⁰1
460 864 509 943 (lt
529 862 755 954 silvanecto,
776 863 994 972 quaomnia
1013 863 1296 946 dicebantdicti
1313 866 1479 975 religiosi
1500 869 1545 948 ad
1565 871 1665 978 ipsos
1681 890 1719 949 et
1757 883 1887 940 Parnm
1898 885 1940 950 tv,

293 1025 372 1078 non
389 995 442 1076 ad
462 994 584 1078 dictos
602 992 770 1101 hospites
785 993 992 1100 psalm,
1009 1023 1125 1103 qum
1142 997 1321 1105 petebant
1340 998 1431 1078 ,ficti
1451 1000 1615 1107 religiosi
1631 1029 1720 1108 pm,

1819 977 1881 1020 lest.

293 1126 465 1210 naaman
480 1142 519 1204 et
529 1123 725 1214 declarari,
742 1153 811 1232 per
828 1125 932 1204 curie
945 1142 1074 1204 nostre
1084 1127 1291 1234 judicium,
1303 1129 1367 1237 jus
1382 1131 1556 1210 omnium
1569 1132 1718 1238 predic-

293 1257 491 1340 maamad
511 1256 798 1366 eospartinere,
818 1257 1014 1368 dictosque
1033 1259 1204 1367 hospites
1223 1289 1244 1340 o
1261 1260 1443 1368 predictis
1467 1262 1616 1372 injustis
1632 1291 1718 1372 poe·

295 1387 527 1470 sessionibus
549 1415 621 1466 ssu
634 1387 783 1468 saisinis
803 1415 883 1468 esse
906 1388 1075 1469 totaliter
1096 1390 1355 1496 expellendum
1378 1393 1487 1472 dictis
1506 1395 1719 1506 hospitibus

296 1519 527 1600 centensium
550 1517 804 1597 asserentibus
828 1518 958 1602 miultis
983 1519 1197 1598 nacionibus
1224 1538 1263 1601 et
1287 1523 1502 1628 petentibus
1526 1553 1566 1602 se
1583 1525 1631 1604 ab
1651 1527 1721 1602 im-

295 1651 483 1762 peticione
503 1648 693 1728 dictorum
712 1649 976 1757 religiosorum
994 1679 1109 1756 super
1127 1650 1319 1758 premissis
1337 1653 1477 1732 absolvi
1500 1687 1509 1734 r
1528 1657 1718 1748 Tandem,

296 1784 468 1890 inquesta
487 1807 602 1890 super
614 1779 810 1886 predictis,
827 1780 876 1859 de
896 1780 1075 1861 mandato
1090 1799 1222 1861 nostro
1238 1781 1347 1875 facta,
1365 1785 1442 1862 visa
1461 1801 1500 1864 et
1519 1785 1721 1892 diligenter

297 1914 520 2004 examinata,
546 1911 636 1992 dicti
659 1912 829 2021 hospites
850 1913 896 1992 ab
916 1912 1157 2019 impeticione
1172 1914 1340 2022 predicta
1359 1915 1546 1995 dictorum
1566 1917 1719 2030 religio-

297 2072 426 2124 sorum
443 2042 600 2122 inerunt
614 2073 686 2152 por
704 2045 808 2126 curie
826 2061 955 2124 nostre
970 2043 1160 2153 judicium
1175 2045 1350 2126 absoluti.

353 2174 510 2254 Veneris
525 2191 612 2281 post
627 2173 973 2258 Annuntiacionem
990 2176 1160 2270 Domini.

354 2307 404 2386 Μ.
422 2304 543 2417 Aymo
559 2306 773 2417 reportarit.

354 2570 510 2650 XLVIII.
542 2570 641 2646 Cum
661 2570 765 2646 curie
785 2585 912 2649 nostre
929 2570 1181 2680 significatum
1198 2570 1331 2650 luisset
1345 2572 1451 2679 quod
1468 2572 1657 2654 Guiardus
1672 2577 1721 2652 de

299 2700 480 2789 Marchia,
506 2699 746 2792 domicellus,
771 2701 811 2777 in
833 2699 1046 2780 castellania
1074 2701 1122 2778 de
1144 2701 1324 2782 Archiaco
1343 2703 1563 2811 proclamari
1587 2702 1724 2783 fecerat

300 2859 348 2908 ne
369 2830 455 2938 quis
479 2848 580 2909 extra
608 2831 748 2908 dictam
769 2830 1021 2910 castellaniam
1042 2832 1196 2922 vinum,
1222 2833 1380 2912 bladum
1398 2833 1458 2914 vel
1478 2834 1583 2913 alind
1601 2836 1725 2944 quod·

300 2989 463 3068 cumque
496 2962 626 3040 venale
657 2960 820 3040 deferret
848 2960 907 3038 vel
934 2963 1072 3041 deferri
1103 2962 1259 3056 faceret3
1290 2965 1469 3074 quodque
1499 2966 1725 3044 senescallus

300 3095 569 3183 xantonensis,
589 3123 633 3172 ex
649 3111 755 3200 parte
771 3110 916 3187 nostra,
932 3094 1139 3202 quemdam
1156 3096 1261 3173 misit
1280 3097 1503 3176 servientem
1516 3100 1564 3178 ad
1581 3099 1724 3177 dictum

299 3223 490 3315 bannum,
510 3243 693 3333 tanquam
712 3224 853 3302 sactum
875 3225 1210 3315 inracionabiliter,
1236 3225 1531 3322 annullandum,
1556 3257 1602 3308 eo
1621 3229 1726 3338 quod

300 3356 570 3464 proclamando
589 3355 713 3464 quod,
735 3356 784 3434 de
805 3384 1045 3467 quacumque
1065 3356 1281 3436 castellania
1297 3357 1336 3436 in
1354 3358 1466 3436 aliam
1485 3359 1583 3436 dicte
1601 3387 1727 3436 senes·

302 3486 409 3568 callia
437 3486 709 3575 castellaniam,
735 3485 866 3568 liceret
897 3486 1057 3567 cuilibet
1081 3487 1255 3568 victualia
1282 3487 1498 3594 deportaret
1527 3489 1723 3598 quodque,

304 3619 397 3699 dum
423 3619 527 3698 idem
544 3618 708 3698 serviens
730 3617 771 3696 in
795 3617 879 3697 foro
903 3619 952 3696 dc
972 3618 1153 3700 Arohiaco
1175 3619 1387 3726 pradictum
1409 3621 1630 3698 mandatum
1653 3620 1724 3699 sihi

302 3752 516 3862 injunctum
533 3750 759 3859 adimpleret
772 3765 810 3828 et
823 3750 1090 3857 proclamaret,
1106 3752 1240 3830 Petrus
1252 3750 1424 3831 Andrant
1439 3767 1477 3830 ot
1490 3751 1723 3861 Aymericus,

301 3882 427 3960 vallati
458 3883 547 3961 dieti
574 3881 750 3970 Guiardi,
776 3883 959 3961 eumdem
983 3882 1207 3964 servientem
1235 3885 1289 3960 sic
1314 3881 1526 3989 injunctum
1549 3883 1619 3960 sibi
1648 3883 1729 3960 offi-

304 4014 406 4091 cium
424 4032 677 4103 exercentem,
698 4031 881 4122 ceperunt
900 4043 968 4123 per
986 4031 1128 4121 mur,
1152 4041 1240 4092 curn
1265 4030 1538 4094 arrestaverunt
1562 4042 1606 4092 ex
1624 4031 1728 4122 parte

305 4145 396 4224 dicti
419 4146 596 4237 Guiardi,
616 4163 654 4226 et
670 4146 770 4224 male
787 4163 1055 4233 tractamrunm
1079 4145 1188 4237 item,
1206 4147 1339 4226 Petrus
1359 4145 1545 4239 Androm,
1564 4145 1726 4226 ballivus

307 4278 396 4356 dicti
415 4277 590 4371 Guiardi,
607 4295 654 4356 et
677 4279 795 4358 eciam
823 4278 995 4388 ejusdem
1022 4277 1179 4356 Guiardi
1203 4278 1433 4386 paepositus,
1451 4279 1517 4384 qui
1536 4294 1627 4356 tunc
1652 4294 1732 4356 erat

306 4409 408 4520 apud
430 4410 679 4500 Archiacum,
705 4410 770 4516 qui
790 4425 985 4516 presentes
1003 4407 1159 4486 luerunt
1176 4408 1364 4490 maleficio
1387 4409 1619 4516 supradicto,
1644 4408 1731 4484 nul-

308 4540 407 4629 lum,
423 4541 464 4618 in
478 4541 577 4624 lacto
591 4539 833 4649 hujusmodi,
853 4538 1018 4618 arcendo
1028 4537 1291 4618 malefactores
1306 4537 1512 4646 predictos,
1530 4533 1731 4614 consilium

307 4690 555 4779 aposuenmt3
573 4669 1059 4780 propterquodsenescallo
1071 4687 1200 4747 nostro
1211 4667 1441 4748 Xantoaensi
1453 4668 1727 4756 mandavimus,

307 4832 376 4914 per
398 4822 545 4884 nostras
563 4803 726 4892 litteras,
747 4803 872 4911 quod,
900 4802 1039 4881 vocatis
1057 4801 1123 4909 qui
1148 4819 1271 4883 ament
1293 4799 1488 4888 evocandi,
1509 4825 1623 4910 super
1646 4829 1733 4909 pre·

309 4935 420 5015 dictis
436 4955 476 5014 et
494 4965 629 5014 eorum
649 4935 927 5014 circonstanciis
943 4933 1127 5012 universis
1151 4933 1352 5044 diligenter
1366 4933 1622 5042 inquireretur
1636 4936 1734 5013 ueri-

309 5085 446 5159 tatem,
463 5084 502 5148 et
514 5069 728 5177 inquestam
741 5097 855 5177 quam
872 5067 962 5145 inde
978 5067 1117 5146 sereret
1127 5067 1175 5147 ad
1187 5066 1288 5146 diem
1304 5093 1371 5158 suc
1384 5062 1600 5146 senescallie
1613 5072 1733 5146 nostri

1561 5225 1606 5286 td.
