4450 6209
461 687 531 760 102
1038 680 1131 757 LES
1159 679 1300 757 OLIM.

231 836 420 900 venenu.
457 826 506 907 de
530 822 737 909 Bailloural
750 842 798 903 'et
823 823 1053 932 quibmdam
1076 823 1161 903 aliis
1183 823 1369 903 dictorum
1389 824 1559 931 parcium
1583 825 1767 918 articulis,
1791 858 1881 909 crim

290 929 354 977 m
457 958 539 1067 ejus
559 957 823 1041 commissione
846 956 933 1049 biit,
955 954 1094 1037 auditis
1118 955 1306 1066 partibus,
1326 985 1397 1067 per
1417 954 1523 1036 curie
1536 954 1746 1066 judicium,
1776 960 1882 1041 anul-

453 1090 537 1169 tae.

510 1220 892 1329 Mercuriisequenti.

508 1353 720 1433 Gorintbns
734 1351 949 1459 reportavit.

508 1616 599 1692 LIII.
630 1616 727 1695 Cum
744 1613 904 1691 dilectus
914 1631 952 1691 et
966 1610 1090 1692 fedelis
1102 1631 1233 1692 noster
1246 1612 1702 1720 episcopus-belvacensis,
1720 1616 1878 1695 incuria

452 1762 595 1837 nostra,
614 1746 758 1823 diceret
772 1762 809 1821 et
823 1762 1072 1853 proponeret,
1086 1763 1217 1825 contra
1228 1744 1425 1855 religiosos
1438 1745 1538 1823 viros
1552 1742 1727 1823 abbatem
1739 1764 1779 1825 et
1790 1774 1879 1826 con-

452 1896 609 1956 ventum
628 1876 782 1955 ecclesie
801 1876 902 1955 beati
920 1876 1093 1983 Dyonisii
1109 1877 1149 1953 in
1164 1878 1335 1968 Francia,
1353 1876 1459 1984 quod
1474 1876 1546 1984 ipsi
1558 1875 1741 1985 religiosi,
1757 1908 1876 1986 prope

452 2008 579 2087 villam
596 2009 644 2087 de
659 2008 943 2097 Montmcliant,
963 2008 1129 2086 fecerant
1145 2008 1339 2117 quoddam
1357 2008 1624 2103 molendinum
1639 2009 1687 2087 ad
1701 2028 1876 2103 ventum,

453 2142 493 2223 in
519 2141 773 2249 prejudicium
804 2140 921 2248 ipsius
955 2141 1120 2250 episcopi
1149 2157 1187 2218 et
1212 2140 1449 2247 episcopatus
1474 2140 1555 2231 sni;
1585 2170 1702 2247 qrure
1727 2140 1879 2248 petebat

454 2273 558 2351 idem
584 2274 783 2383 episcopus
808 2272 955 2353 dictum
980 2272 1246 2357 molendinum
1272 2272 1373 2351 dirui
1395 2290 1435 2349 et
1455 2272 1614 2350 omnino
1632 2273 1814 2363 amoveri,
1843 2288 1882 2349 et

455 2430 523 2510 per
534 2404 598 2510 jus
617 2387 689 2483 dici
702 2404 812 2511 quod
832 2402 922 2480 dicti
944 2402 1109 2511 religiosi
1121 2402 1186 2508 jus
1204 2432 1284 2480 non
1301 2402 1444 2481 habent
1459 2402 1623 2481 faciendi
1639 2432 1710 2482 nec
1725 2402 1881 2483 tenendi

456 2534 602 2612 dictum
619 2534 885 2613 molendinum
904 2535 944 2611 in
963 2534 1048 2613 loco
1063 2534 1252 2641 predicto3
1269 2534 1379 2611 dictis
1392 2534 1578 2643 religiosis
1595 2535 1635 2613 in
1652 2536 1882 2613 contrarium

455 2665 775 2774 proponentibus,
803 2685 858 2754 et,
878 2665 1053 2773 pluribus
1079 2663 1313 2754 racionibus,
1334 2664 1553 2771 petentibus
1572 2664 1619 2743 ab
1638 2664 1879 2771 impeticione

456 2797 624 2904 predicta
643 2797 733 2874 dicti
751 2797 916 2903 episcopi
937 2826 976 2874 se
995 2796 1159 2873 absolvi:
1178 2795 1368 2887 Tandem,
1388 2795 1526 2873 auditis
1546 2795 1744 2874 hincinde
1763 2796 1882 2874 racio·

457 2928 573 3005 nibus¹
590 2927 760 3031 parcium
779 2926 1054 3033 predictarum,
1071 2943 1131 3015 et,
1153 2954 1271 3032 super
1286 2954 1418 3004 oerum
1437 2925 1561 3017 fectis,
1581 2926 1753 3033 inquestn
1767 2926 1881 3013 lacta,

458 3059 532 3136 visa
557 3076 594 3135 et
614 3058 817 3167 diligenter
837 3058 1064 3149 examinata,
1090 3055 1182 3135 dicti
1200 3055 1368 3165 religiosi
1387 3056 1433 3134 ab
1456 3056 1699 3167 impeticione
1717 3057 1885 3165 predicta

460 3190 550 3267 dicti
569 3188 733 3298 episcopi
750 3187 925 3278 fuerunt,
945 3216 1013 3294 per
1031 3187 1134 3266 curie
1154 3204 1281 3267 nostre
1297 3187 1507 3299 judicium,
1527 3187 1701 3267 absoluti.

494 3323 646 3403 -Mense
660 3320 810 3428 Aprilis.

517 3454 568 3533 M.
590 3453 711 3561 bymo
728 3453 943 3559 reportavit.

516 3718 608 3796 LIV.
638 3717 739 3795 Cum
763 3718 805 3793 in
828 3715 948 3793 causis
965 3714 1134 3794 incuria
1160 3731 1287 3795 nostra
1307 3699 1421 3793 motis
1448 3715 1546 3793 inter
1570 3712 1765 3821 religiosos
1785 3713 1885 3806 viros

462 3846 638 3927 abbatem
662 3865 700 3924 et
716 3865 951 3924 conventum
979 3845 1136 3924 ecclesie
1159 3847 1261 3927 beati
1282 3846 1452 3955 Dyonisii
1475 3845 1514 3925 in
1540 3845 1713 3937 Francia,
1741 3874 1786 3923 er
1808 3872 1884 3925 unu

460 3994 585 4084 perte,
606 3995 651 4055 et
669 3977 875 4086 Rogerium
899 3979 946 4055 de
966 3977 1158 4057 Clicbiaco
1175 3995 1214 4056 et
1229 3978 1320 4087 ejus
1346 4008 1522 4063 uxorem.
1547 4007 1592 4054 ex
1613 3977 1752 4070 altera,
1773 4004 1887 4083 super

456 4109 543 4216 jure
562 4109 913 4187 emolumentorum
933 4126 973 4187 et
998 4109 1169 4189 exituum
1191 4110 1353 4188 duarum
1378 4127 1597 4217 quartarum
1618 4109 1788 4216 parcium
1804 4108 1885 4187 baci

462 4270 529 4321 seu
553 4241 688 4320 becelli
712 4259 847 4349 pertus
872 4241 921 4319 de
944 4240 1157 4333 Clicbiaco,
1182 4242 1288 4349 quod
1306 4242 1369 4350 jus
1386 4242 1426 4319 in
1445 4241 1557 4321 dictis
1575 4240 1725 4321 duabus
1745 4241 1887 4347 quartis

462 4372 633 4479 portibus
642 4374 806 4481 predicti
819 4375 999 4484 conjuges
1013 4374 1062 4452 ed
1073 4404 1115 4453 se
1129 4373 1339 4481 pertinere.
1356 4373 1528 4480 pluribus
1541 4372 1774 4462 racionibus,
1788 4400 1887 4453 asse-

461 4503 614 4596 rebant,
640 4506 816 4612 predictis
836 4506 1021 4614 religiosis
1045 4534 1065 4583 e
1090 4505 1278 4585 contrario
1302 4505 1604 4612 proponentibus
1621 4522 1659 4583 et
1675 4504 1806 4583 multis
1829 4532 1886 4581 ra·

462 4636 635 4715 cionibus
652 4637 865 4714 dicentibus
881 4637 1094 4743 predictum
1110 4636 1175 4744 jus
1193 4636 1540 4715 emolumentorum
1560 4654 1599 4714 et
1616 4636 1786 4715 exituum
1803 4662 1887 4742 pre-

464 4744 652 4843 dictorum
670 4767 719 4845 ad
735 4798 775 4845 se
794 4770 1004 4875 pertinere:
1021 4770 1212 4861 Tandem,
1229 4768 1369 4845 auditis
1385 4769 1554 4875 parcium
1571 4766 1785 4845 nacionibus
1799 4765 1888 4843 binc

464 4914 502 4977 et
520 4897 611 4977 indo
629 4914 796 5004 ctsupsr
813 4928 940 4977 earum
960 4898 1129 4980 articulis
1145 4928 1260 5007 super
1277 4899 1351 4977 biis
1368 4928 1412 4978 ex
1427 4915 1586 5006 utraque
1606 4916 1711 5005 parte
1726 4895 1884 4983 traditis.

465 5028 665 5136 inaquosus,
693 5030 739 5107 de
763 5030 940 5109 mandato
969 5050 1098 5113 nostro
1119 5030 1239 5123 Iactis,
1263 5031 1351 5109 visis
1370 5048 1408 5107 ct
1434 5031 1635 5139 diligenter
1649 5028 1887 5119 examinatis,
