4450 6209
487 701 558 775 158
1061 694 1154 768 LES
1196 691 1335 768 OLIM.

256 851 385 905 pamm
399 851 442 914 Ν»
482 842 604 923 duum
624 843 793 920 duorum
812 839 978 918 millium
997 837 1181 915 librarum
1200 833 1474 943 predictarum,
1496 847 1683 940 quantum
1703 829 1752 906 ad
1770 829 1910 909 dictum

317 944 380 986 Μ’
483 975 653 1083 Ogerum
679 973 858 1082 pertinet,
886 971 959 1048 fuit
989 969 1092 1047 idem
1124 967 1235 1046 miles
1262 995 1331 1073 per
1363 964 1523 1044 eandem
1551 962 1779 1041 sentenciam
1805 963 1913 1042 abso·

480 1105 597 1186 lutus.

535 1238 636 1315 Jovis
656 1252 741 1344 post
760 1234 1145 1315 Sanctum-Marcum.

536 1367 689 1446 Dictum
713 1384 770 1445 est
793 1367 896 1444 curie
920 1365 1026 1474 quod
1049 1363 1229 1442 dominus
1256 1364 1330 1440 Rex
1356 1361 1472 1440 debet
1494 1361 1634 1438 habere
1653 1359 1809 1438 terciam
1828 1389 1907 1467 par-

479 1516 556 1576 tem
584 1499 623 1575 in
650 1498 760 1575 dictis
779 1499 933 1576 duobus
952 1494 1124 1574 millibus
1148 1493 1255 1572 libris
1277 1492 1559 1570 Parisicnsibus.
1582 1492 1838 1599 Loquendum
1857 1511 1910 1570 est

479 1631 527 1708 dc
553 1631 626 1708 hoc
651 1659 738 1708 cum
758 1626 993 1708 thesaurario
1017 1626 1274 1734 Andagavensi
1296 1641 1440 1702 etcum
1466 1623 1643 1730 magistro
1668 1625 1711 1702 R.
1739 1621 1786 1700 de
1810 1623 1908 1701 Foil-

479 1760 578 1869 ley0.

536 2027 581 2102 ll.
613 2025 712 2103 Cum
741 2023 871 2102 datum
892 2021 1024 2101 fuisset
1042 2020 1154 2100 nobis
1172 2019 1334 2128 intelligi
1354 2018 1460 2128 quod
1479 2016 1643 2126 quedam
1665 2017 1822 2107 domus,
1844 2019 1909 2095 sita

479 2157 696 2247 Pontisare,
725 2185 801 2262 que
826 2155 899 2233 luit
923 2153 1091 2232 defuncti
1121 2151 1299 2232 Bertaudi
1326 2152 1373 2230 de
1398 2149 1610 2240 Labeville,
1637 2166 1677 2228 et
1700 2177 1816 2256 quam
1845 2149 1910 2228 do-

478 2318 587 2366 mum
610 2289 708 2394 ipse,
729 2305 900 2394 tempore
921 2314 1000 2393 quo
1020 2285 1197 2374 decessit,
1218 2282 1452 2390 possidebat,
1475 2280 1601 2372 nobis,
1622 2297 1778 2388 propter
1797 2282 1910 2390 ipsius

477 2419 657 2498 Bertuudi
672 2418 872 2509 delictum,
887 2432 1039 2496 venerat
1057 2418 1097 2495 in
1116 2415 1360 2496 commissum
1379 2446 1388 2492 a
1404 2415 1595 2503 Tandem,
1612 2413 1786 2520 inquesta
1798 2441 1910 2520 super

477 2552 551 2630 hoc
572 2552 619 2630 de
639 2551 818 2631 mandato
837 2568 968 2630 nostro
988 2549 1100 2641 facta,
1118 2550 1193 2628 visa
1210 2566 1247 2628 et
1262 2547 1464 2655 diligenter
1484 2546 1710 2637 examinata,
1726 2573 1795 2654 per
1809 2547 1909 2624 curie

476 2701 603 2764 nostre
609 2685 816 2792 judicium,
833 2684 979 2762 dictum
993 2682 1067 2760 luit
1085 2699 1123 2760 et
1138 2680 1429 2788 pronunciatum
1446 2679 1602 2758 domum
1620 2677 1829 2785 predictam
1846 2706 1910 2756 no-

476 2817 594 2894 bisin
614 2816 862 2893 commissum
881 2843 959 2892 non
980 2813 1135 2894 venisse.

533 2949 665 3026 Mense
684 2945 835 3054 Aprilis.

535 3210 595 3288 ΙΙΙ.
628 3211 727 3289 Cum
745 3209 938 3290 lohannes
957 3211 1092 3293 Veillet
1116 3211 1359 3319 significasset
1385 3210 1497 3290 nobis
1521 3208 1627 3318 quod
1646 3208 1741 3317 ipse,
1762 3207 1907 3286 racione

477 3342 673 3451 cujusdam
700 3342 881 3450 simplicis
904 3345 1135 3453 cirographi,
1162 3373 1229 3452 per
1248 3341 1355 3451 quod
1378 3344 1456 3449 ipse
1480 3341 1619 3422 Jacobo
1645 3359 1683 3420 et
1706 3342 1817 3420 Petro
1837 3342 1905 3418 He-

475 3475 608 3564 ritiau,
637 3473 833 3566 fratribus,
861 3476 901 3553 in
926 3476 1091 3584 quadarn
1117 3505 1266 3554 summa
1289 3474 1450 3583 pecunie
1474 3474 1684 3566 tenebatur,
1711 3471 1832 3550 fuerat
1856 3474 1909 3548 iu·

470 3607 571 3712 juste
591 3634 660 3713 per
677 3607 915 3713 prepositum
936 3625 1109 3686 nostrum
1130 3607 1462 3704 Sancti-Quintini,
1485 3606 1533 3684 ad
1552 3605 1773 3688 instanciam
1792 3605 1909 3682 dicto-

475 3767 563 3814 rum
582 3735 761 3826 fratrum,
779 3739 917 3816 carccri
934 3739 1170 3845 mancipatus
1189 3739 1284 3816 etin
1303 3739 1412 3818 serris
1433 3755 1511 3816 tam
1532 3738 1601 3816 diu
1616 3738 1791 3816 detentus
1808 3738 1909 3845 quod

476 3870 602 3973 ipsum
622 3883 844 3973 oportuerat
864 3870 904 3946 in
925 3871 1059 3978 majori
1078 3899 1244 3958 summa,
1266 3889 1343 3950 tam
1364 3870 1560 3978 principali
1581 3899 1696 3978 quam
1717 3871 1904 3956 usuraria,

476 3997 639 4104 pervim
658 3997 837 4104 prisionis
857 4000 967 4078 dictis
985 4001 1163 4080 iratribus
1183 4002 1369 4109 obligare,
1386 4030 1461 4108 qua
1481 4001 1716 4109 obligacionc
1730 4002 1784 4078 sic
1797 4001 1904 4088 lacta,

476 4160 497 4206 a
517 4131 616 4208 dicta
634 4129 801 4236 prisione
821 4131 947 4208 adhuc
966 4161 1045 4211 non
1064 4133 1189 4241 potuit
1205 4133 1372 4224 liberari,
1391 4135 1508 4212 immo
1528 4163 1597 4240 per
1613 4133 1755 4210 dictum
1776 4160 1908 4239 prepo-

476 4263 591 4340 situm
611 4262 771 4340 indicta
790 4263 957 4371 prisione
976 4283 1146 4344 retrusus
1165 4283 1243 4344 tarn
1264 4266 1331 4344 diu
1351 4267 1528 4344 detentus
1545 4265 1682 4355 extitit,
1704 4265 1812 4371 quod
1829 4264 1906 4370 ipse

475 4423 544 4500 per
567 4414 743 4486 usuram,
771 4413 810 4473 ct
835 4395 1027 4474 bonorum
1054 4426 1212 4475 suorum
1240 4398 1554 4506 explectacionem
1584 4416 1623 4478 et
1647 4396 1905 4476 vendicionem

474 4527 626 4616 factam,
648 4527 729 4632 ipso
750 4527 789 4605 in
808 4528 1196 4635 prisione-existente,
1218 4529 1292 4608 fuit
1311 4531 1349 4606 in
1370 4556 1557 4608 summam
1576 4528 1680 4608 mille
1705 4545 1745 4606 et
1768 4529 1908 4608 ducen-

474 4671 599 4730 tarum
620 4655 803 4735 librarum
821 4659 882 4737 vel
907 4661 1004 4737 circa
1024 4659 1314 4768 dampnificatus
1333 4661 1523 4756 indebite,
1544 4680 1589 4742 ut
1607 4662 1773 4752 dicebata
1796 4689 1906 4768 super

476 4785 656 4891 predictis
674 4789 814 4896 inquiri
835 4791 1100 4871 mandavimus
1116 4793 1335 4872 veritatem:
1357 4797 1534 4902 lnqucsta
1557 4794 1673 4901 igitur
1691 4822 1807 4900 supcr
1826 4820 1906 4899 per-

476 4915 600 4994 missis
627 4916 739 5011 facta,
767 4939 806 4998 et
827 4951 895 5028 per
921 4923 1063 5000 curiam
1088 4935 1254 5004 nostram
1280 4925 1485 5003 examinata
1507 4923 1720 5032 diligenter,
1741 4923 1830 5032 quia
1849 4922 1904 4998 in-

476 5066 632 5128 ventum
645 5051 719 5129 fuit
729 5052 1005 5162 obligacionem
1018 5083 1087 5134 seu
1101 5056 1405 5164 recognicionem
1421 5056 1528 5134 mille
1544 5055 1901 5164 quadringentarum
