4450 6209
649 820 655 829 ‚
753 713 1024 822 nuounrns
1048 732 1114 804 nr
1140 711 1344 807 rnocus.
1686 735 1760 808 ιιι

340 877 428 954 dam
444 872 541 951 scala
558 898 628 980 per
640 892 772 983 gentes
789 874 878 952 dicti
894 874 1042 952 comitis
1055 874 1104 953 de
1118 900 1216 953 novo
1230 874 1352 982 posita
1371 874 1513 952 invilla
1529 875 1577 953 de
1591 874 1761 967 Autolio,
1801 900 1929 955 rernm
1944 902 1987 963 tv,

338 1004 532 1085 turbando
552 1019 591 1081 et
609 1004 856 1111 impediendo
875 1005 1020 1083 dictum
1039 1006 1205 1111 priorem
1226 1006 1266 1082 in
1286 1034 1352 1084 sue
1370 1006 1504 1085 saisina
1522 1006 1598 1084 alte
1613 1005 1763 1115 justicie
1862 994 1925 1037 Μ’

340 1139 380 1215 ἱιι
397 1136 495 1213 dicte
510 1134 597 1211 vilia
612 1152 650 1212 et
665 1136 747 1244 ejus
761 1135 1020 1244 pertinenciis,
1038 1154 1286 1231 amoveretur,
1303 1152 1342 1214 et
1354 1138 1461 1244 quod
1474 1137 1546 1215 atie
1563 1138 1761 1227 novitates,

340 1267 448 1345 sicuti
464 1264 660 1344 scindendi
676 1268 829 1347 arbores
842 1269 882 1345 in
894 1267 1019 1346 rieriis
1032 1267 1133 1346 dicte
1149 1268 1258 1356 ville,
1274 1297 1342 1375 per
1357 1268 1502 1347 dictum
1517 1270 1694 1347 comitem
1715 1270 1763 1349 de

341 1423 438 1475 novo
458 1396 573 1489 facte,
594 1398 643 1474 ad
666 1407 806 1477 statum
825 1398 999 1478 debiturn
1021 1398 1306 1491 reducerentur,
1328 1414 1570 1506 procuratore
1591 1401 1680 1477 dicti
1702 1430 1764 1479 co-

340 1529 443 1605 mitis
459 1527 501 1603 in
519 1528 750 1605 contrarium
769 1546 1007 1635 proponente
1032 1546 1072 1607 et
1089 1546 1242 1635 petente
1261 1528 1367 1637 quod
1387 1530 1484 1607 scale
1502 1530 1541 1607 in
1562 1532 1658 1607 dicta
1678 1531 1765 1607 villa

339 1686 409 1766 pen
427 1686 494 1737 eos
517 1657 637 1763 posita
655 1657 798 1737 ibidem
825 1677 1058 1752 remaneret,
1086 1676 1126 1737 et
1144 1659 1249 1767 quod
1269 1659 1392 1738 dictus
1417 1688 1545 1738 comes
1566 1661 1605 1737 in
1632 1662 1764 1739 saisina

340 1790 439 1868 dicte
459 1787 627 1895 justicie,
651 1805 843 1895 tamqnam
862 1787 1076 1869 castellanie
1094 1789 1469 1883 Feritatis-Millonis,
1493 1809 1701 1881 remaneat,
1728 1810 1765 1871 et

340 1920 445 2028 quod
463 1948 598 1997 manus
615 1920 761 1998 domini
775 1920 954 2028 Regisad
965 1921 1258 2028 requisicionem
1276 1920 1365 1999 dicti
1384 1920 1520 2027 prioris
1535 1921 1680 1999 ibidem
1699 1952 1765 2029 po-

342 2051 429 2139 sita,
451 2067 685 2129 amoveatur:
705 2051 791 2129 Visa
811 2051 1000 2158 inquesto,
1019 2080 1134 2159 super
1151 2052 1225 2129 hiis
1245 2052 1293 2129 de
1312 2050 1488 2129 mandato
1503 2068 1633 2130 nostro
1653 2052 1763 2141 facta,

325 2182 432 2287 ·quia
452 2183 647 2259 inventum
667 2198 724 2259 est
742 2180 973 2259 sufficienter
996 2180 1196 2289 probatum
1221 2181 1365 2259 dictum
1385 2182 1550 2288 priorem
1575 2199 1613 2259 et
1631 2184 1765 2288 prede·

341 2340 507 2389 cessores
526 2341 616 2391 suos
639 2340 719 2391 esse
740 2330 778 2390 et
796 2311 911 2391 fuisse
930 2314 971 2390 in
989 2314 1125 2392 saisina
1145 2312 1314 2420 predicte
1329 2312 1480 2421 justicie
1500 2313 1539 2391 in
1560 2312 1659 2391 dicta
1678 2313 1763 2393 ville

343 2458 381 2518 et
403 2442 485 2549 ejus
503 2442 762 2546 pertinenciis,
779 2470 849 2547 per
868 2443 971 2519 curie
992 2461 1119 2521 nostre
1134 2443 1341 2550 judicium,
1363 2442 1507 2519 dictum
1526 2442 1599 2519 fuit
1616 2446 1765 2549 predic·

341 2590 423 2649 tum
437 2571 605 2677 priorem
621 2570 761 2647 debere
774 2598 968 2649 remanere
984 2572 1024 2647 in
1036 2571 1204 2677 predicta
1218 2571 1353 2650 saisina
1369 2570 1442 2649 alte
1449 2572 1601 2679 justicie
1614 2573 1653 2648 in
1666 2574 1764 2651 dicte

342 2701 488 2781 ville-et
503 2700 586 2807 ejus
597 2700 856 2807 pertinenciis,
874 2719 912 2779 et
925 2701 1320 2808 quodimpedimenta
1335 2703 1521 2806 predicta,
1538 2730 1606 2810 per
1620 2704 1763 2783 dictum

343 2833 520 2911 comitem
540 2848 579 2909 et
599 2831 680 2938 ejus
697 2848 827 2939 gentes
846 2832 887 2909 in
901 2833 1081 2938 predictis
1099 2833 1285 2938 apposita,
1307 2831 1398 2910 inde
1418 2835 1705 2924 amovebuntur,
1728 2853 1764 2911 et

342 2961 448 3067 quod
468 2960 635 3067 predicta
652 2961 701 3038 ed
720 2988 874 3040 manum
895 2979 1059 3041 nostram
1080 2964 1199 3070 posite
1219 2962 1345 3041 eidem
1362 2962 1479 3068 priori
1501 2964 1765 3043 deliberabun-

342 3110 417 3179 tur,
437 3092 537 3170 selva
555 3092 657 3170 dicto
676 3091 823 3179 comiti,
844 3092 883 3169 in
904 3094 1099 3199 predictis,
1119 3093 1317 3201 questione
1338 3094 1587 3200 proprietatis.
1855 3094 1858 3101 ’

400 3223 508 3300 Lune
528 3220 707 3328 predicta.

401 3352 526 3432 Monoi
545 3352 757 3459 reportarit

399 3617 557 3697 XXXVI.
587 3617 711 3722 Super
728 3645 775 3695 eo
794 3617 901 3724 quod
920 3616 1149 3697 Guilleimus
1160 3618 1399 3697 Trousselier
1416 3616 1610 3697 dicebatur
1623 3619 1765 3700 violen-

344 3765 404 3825 ter
416 3747 583 3853 rapuisse
598 3760 637 3824 et
650 3746 866 3855 cognovisse
879 3749 1123 3829 Petroniliam
1137 3748 1173 3826 le
1187 3749 1389 3840 Testaude,
1405 3748 1764 3831 uxoremGuillelmi

346 3879 375 3956 F
376 3877 492 3970 ortin,
506 3893 546 3954 et
556 3877 804 3982 superhocse
815 3879 1025 3986 pacificasse
1037 3880 1322 3973 cuchhaune,
1338 3882 1496 3990 Hugone
1510 3880 1764 3961 etGuillelmo

346 4007 524 4113 Testaua,
540 4005 716 4084 fratrihars
734 4008 834 4086 dicte
849 4009 1072 4102 Petronille,
1088 4038 1158 4115 per
1173 4010 1482 4117 compromissum
1500 4011 1637 4089 iactum
1653 4038 1767 4116 super

348 4137 421 4213 hoc
436 4137 537 4215 inter
550 4152 690 4243 partes,
708 4138 789 4245 ipse
803 4140 948 4244 positus
959 4139 1093 4218 fuisset
1109 4141 1157 4217 ed
1177 4141 1366 4218 racionem
1385 4169 1454 4247 per
1470 4142 1766 4219 commissarium

348 4266 545 4345 adomino
563 4269 665 4374 Rege
681 4268 722 4345 in
740 4268 815 4345 iilis
833 4269 1001 4373 partibus
1020 4269 1243 4375 deputatum
1261 4272 1310 4347 nd
1323 4270 1441 4349 finem
1458 4269 1683 4348 emendandi
1699 4269 1766 4347 dc-

348 4396 452 4475 mino
464 4398 556 4507 Regi
570 4398 709 4477 factum
722 4399 951 4505 predictum,
965 4417 1024 4489 et,
1037 4400 1119 4505 ipse
1133 4400 1306 4510 negando
1323 4401 1466 4479 dictum
1477 4419 1627 4506 raptum
1640 4418 1678 4477 et
1689 4400 1766 4476 vio-

348 4526 505 4605 lenciam
534 4530 762 4635 predictam,
788 4530 990 4608 asserendo
1014 4531 1131 4608 eciam
1156 4531 1262 4637 quod
1287 4530 1431 4607 dictum
1452 4529 1766 4635 compromissum

347 4656 487 4737 feceret
499 4687 577 4737 non
590 4677 837 4766 spontaneus,
854 4658 922 4738 sed
937 4661 1154 4766 compulsus
1168 4660 1217 4739 ad
1231 4662 1305 4739 hoc
1321 4690 1390 4767 per
1406 4658 1652 4739 senescadlum
1666 4660 1766 4735 Xan-

347 4804 547 4865 tonensem
561 4804 600 4867 et
612 4807 745 4897 gentes
761 4818 866 4883 suos,
882 4791 1136 4899 requisi-risset
1150 4793 1256 4898 quod
1273 4817 1385 4898 anper
1401 4790 1475 4869 hiis
1489 4790 1621 4867 veritas
1640 4788 1766 4897 inqui-

349 4932 509 5005 reretur,
521 4935 599 4996 tam
610 4950 681 5028 per
691 4922 831 5000 dictam
839 4922 1084 5003 Petroniiiam
1095 4950 1210 5030 quam
1222 4950 1291 5030 per
1304 4922 1397 5001 alios
1407 4921 1563 5029 probos:
1575 4920 1764 5011 Tandem,

352 5047 526 5153 inquesta
542 5078 656 5157 super
676 5053 749 5146 hoc
766 5053 861 5131 facta
877 5053 955 5131 uisa
975 5070 1015 5131 ct
1033 5052 1236 5163 diiigenter
1254 5054 1471 5146 exmnineta,
1488 5052 1588 5130 idem
1610 5049 1768 5130 Guillel-

437 5224 488 5266 nrs
509 5225 591 5268 omn.
614 5227 660 5268 ιιι.
1332 5278 1335 5281 ¹
1569 5232 1578 5243 ·
1599 5206 1639 5265 38
