4450 6209
495 696 544 769 ts
1074 701 1166 777 LES
1199 704 1340 780 OLIM.

269 845 400 901 rurum
412 846 457 911 W·
554 840 813 949 «Stephanus,
834 842 905 920 Dei
925 845 1062 951 gracia,
1083 873 1211 924 comes
1228 847 1389 926 Bolonie
1409 864 1449 927 et
1467 848 1619 937 Mureti,
1643 846 1822 925 omnibus
1845 851 1922 927 suis

330 939 393 983 ’Μ’
497 968 527 1044 F
529 971 652 1049 rancis
662 990 701 1051 et
715 973 848 1081 buglis
859 992 898 1053 et
910 976 1094 1055 uniuersis
1112 994 1238 1057 sancte
1253 980 1381 1057 matris
1401 978 1555 1057 ecclesie
1571 978 1674 1067 liliis,
1691 994 1768 1055 tam
1786 977 1922 1061 futuris

497 1130 611 1207 quam
634 1105 888 1211 presentibus,
918 1107 958 1183 in
994 1108 1151 1187 domino
1178 1109 1473 1201 testu-cristo,
1506 1108 1694 1188 salutem:
1724 1110 1848 1205 Quam
1874 1110 1922 1189 sit

498 1234 749 1312 necessarium
762 1254 889 1315 sancte
900 1240 1028 1316 matris
1048 1240 1205 1319 ecclesie
1220 1242 1375 1319 utilitati
1390 1259 1429 1319 et
1441 1268 1634 1319 servorum
1647 1241 1718 1319 Dei
1735 1240 1774 1317 in
1793 1270 1834 1319 ea
1849 1242 1920 1317 mi-

496 1364 692 1445 litancium
718 1368 800 1474 paci
825 1387 865 1446 et
883 1369 1149 1479 indempnitati
1169 1358 1386 1479 providere,
1414 1373 1544 1452 solerti
1571 1400 1660 1450 cura
1684 1374 1918 1479 perpendere

497 1524 567 1575 nos
586 1498 787 1589 condecet,
805 1528 900 1607 quos
918 1500 1041 1592 Deus,
1061 1531 1139 1582 non
1159 1505 1299 1583 nostris
1315 1502 1461 1583 meritis
1480 1503 1549 1583 sed
1567 1502 1646 1581 sola
1665 1503 1920 1583 misericordia

496 1656 578 1721 sua,
600 1658 716 1737 super
739 1631 927 1737 populum
956 1662 1070 1711 suum
1100 1636 1300 1743 principari
1319 1636 1508 1743 permisit,
1530 1636 1686 1743 quibus,
1712 1636 1760 1715 ad
1779 1636 1919 1713 vindie-

495 1775 574 1839 tam
592 1762 861 1867 reproborum,
884 1763 1037 1842 laudem
1054 1795 1144 1845 vero
1163 1766 1371 1857 bonorum,
1391 1767 1561 1876 gladium
1580 1765 1815 1845 materialem
1835 1794 1921 1845 con·

498 1893 635 1983 cessit;
665 1910 881 2002 eapropter,
911 1898 1150 2003 presentibus
1180 1916 1315 1977 notum
1344 1898 1501 1977 iacimus
1535 1916 1574 1977 et
1600 1898 1766 2004 presenti
1796 1896 1920 2003 scripti

498 2024 718 2104 testimonio
744 2028 929 2105 memorie
955 2027 1188 2121 firturorum,
1211 2032 1250 2109 iu
1269 2030 1401 2139 primis
1420 2029 1595 2111 volumus
1615 2028 1735 2136 quod,
1757 2028 1805 2107 ad
1825 2029 1919 2137 peti-

500 2158 649 2237 cionem
668 2158 894 2238 venerabilis
912 2161 977 2237 viri
1000 2162 1144 2241 domini
1164 2162 1344 2253 Balduni,
1367 2162 1509 2241 abbatis
1533 2158 1919 2242 Sancti-Wlmaride·

377 2315 382 2324 ’
498 2290 677 2379 Nemore,
692 2290 829 2398 suique
847 2292 940 2369 sacri
955 2292 1120 2401 collegii,
1137 2295 1186 2371 ad
1206 2294 1395 2401 exemplar
1414 2290 1818 2371 excellentissimorum
1835 2319 1919 2398 pre-

499 2420 739 2501 decessorum
761 2440 996 2515 nostrorum,
1012 2426 1175 2503 Eustacii
1186 2425 1367 2533 junioris,
1384 2423 1545 2503 Eustacii
1566 2421 1740 2510 senioris,
1756 2420 1918 2511 Ernulli,

499 2552 680 2631 comitum
697 2552 874 2650 Bolonie‚
891 2586 1057 2664 quorum
1078 2560 1216 2664 scripta
1234 2556 1452 2661 autentiqua
1470 2556 1633 2633 vidimus
1652 2571 1690 2633 et
1709 2553 1921 2661 approbavi-

499 2712 601 2777 mus,
618 2687 891 2765 monasterium
909 2689 1231 2777 Sancti-Wlmari,
1250 2718 1336 2765 cum
1350 2706 1430 2767 tota
1449 2687 1536 2767 villa
1553 2705 1591 2765 et
1606 2685 1689 2765 loro
1710 2702 1748 2763 et
1767 2712 1920 2763 cousue-

498 2815 697 2895 tudinibus
715 2818 832 2924 ipsius
851 2818 943 2907 lori,
964 2819 1011 2897 ab
1030 2822 1136 2897 omni
1159 2820 1422 2931 jurisdictione
1441 2822 1582 2900 terreni
1603 2838 1641 2899 et
1659 2818 1837 2897 secularis
1856 2818 1920 2895 do-

499 2950 665 3027 minatus
685 2950 906 3059 excipimus,
924 2968 962 3027 et
981 2951 1099 3029 nichil
1119 2952 1275 3030 omnino
1291 2953 1387 3062 juris
1403 2954 1442 3032 in
1462 2954 1536 3031 biis
1554 2952 1748 3040 omnibus,
1768 2950 1836 3029 sed
1855 2976 1920 3027 nec

500 3084 540 3160 in
560 3079 746 3161 electione
772 3081 968 3161 abbacium
988 3084 1045 3163 uel
1067 3085 1307 3163 institucione
1327 3086 1485 3167 fratrum
1504 3085 1748 3194 requirimus,
1771 3112 1859 3161 curu
1880 3110 1919 3159 er

500 3212 690 3291 relacione
715 3212 890 3292 fidelium
916 3234 954 3294 et
978 3246 1022 3295 ex
1043 3216 1141 3297 fama
1164 3218 1314 3326 publica
1341 3234 1487 3296 constet
1506 3216 1608 3294 idem
1632 3214 1917 3303 monasterinm,

500 3376 587 3425 cum
608 3348 686 3425 suis
704 3348 965 3455 pertinenciis,
987 3380 1066 3429 uon
1085 3351 1133 3429 ab
1153 3350 1227 3429 alio
1250 3368 1404 3457 potente
1433 3380 1547 3459 quam
1576 3346 1623 3427 ab
1652 3350 1734 3457 ipso
1759 3346 1920 3455 glorioso

502 3478 615 3557 Cristi
630 3478 858 3569 consessore,
875 3482 914 3558 in
928 3484 1091 3589 propriis
1105 3484 1257 3563 allodiis
1270 3482 1460 3573 nobiliter,
1478 3480 1576 3561 sicut
1591 3480 1767 3568 cernitur,
1787 3477 1920 3555 lunda-

500 3628 583 3687 tum
601 3609 728 3689 baisse.
750 3614 943 3704 Preterea,
963 3613 1070 3692 villas
1089 3634 1128 3693 et
1142 3615 1395 3723 possessiones
1411 3642 1504 3721 quas
1522 3644 1543 3691 a
1563 3614 1683 3720 prima
1698 3609 1920 3689 fundacione

502 3739 607 3816 idem
635 3744 905 3821 monasterium
925 3744 1072 3835 babuit,
1100 3746 1159 3825 vel
1179 3776 1270 3855 quas
1295 3776 1340 3825 ex
1363 3744 1586 3824 liberalitate
1615 3742 1919 3851 predecessorum

506 3888 722 3949 nostrornm
745 3875 989 3980 postmodum
1014 3880 1222 3987 acquisivit,
1248 3880 1295 3957 ab
1320 3880 1425 3956 omni
1446 3876 1711 3986 jurisdictione
1738 3898 1921 3951 successo·

502 4029 595 4079 rum
610 4022 826 4082 nostrorum
846 4005 981 4086 liberas
1000 4040 1080 4089 esse
1101 4011 1356 4099 decernimus,
1375 4026 1412 4087 et
1431 4027 1474 4087 ut
1493 4007 1712 4085 immediate
1734 4004 1824 4081 dicti
1846 4030 1922 4081 mo

508 4133 660 4211 nasterii
684 4136 964 4244 imperpetuum
989 4142 1207 4251 subjaceant
1232 4140 1394 4251 legibus,
1417 4140 1580 4249 presenti
1611 4139 1748 4245 scripto
1774 4136 1921 4215 sancivi·

502 4294 606 4343 mus.
627 4267 809 4351 villarum
830 4290 955 4352 autem
976 4292 1063 4353 sunt
1087 4275 1159 4352 bec
1182 4273 1362 4351 nomina:
1388 4273 1475 4352 villa
1503 4268 1827 4359 Sancti-Wlmari,
1849 4294 1920 4374 que

502 4398 549 4475 ab
580 4403 743 4509 antiquis
767 4404 947 4485 Silviaous
976 4407 1127 4495 dicitur,
1159 4428 1245 4483 cum
1270 4405 1352 4483 loro
1383 4422 1422 4483 et
1452 4403 1643 4511 premissis
1672 4399 1919 4483 libertatibus.

507 4530 730 4623 Mintinum,
745 4537 919 4627 Berlem,
937 4538 1146 4629 Hedinum,
1161 4538 1421 4645 Kitingehem‚
1438 4534 1716 4644 Moringehem,
1732 4531 1919 4619 Foubem,

501 4662 676 4756 Colonia,
713 4695 799 4746 cum
832 4670 1189 4779 circumjacentibus·
1214 4670 1405 4762 marescis,
1438 4667 1604 4775 piscariis
1638 4682 1676 4743 et
1704 4660 1920 4769 paludibus,

505 4793 633 4875 Kalila
663 4826 749 4877 cum
777 4800 916 4892 boscis,
944 4802 1104 4909 pasturis
1135 4819 1174 4879 et
1193 4801 1273 4879 aliis
1300 4799 1530 4908 appendiciis
1555 4797 1651 4886 suis,
1681 4792 1863 4871 Bemules
1889 4808 1924 4869 et

500 4929 668 5037 quedam
685 4961 769 5038 pars
784 4932 872 5010 ville
889 4934 935 5010 de
951 4934 1081 5011 Frenc.
1099 4932 1221 5011 Habet
1236 4962 1389 5041 quoque
1407 4946 1614 5009 memorata
1634 4924 1787 5005 ecclesia
1808 4940 1924 4999 terras

500 5083 538 5144 et
556 5064 723 5171 hospites
739 5066 833 5144 circa
852 5064 1065 5156 Boloniam,
1088 5064 1192 5172 apud
1214 5064 1363 5151 Cluses,
1393 5062 1493 5170 apud
1511 5058 1800 5168 Hessiugebem,
1823 5051 1922 5160 apud
