4450 6209
736 737 1097 849 cucolanstan
1125 712 1329 831 enonas.
1673 764 1745 837 sor

324 899 537 990 dinteville,
553 926 623 1005 pro
637 926 748 1006 posse
763 928 849 990 ouo,
868 899 1074 1007 eligebant,
1090 928 1162 1007 per
1174 928 1270 1008 quos
1285 901 1648 979 communitasdiete
1661 904 1747 983 ville
1779 908 1914 968 nuum
1929 916 1971 982 tv,

319 1036 422 1145 juste
437 1049 476 1109 et
487 1031 568 1111 sine
581 1030 714 1108 baudo
729 1033 808 1139 regi
823 1031 1003 1121 debebat,
1019 1049 1062 1109 at
1073 1060 1143 1139 per
1158 1058 1223 1111 eos
1241 1032 1458 1141 regebatur3
1481 1033 1619 1113 deinde
1638 1059 1745 1125 vem,
1847 1006 1909 1050 Μ’

323 1182 535 1271 atempore
554 1190 617 1241 sex
637 1190 824 1241 annorum
842 1162 1169 1241 velnovemcitra
1195 1180 1263 1241 aut
1283 1164 1441 1254 circiteo,
1464 1167 1582 1275 major
1603 1184 1641 1244 et
1659 1190 1749 1244 oon·
1884 1228 1888 1237 .

322 1295 509 1402 sulcoqui
530 1324 551 1371 a
569 1294 670 1371 dicto
686 1312 861 1403 tempore
880 1293 1037 1373 luemm
1051 1294 1161 1385 citra,
1184 1294 1351 1373 obmisso
1369 1298 1521 1403 penitus
1536 1297 1692 1406 antiquo
1712 1318 1750 1378 et

322 1426 533 1536 approbato
546 1424 664 1503 modo
683 1424 771 1503 utili
784 1426 1048 1503 communitati
1068 1427 1177 1505 atrei
1187 1426 1344 1534 publica
1358 1426 1446 1505 cille
1457 1429 1650 1534 predicte,
1667 1456 1750 1536 par-

323 1559 521 1640 ticularem
537 1556 656 1666 magis
670 1586 786 1663 quam
801 1585 1044 1636 communem
1059 1553 1156 1635 circa
1173 1558 1250 1637 hnc
1267 1558 1468 1637 utilitatem
1488 1560 1746 1668 respicientes,

204 1733 208 1738 ·
321 1689 441 1771 alium
459 1714 603 1768 novum
620 1688 782 1766 modum
797 1688 963 1795 eligendi
975 1688 1159 1797 majorem
1175 1706 1213 1765 et
1230 1689 1403 1767 musuleo
1422 1690 1578 1768 intense
1598 1692 1749 1769 invene-

322 1838 430 1911 runt,
450 1850 493 1897 an
513 1821 650 1909 edam,
666 1836 712 1895 ut
728 1818 826 1897 alios
843 1820 940 1896 cives
959 1835 998 1895 et
1012 1819 1247 1919 habitatores
1268 1819 1366 1897 dicte
1385 1816 1473 1897 villo
1493 1846 1641 1929 gratme
1661 1844 1747 1927 pot·

321 1968 406 2032 sent
416 1959 652 2058 etsnpareos
665 1948 868 2039 dominari,
880 1949 981 2026 inter
992 1978 1032 2027 se
1042 1948 1308 2049 'fraudulenter
1319 1949 1745 2044 etdoloaeordinarnnt,

321 2082 499 2163 videlicet
510 2081 632 2190 (prod,
650 2080 1026 2190 longezmtetempm
1038 2079 1366 2187 deposicionissui
1380 2080 1513 2173 officii,
1530 2081 1620 2159 alibi
1633 2107 1747 2190 quam

323 2216 362 2291 in
382 2214 484 2293 dieto
496 2214 582 2291 loco
602 2213 795 2289 communi
817 2212 866 2291 ad
885 2213 965 2300 hoc,
977 2213 1380 2320 annvitusconsueto
1399 2213 1616 2291 seinvicem
1635 2212 1748 2291 olam-

322 2345 469 2425 destino
491 2344 786 2454 congregabant,
808 2360 846 2420 et
864 2342 1026 2433 ibidem,
1051 2344 1361 2421 emmunitatem
1383 2343 1592 2451 prodictam
1616 2343 1746 2421 dolose

322 2477 568 2583 decipiendo,
581 2491 724 2552 moreto
735 2473 963 2554 ordinabant
973 2473 1061 2553 illos
1070 2491 1234 2581 quatuor
1243 2502 1340 2581 quos
1351 2473 1545 2552 debebant·
1552 2475 1598 2551 ad
1612 2471 1747 2581 eligens

322 2607 528 2690 dumalias
546 2622 633 2684 octo
645 2604 853 2711 deputare,
873 2604 969 2682 talea
988 2606 1054 2712 qui
1074 2633 1207 2683 eorum
1226 2624 1488 2713 sequerentur,
1510 2606 1551 2681 in
1572 2604 1747 2713 eligendo

322 2754 466 2818 ceteros
486 2754 597 2826 octo,
625 2737 667 2813 in
693 2736 873 2814 omnibus
895 2737 1147 2829 voluntatem
1169 2754 1208 2815 at
1229 2736 1305 2814 illis
1329 2754 1493 2843 quatuor
1511 2736 1611 2813 inter
1629 2761 1670 2812 se
1694 2736 1747 2814 sic

321 2869 504 2949 ordinatis
524 2885 566 2945 at
581 2868 728 2957 electis,
747 2866 951 2945 mittebant
974 2893 1044 2974 pro
1067 2866 1176 2974 ipsis,
1195 2884 1238 2945 et
1262 2894 1329 2945 eos
1352 2868 1400 2947 ad
1423 2894 1463 2945 oe
1482 2869 1611 2945 uenire
1635 2866 1747 2944 satie

320 3000 413 3079 bant
425 3016 472 3078 et
487 3000 616 3107 jurare
635 2998 743 3106 quod
765 3017 852 3076 octo
877 3016 1001 3076 certos
1016 2999 1133 3087 viros,
1161 3026 1230 3105 per
1254 3026 1318 3077 eos
1338 2998 1409 3076 sibi
1435 3024 1606 3104 expresse
1625 2999 1745 3113 nomi·

321 3130 516 3209 natos‘teu
534 3129 575 3205 in
589 3130 734 3235 scriptis
749 3130 924 3220 traditos,
944 3129 1129 3237 eligerent
1148 3130 1196 3207 ad
1212 3131 1519 3207 nominacionem
1536 3156 1642 3206 suam
1664 3156 1748 3235 pre

322 3262 478 3350 dictam3
491 3260 632 3369 quibus
648 3278 733 3339 octo
748 3260 970 3339 bominibus
989 3261 1037 3337 ad
1051 3261 1355 3339 nominationem
1373 3288 1523 3349 eorum,
1544 3286 1611 3365 per
1627 3259 1747 3339 dictos

321 3410 487 3502 quatuor
504 3393 557 3471 sic
581 3392 730 3484 electis,
746 3394 873 3502 jurare
896 3392 1072 3471 similiter
1095 3391 1281 3471 faciebant
1306 3391 1412 3498 quod
1431 3391 1502 3499 ipsi
1523 3408 1608 3467 octo
1631 3408 1748 3468 certas

322 3553 500 3633 personas
513 3552 607 3631 quas
622 3524 713 3602 dicti
727 3523 901 3602 consules
920 3540 1063 3600 secrete
1073 3523 1180 3599 inter
1191 3550 1231 3599 se
1245 3521 1435 3629 eligebant
1449 3538 1489 3598 et
1502 3519 1744 3613 ordinabant,

321 3655 497 3737 videlicet
516 3655 680 3764 quilibet
698 3684 835 3733 eorum
849 3684 972 3732 unum
992 3654 1040 3731 de
1060 3651 1347 3761 consanguineis
1367 3651 1573 3731 velaminis
1592 3652 1686 3741 suis,
1700 3654 1745 3729 in

323 3787 506 3896 majorem
518 3804 557 3865 et
568 3787 741 3866 consules
756 3787 845 3864 anni
856 3785 974 3865 futuri
988 3801 1222 3867 assumerent
1238 3785 1285 3863 ad
1297 3783 1601 3864 nominationem
1614 3808 1746 3861 corum

323 3936 362 3997 et
380 3918 578 4027 eligerent,
594 3934 707 4024 prout
728 3918 829 3995 inter
847 3918 947 4024 ipsos
965 3917 1136 3995 extiterat
1153 3898 1384 4005 ordinatum;
1401 3914 1468 4022 qui
1487 3915 1645 4022 quidem
1663 3932 1747 3993 coto

322 4047 377 4127 sic
384 4047 518 4156 jurati,
540 4047 723 4155 majorem
743 4063 782 4124 et
801 4048 1011 4125 consulesa
1030 4048 1132 4124 dicto
1145 4064 1318 4153 tempore
1335 4047 1441 4134 citra,
1459 4046 1506 4122 ad
1521 4045 1747 4123 nominacin

323 4206 411 4258 nem
431 4177 638 4285 predictam
658 4176 866 4285 eligebant,
886 4206 965 4255 non
984 4178 1155 4284 inspecto
1170 4178 1275 4284 quod
1290 4177 1380 4257 dicti
1395 4178 1450 4255 sic
1467 4176 1577 4253 electi
1593 4176 1747 4253 inutiles

324 4326 447 4387 emant
472 4326 511 4386 et
528 4309 655 4387 minus
674 4308 814 4417 ydonei
840 4309 1101 4387 communitati
1120 4308 1207 4386 ville
1226 4308 1395 4415 predicte
1415 4324 1455 4386 et
1470 4307 1688 4413 dampnosi3
1709 4324 1749 4385 et

323 4440 377 4518 sic
391 4469 412 4517 a
428 4439 528 4519 dicto
548 4456 721 4546 tempore
741 4439 832 4517 citra
851 4466 921 4545 per
933 4438 1028 4516 tales
1047 4439 1347 4545 conspirationes
1366 4438 1512 4515 illicitas
1531 4454 1568 4514 et
1588 4435 1747 4517 berellae

321 4572 557 4679 reprobatas,
581 4572 700 4651 eciam
714 4572 930 4680 juramento
953 4571 1122 4661 vallatas,
1145 4568 1385 4648 consulatum
1399 4585 1437 4646 et
1450 4567 1749 4646 administracio-

323 4731 413 4781 nem
429 4704 528 4782 dicte
542 4703 630 4781 ville
643 4704 742 4781 inter
756 4731 797 4781 se
810 4731 880 4809 per
894 4703 1093 4780 circuitum
1109 4718 1316 4779 tenuerunt
1330 4718 1369 4777 et
1383 4706 1501 4779 eciam
1515 4699 1746 4789 habueruut,
1852 4788 1854 4793 ,
1918 4721 1921 4729 ’

325 4835 446 4913 dictos
460 4833 558 4913 cives
576 4851 614 4912 et
633 4834 946 4911 communitatem
961 4833 1150 4940 predictos
1168 4832 1430 4909 fraudulenter
1445 4848 1482 4909 ot
1498 4830 1629 4908 dalem
1647 4830 1749 4907 deci-

324 4965 481 5074 piendo,
501 4965 705 5073 pluresque
720 4982 892 5072 sumptus
907 4979 946 5043 et
963 4993 1140 5073 expensas
1160 4962 1423 5043 communitati
1442 4962 1539 5042 dicte
1557 4960 1644 5041 ville
1663 4964 1757 5038 inu-²

326 5097 413 5176 tiles
424 5116 463 5175 et
475 5096 698 5203 dampnosos
710 5096 757 5175 de
773 5096 885 5175 bonis
900 5096 1178 5175 communitatis
1188 5096 1376 5204 predicte,
1390 5124 1455 5205 per
1466 5116 1600 5175 eorum
1609 5092 1748 5170 sactum
