4450 6209
508 746 585 820 ssu
1094 743 1185 817 Lus
1214 743 1354 818 OLlM.

282 899 413 956 esrum
425 902 468 968 tv,
509 891 748 998 possessione
767 887 935 995 predicta
952 886 1138 964 violenter
1156 885 1396 993 expulerunt,
1418 884 1602 992 pluraque
1622 885 1722 962 bona
1742 884 1842 962 dicte
1862 885 1930 962 do·

341 995 405 1037 ”⁰⁷⁶
507 1049 594 1098 mus
613 1048 742 1099 secum
762 1035 1061 1126 asportaverunt,
1081 1047 1235 1096 manum
1255 1034 1421 1095 nostram
1442 1017 1587 1096 ibidem
1603 1017 1811 1124 appositam
1831 1015 1930 1094 sran-

506 1150 651 1258 gend03
666 1179 780 1258 super
792 1150 933 1257 quibus
943 1149 1156 1228 excessibus
1168 1167 1207 1228 et
1221 1149 1487 1228 excedencium
1500 1147 1735 1241 nominibus,
1748 1177 1794 1226 ex
1804 1145 1926 1226 officio

505 1301 651 1372 nostro,
670 1283 948 1372 mandavimus,
962 1311 1032 1389 per
1049 1283 1229 1360 ballivum
1246 1300 1419 1360 nostrum
1435 1281 1604 1372 Vitriaci,
1620 1279 1757 1358 vocatia
1780 1307 1927 1358 evocan-

505 1416 578 1504 dis,
599 1415 794 1491 veritatem
813 1414 953 1520 inquiri
971 1430 1158 1493 etnostre
1174 1414 1277 1492 curie
1296 1411 1503 1520 reportari:
1521 1413 1608 1492 Visa
1622 1411 1737 1519 igitur
1756 1412 1926 1519 inquesta

502 1573 616 1652 super
635 1546 706 1623 boc
725 1545 839 1636 lacta,
865 1561 904 1622 et
924 1571 994 1650 per
1012 1547 1154 1624 curiam
1176 1560 1340 1623 nostram
1369 1544 1570 1654 diligenter
1593 1545 1817 1633 examinata,
1841 1547 1926 1625 visis

502 1679 620 1754 eciam
642 1677 872 1783 quibusdam
894 1676 1128 1767 nacionibus,
1152 1695 1229 1755 tam
1255 1705 1300 1755 ex
1324 1693 1429 1784 parte
1449 1675 1730 1754 communitatis
1749 1705 1863 1783 quam
1883 1707 1924 1756 ex

500 1825 605 1914 parte
615 1809 865 1915 quarumdam
877 1835 1125 1914 personarum
1138 1807 1385 1918 singularium
1398 1808 1498 1886 dicte
1509 1807 1596 1885 ville
1606 1807 1824 1914 propositis,
1840 1811 1924 1915 quia

501 1938 696 2017 inventum
711 1954 770 2018 est
785 1939 996 2017 Jobannem
1016 1939 1161 2017 dictum
1181 1940 1387 2028 Gombaut,
1408 1941 1620 2017 lohannem
1641 1939 1785 2016 dictum
1807 1941 1923 2019 &uve

501 2086 541 2146 et
561 2071 759 2148 Huardum
784 2070 930 2147 dictum
948 2069 984 2147 le
1003 2073 1172 2180 llongre,
1196 2088 1288 2150 tunc
1310 2070 1483 2148 scabinos
1503 2071 1601 2147 dicte
1620 2071 1724 2160 ville,
1746 2071 1839 2148 item
1862 2073 1922 2150 lo-

499 2201 666 2279 bannem
680 2201 825 2280 dictum
841 2201 876 2278 le
891 2201 1017 2291 Filier,
1034 2205 1201 2281 lluetum
1223 2220 1261 2280 et
1278 2203 1454 2282 Coletum
1469 2202 1591 2280 dictos
1608 2200 1755 2295 Bubus,
1776 2202 1920 2298 fratres,

500 2333 710 2410 lohannem
737 2332 880 2411 dictum
907 2333 943 2411 le
969 2335 1098 2424 Catre,
1126 2335 1393 2414 Theobaldum
1420 2336 1562 2412 dictum
1587 2334 1622 2412 le
1647 2335 1859 2446 Bolengier,
1883 2339 1920 2415 in

497 2463 691 2569 premissis
714 2463 921 2571 culpabiles
946 2482 984 2542 et
1006 2465 1183 2574 gentibus
1203 2467 1340 2545 nostris
1360 2465 1624 2543 inobedientes
1645 2464 1776 2555 luisse,
1801 2467 1921 2546 dicms

495 2595 686 2673 lohannes
709 2594 903 2674 Gombaus
928 2597 966 2673 in
992 2597 1182 2687 ducentis,
1206 2599 1394 2676 lebannes
1418 2596 1540 2674 dieue
1564 2599 1683 2676 Snuve
1707 2598 1747 2674 in
1771 2615 1921 2678 centum

496 2727 785 2836 quinquaginta,
803 2729 980 2806 llunrdus
1000 2728 1125 2806 dictus
1146 2730 1181 2806 le
1206 2731 1377 2837 Hongres
1399 2730 1438 2806 in
1463 2730 1707 2838 quadraginta
1729 2748 1918 2839 tamquam

496 2857 684 2947 scabinos,
702 2859 809 2947 item,
825 2859 1017 2938 lohannes
1033 2859 1155 2938 dictus
1169 2860 1195 2937 li
1209 2860 1343 2939 Filiers
1358 2861 1395 2938 in
1410 2876 1578 2954 centum,
1597 2863 1742 2938 Huetus
1758 2880 1797 2940 et
1811 2863 1920 2942 Cole-

494 3003 557 3063 tus
576 2987 665 3063 dicti
686 2989 827 3078 Buhot,
850 2987 997 3080 iratres,
1015 2992 1054 3068 in
1074 2991 1266 3082 ducentis,
1287 2993 1478 3070 lohannes
1499 2993 1620 3071 dictam
1636 2993 1662 3069 li
1683 2993 1795 3072 Catre
1814 2995 1852 3070 in
1869 2995 1919 3072 vi-

494 3116 588 3224 ginti
607 3117 730 3207 libris3
752 3120 861 3208 item,
879 3122 1124 3201 Theobaldus
1145 3123 1269 3201 dictus
1287 3123 1313 3200 li
1330 3125 1547 3233 Bolengiers
1564 3125 1602 3202 in
1620 3141 1770 3203 centum
1790 3125 1919 3204 solidis

494 3275 693 3354 parvorum
704 3249 895 3330 bonorum
906 3254 1205 3346 Tumnensium,
1219 3257 1368 3333 attentis
1381 3285 1513 3334 eorum
1530 3254 1770 3334 facultatibus
1781 3273 1820 3335 et
1830 3287 1919 3364 qua-

479 3377 596 3457 litate
609 3380 853 3472 delictorum,
870 3384 996 3477 nobis,
1012 3414 1082 3492 pro
1094 3389 1255 3464 emenda
1266 3447 1274 3475 ,
1287 3415 1356 3492 per
1365 3388 1468 3465 curie
1481 3405 1609 3465 nostre
1616 3387 1823 3495 judicium,
1836 3417 1917 3466 con·

493 3508 687 3618 dempnati
708 3511 880 3606 luerunt,
906 3516 1007 3592 salvo
1029 3517 1142 3596 nobis
1166 3535 1202 3594 et
1226 3534 1374 3596 retento
1396 3518 1501 3626 quod
1526 3535 1655 3596 contra
1679 3518 1772 3597 alies
1796 3521 1917 3597 delin-

492 3658 667 3747 quentes,
681 3659 809 3721 contra
819 3673 916 3750 quos
925 3674 1001 3724 non
1012 3647 1082 3724 luit
1092 3649 1318 3756 inquisitum
1328 3648 1375 3725 ad
1386 3649 1560 3755 plenum,
1573 3647 1753 3728 faciemus
1763 3651 1914 3758 inquiri.

547 3774 655 3849 Lune
675 3779 761 3878 post
781 3774 931 3852 octabas
945 3777 1166 3884 Epiphania.

546 3904 656 3978 Facta
683 3922 740 3981 est
765 3906 981 3985 commissio
1007 3937 1123 4016 super
1147 3910 1220 3987 hoc
1244 3911 1421 4018 magistro
1446 3911 1606 3990 lohanni
1633 3913 1680 3990 de
1705 3915 1821 4021 Roya,
1848 3915 1912 4023 qui

490 4031 627 4106 dictam
646 4035 849 4139 reportavit
872 4035 1101 4144 inquestam,
1128 4058 1165 4119 et
1188 4041 1293 4148 qued
1319 4043 1366 4119 de
1391 4041 1500 4119 bonis
1523 4043 1719 4149 asportatis
1743 4044 1791 4121 de
1816 4044 1912 4122 dicte

489 4161 606 4239 domo
621 4162 804 4270 inquirat,
824 4183 862 4244 et
875 4167 984 4245 faciat
998 4198 1040 4247 ea
1054 4171 1164 4248 reddi
1182 4170 1314 4249 domui
1330 4172 1508 4279 predicte.

543 4425 619 4501 XL.
652 4426 738 4505 Visa
748 4426 920 4534 inquesta
929 4428 1287 4540 interMargaritam,
1300 4433 1468 4510 relictam
1478 4436 1659 4513 lobannis
1670 4435 1908 4528 d'Auberive‚

490 4583 533 4630 ex
554 4574 659 4661 parte
680 4587 776 4649 uua,
802 4577 841 4637 et
862 4561 1097 4667 Stephanum
1115 4561 1356 4654 d'Auberive‚
1379 4565 1623 4644 Lambertum
1644 4585 1683 4646 et
1700 4568 1909 4647 lohannem

488 4684 731 4779 d’Auberive,
746 4691 830 4800 ejus
844 4709 1017 4798 nepotes,
1032 4721 1077 4770 ex
1090 4693 1223 4788 altera,
1240 4723 1353 4803 super
1364 4695 1544 4776 fractione
1559 4698 1697 4777 domus
1708 4701 1808 4778 dicte
1819 4703 1911 4781 Mar·

486 4814 621 4922 gerite,
640 4817 816 4927 dampnis
836 4839 875 4900 et
893 4823 1041 4931 injuriis
1058 4853 1126 4933 per
1146 4827 1336 4934 predictos
1354 4846 1391 4906 et
1410 4857 1542 4907 eorum
1562 4831 1762 4938 complices
1784 4832 1907 4911 eidem

485 4943 615 5034 illatis,
633 4967 677 5025 ut
697 4951 834 5030 dicitur
847 4953 957 5049 lacta,
971 4958 1060 5065 quia
1073 4960 1269 5038 inventum
1286 4977 1343 5039 est
1355 4961 1492 5040 dictam
1507 4963 1720 5070 inquestam
1736 4991 1812 5042 non
1829 4991 1907 5042 esse

483 5076 703 5180 perlectam,
719 5085 898 5189 perceris
914 5105 1040 5165 nostre
1053 5089 1257 5197 judicium,
1276 5093 1418 5171 dictum
1435 5071 1508 5171 luit
1521 5095 1625 5202 quod
1640 5095 1679 5172 in
1695 5123 1737 5173 ea
1751 5123 1906 5173 renova-
