4450 6209
732 697 1000 808 evocares
1027 717 1092 789 nr
1119 701 1328 790 raucas.
1670 719 1742 792 sse

320 855 461 934 ibidem
474 867 647 964 presente
661 876 699 935 et
719 857 998 964 pontificalibus
1017 859 1169 946 induto,
1185 885 1272 934 cum
1288 857 1431 945 mittra,
1446 883 1554 954 croca
1568 873 1606 932 et
1620 875 1745 934 sancte
1783 868 1914 921 Pmuere
1926 865 1969 927 tv,

321 986 439 1064 crucis
459 987 610 1078 vexillo,
632 989 826 1067 inhibente
852 990 952 1067 dicto
975 987 1177 1079 Gaufrido,
1201 1017 1244 1064 ex
1265 1005 1369 1094 parte
1389 987 1461 1065 Dei
1482 1005 1520 1064 et
1535 1003 1678 1076 nostra,
1698 1015 1745 1064 ne
1847 958 1909 999 '⁸¹⁰'

320 1118 406 1222 ipsi,
425 1118 582 1196 ecclesie
601 1147 668 1196 sue
683 1147 753 1197 nec
772 1119 990 1198 bominibus
1010 1118 1219 1196 d’Alamans
1235 1118 1378 1225 aliquas
1396 1117 1551 1226 injurias
1566 1119 1626 1195 vel
1644 1118 1748 1195 novi-

320 1265 414 1325 tates
427 1247 582 1337 laceret,
605 1249 728 1328 dictus
742 1249 945 1330 Gaufridus
965 1249 1085 1328 multa
1102 1248 1305 1357 opprobria
1324 1249 1417 1326 dixit
1432 1250 1556 1326 eidem
1572 1249 1747 1355 episcopo

322 1396 359 1453 et
377 1379 518 1484 pluries
531 1380 655 1486 ipsum
671 1380 744 1459 fuit
759 1381 1004 1468 dementitus‚
1021 1383 1196 1460 acaciam
1212 1382 1334 1460 dictus
1347 1379 1551 1459 Gaufridus
1566 1381 1616 1458 ita
1631 1382 1749 1485 impe-

321 1527 429 1587 tuose
449 1511 618 1589 transivit
636 1512 894 1595 interdictum
913 1513 1130 1620 episcopum
1151 1530 1189 1589 et
1204 1513 1408 1620 quemdam
1431 1512 1663 1589 sacerdotem
1683 1512 1747 1617 qui

323 1669 410 1718 eum
427 1643 633 1720 sustinebat
658 1643 764 1751 quod
787 1643 865 1722 lere
882 1645 992 1721 ambo
1010 1645 1059 1722 ad
1071 1661 1210 1721 terram
1227 1644 1462 1732 oeciderunt,
1478 1661 1516 1721 et
1528 1642 1750 1720 cecidissent

322 1771 393 1847 nisi
412 1789 571 1850 astantes
586 1775 687 1878 ipsos
707 1775 971 1851 sustinuissent
992 1791 1029 1852 et
1041 1775 1246 1882 juvassent,
1267 1791 1305 1851 et
1324 1774 1429 1880 quod
1445 1774 1643 1850 existentes
1662 1801 1749 1848 cum

322 1901 423 1979 dicto
444 1902 625 1981 Gaulrido
652 1904 781 2010 plures
807 1905 956 2012 sagittas
984 1920 1022 1980 et
1047 1904 1256 2010 quartellos
1278 1922 1407 1981 contra
1433 1904 1643 1982 habitantes
1658 1903 1749 1980 dicti

322 2033 431 2139 burgi
457 2034 708 2142 projecerim,
732 2052 770 2111 et
791 2035 897 2141 quod
917 2035 1041 2112 dictus
1060 2033 1266 2112 Gaubidus
1288 2036 1432 2114 assisias
1455 2034 1600 2112 ibidem
1619 2051 1748 2111 tenere

323 2164 567 2269 attemptavit.
591 2166 704 2252 Item,
721 2164 827 2270 quod
844 2165 965 2242 dictus
984 2162 1188 2242 Gaufridus
1203 2164 1451 2244 Guillelmum
1477 2166 1525 2241 de
1551 2164 1745 2250 Pbilbaco,

322 2320 436 2396 quem
459 2293 580 2373 dictus
598 2294 777 2382 Nicasius,
797 2295 959 2371 serviens
979 2311 1117 2383 noster,
1135 2311 1283 2399 ceperat
1302 2295 1402 2400 apud
1420 2293 1677 2382 Riberiacum,
1700 2295 1748 2369 de
1861 2311 1864 2315 ’

323 2423 500 2501 mandato
521 2423 714 2501 senescalli
740 2425 857 2502 nostri
876 2424 1204 2530 Petregoricensis,
1228 2441 1405 2531 tanquam
1429 2425 1642 2502 debitorem
1663 2451 1751 2500 nos·

322 2571 425 2632 trum
439 2553 652 2660 fugitivum,
665 2555 840 2633 rescussit
855 2555 994 2647 eidem,
1007 2583 1238 2662 manumque
1252 2555 1451 2633 violentam
1465 2556 1505 2631 in
1520 2555 1662 2632 dictum
1679 2583 1751 2630 ser·

322 2684 484 2763 vientem
505 2687 694 2792 apposuit,
713 2704 750 2763 et
769 2686 906 2795 digitos
932 2715 1046 2792 super
1067 2687 1199 2764 oculos
1218 2686 1410 2764 servientis
1429 2686 1588 2793 predicti
1605 2684 1751 2763 sortiter

225 2881 227 2886 .
323 2816 517 2923 oppressit,
528 2834 566 2894 et
580 2817 734 2924 insuper
746 2817 860 2924 quod,
873 2847 959 2894 cum
977 2817 1099 2895 dictus
1109 2816 1325 2909 Gaufridus,
1341 2847 1456 2894 manu
1471 2834 1510 2895 et
1524 2845 1601 2905 ore,
1612 2815 1751 2894 luisset

322 2965 522 3027 antestatus
540 2976 609 3054 per
625 2947 871 3025 senescallum
888 2965 1059 3026 nostrum
1076 2949 1437 3058 Petragoricensem,
1455 2965 1494 3026 et
1508 2947 1578 3025 sibi
1594 2975 1750 3054 precep-

322 3094 404 3155 tum
425 3078 532 3185 quod
551 3079 623 3156 iret
641 3079 740 3185 apud
759 3081 975 3158 Lausertam
992 3096 1122 3157 tenere
1147 3080 1371 3185 prisionem,
1401 3079 1524 3158 dictus
1546 3077 1750 3158 Gaufridus

323 3209 397 3286 boc
410 3208 531 3286 facere
548 3237 625 3286 non
644 3210 797 3300 curavit,
823 3210 890 3288 sed
909 3209 1134 3288 inobediens
1152 3210 1321 3298 recessit,
1348 3239 1391 3286 ac
1409 3209 1518 3316 plura
1536 3209 1607 3287 alia
1623 3239 1750 3316 grava·

324 3339 441 3428 mina,
459 3339 561 3417 dicto
578 3339 751 3445 episcopo
767 3359 806 3418 et
818 3341 994 3446 gentibus
1023 3341 1099 3417 suis
1123 3357 1163 3416 et
1179 3340 1425 3417 servientibus
1448 3341 1583 3418 nostris
1604 3339 1747 3428 intulit,

324 3487 361 3546 et
382 3470 510 3576 plures
533 3468 624 3546 alias
648 3469 926 3558 inobediencias
949 3467 1051 3558 fecit,
1070 3468 1380 3576 jurisdiccionem
1400 3487 1563 3548 nostram
1584 3483 1752 3545 contem-

322 3600 498 3706 pnendo:
520 3599 667 3695 Quibus
686 3601 863 3678 omnibus
884 3601 1085 3709 diligenter
1104 3599 1275 3687 attentis,
1295 3628 1364 3706 per
1383 3601 1486 3676 curie
1506 3616 1632 3676 nostre
1646 3598 1752 3706 judi-

186 3767 190 3775 ·
323 3733 442 3820 cium,
466 3731 588 3809 dictus
607 3731 810 3811 Gaufridus
830 3733 950 3810 extitit
966 3732 1264 3837 condempnatus
1277 3731 1448 3838 personis
1467 3759 1541 3838 que
1556 3746 1748 3836 sequntur,

323 3862 362 3937 in
390 3863 491 3938 hunc
514 3862 701 3940 modum:
729 3864 870 3954 Primo,
899 3863 999 3965 dicto
1027 3863 1215 3970 episcopo,
1245 3889 1315 3969 pro
1341 3863 1520 3968 predictis
1545 3860 1692 3969 injuriis
1714 3879 1752 3937 et

325 3990 497 4096 dampnis
513 3991 581 4068 sibi
599 4021 666 4098 per
685 3993 828 4070 dictum
843 3993 1065 4107 Gaufridum
1083 3992 1210 4081 illatis,
1226 3993 1265 4068 in
1285 3992 1390 4070 mille
1411 3993 1626 4100 quingentis
1645 3990 1752 4068 libris
1821 4043 1828 4052 -

324 4121 603 4199 Turonensium
623 4148 837 4227 parvorum,
857 4121 964 4209 item,
979 4121 1081 4198 dicto
1099 4119 1284 4211 Geraldo,
1298 4121 1579 4228 presbitero,in
1599 4139 1749 4198 centum

324 4251 430 4332 libris
447 4251 755 4340 Turonensibus;
777 4252 881 4340 item,
897 4251 997 4328 dicto
1016 4251 1177 4339 Nicasio,
1191 4252 1364 4329 servienti
1384 4269 1525 4343 nostro,
1538 4254 1578 4328 in
1598 4269 1751 4328 centum

326 4400 362 4460 et
377 4381 648 4490 quinquaginta
662 4381 766 4458 libris
776 4381 1079 4470 Turonensibus3
1096 4380 1206 4468 item,
1223 4380 1440 4457 bominibus
1451 4381 1753 4458 athabitautibus

327 4513 416 4590 dicti
425 4513 536 4620 burgi
545 4512 772 4601 d'Alamans,
787 4511 902 4618 captis
918 4527 955 4589 et
965 4510 1199 4588 incarceratis
1214 4539 1283 4617 per
1297 4511 1442 4587 dictum
1453 4508 1696 4598 Gaufridum,
1713 4512 1752 4586 in

326 4643 593 4752 quinquaginta
612 4642 719 4721 libris
738 4643 1024 4721 Turonensibus
1048 4639 1318 4719 distribuendis
1337 4642 1435 4718 inter
1454 4643 1555 4748 ipsos
1577 4671 1646 4748 per
1667 4671 1753 4748 pre-

327 4774 469 4852 dictum
491 4774 730 4882 episcopum
751 4775 860 4864 item,
883 4773 992 4852 nobis
1011 4773 1050 4849 in
1063 4770 1223 4849 duobus
1241 4771 1413 4850 millibus
1431 4772 1612 4852 librarum
1631 4775 1752 4851 Turo-

326 4903 517 4998 nensium,
533 4934 603 5010 pro
618 4905 776 4983 emenda
790 4921 931 4995 nostra;
945 4920 984 4982 et
994 4903 1164 5012 precepit
1182 4902 1284 4981 curia
1303 4920 1429 4982 nostra
1441 4904 1546 5011 quod
1559 4920 1638 4984 tota
1651 4921 1751 4982 terra

328 5035 416 5114 dicti
438 5034 607 5116 Gaulridi
630 5052 790 5143 ponatur
809 5034 856 5112 ad
872 5063 1027 5113 manum
1047 5051 1212 5113 nostram
1233 5051 1273 5112 et
1289 5051 1465 5112 teneatur
1482 5034 1606 5113 donec
1625 5034 1750 5112 omnia
