<?xml version="1.0" encoding="UTF-8"?>
<!DOCTYPE html PUBLIC "-//W3C//DTD XHTML 1.0 Transitional//EN"
    "http://www.w3.org/TR/xhtml1/DTD/xhtml1-transitional.dtd">
<html xmlns="http://www.w3.org/1999/xhtml" xml:lang="en" lang="en">
 <head>
  <title>
</title>
<meta http-equiv="Content-Type" content="text/html;charset=utf-8" />
  <meta name='ocr-system' content='tesseract 3.04.00' />
  <meta name='ocr-capabilities' content='ocr_page ocr_carea ocr_par ocr_line ocrx_word'/>
</head>
<body>
  <div class='ocr_page' id='page_1' title='image "./lesolimouregist00parigoog_0720.png"; bbox 0 0 4450 6209; ppageno 0'>
   <div class='ocr_carea' id='block_1_1' title="bbox 639 693 1736 822">
    <p class='ocr_par' dir='ltr' id='par_1_1' title="bbox 639 693 1736 822">
     <span class='ocr_line' id='line_1_1' title="bbox 639 693 1736 822; baseline 0.004 -16"><span class='ocrx_word' id='word_1_1' title='bbox 639 693 644 708; x_wconf 89' lang='grc'>’</span> <span class='ocrx_word' id='word_1_2' title='bbox 731 712 999 822; x_wconf 79' lang='lat' dir='ltr'>suoutras</span> <span class='ocrx_word' id='word_1_3' title='bbox 1024 731 1088 804; x_wconf 83' lang='lat' dir='ltr'>ar</span> <span class='ocrx_word' id='word_1_4' title='bbox 1114 714 1322 807; x_wconf 77' lang='lat' dir='ltr'>raocss.</span> <span class='ocrx_word' id='word_1_5' title='bbox 1663 737 1736 810; x_wconf 78' lang='lat' dir='ltr'>aas</span> 
     </span>
    </p>
   </div>
   <div class='ocr_carea' id='block_1_2' title="bbox 282 870 1959 5164">
    <p class='ocr_par' dir='ltr' id='par_1_2' title="bbox 282 870 1959 5164">
     <span class='ocr_line' id='line_1_2' title="bbox 317 870 1959 983; baseline -0.001 -33"><span class='ocrx_word' id='word_1_6' title='bbox 317 873 485 982; x_wconf 81' lang='lat' dir='ltr'>quisivit3</span> <span class='ocrx_word' id='word_1_7' title='bbox 507 873 754 981; x_wconf 87' lang='lat' dir='ltr'>inquestaque</span> <span class='ocrx_word' id='word_1_8' title='bbox 773 901 842 980; x_wconf 89' lang='lat' dir='ltr'>per</span> <span class='ocrx_word' id='word_1_9' title='bbox 854 900 942 950; x_wconf 88' lang='lat' dir='ltr'>eum</span> <span class='ocrx_word' id='word_1_10' title='bbox 958 871 1051 950; x_wconf 86' lang='lat' dir='ltr'>lacta</span> <span class='ocrx_word' id='word_1_11' title='bbox 1065 870 1114 949; x_wconf 89' lang='lat' dir='ltr'>de</span> <span class='ocrx_word' id='word_1_12' title='bbox 1128 871 1321 978; x_wconf 84' lang='lat' dir='ltr'><strong>predictis,</strong></span> <span class='ocrx_word' id='word_1_13' title='bbox 1337 873 1417 981; x_wconf 91' lang='lat' dir='ltr'>ipse</span> <span class='ocrx_word' id='word_1_14' title='bbox 1432 875 1600 983; x_wconf 82' lang='lat' dir='ltr'>precepit</span> <span class='ocrx_word' id='word_1_15' title='bbox 1614 874 1738 954; x_wconf 91' lang='lat' dir='ltr'>eidem</span> <span class='ocrx_word' id='word_1_16' title='bbox 1774 886 1904 939; x_wconf 67' lang='lat' dir='ltr'>Person</span> <span class='ocrx_word' id='word_1_17' title='bbox 1918 883 1959 948; x_wconf 76' lang='lat' dir='ltr'>W.</span> 
     </span>
     <span class='ocr_line' id='line_1_3' title="bbox 314 977 1900 1112; baseline 0.001 -29"><span class='ocrx_word' id='word_1_18' title='bbox 314 1003 480 1083; x_wconf 82' lang='lat' dir='ltr'>Arnaldo</span> <span class='ocrx_word' id='word_1_19' title='bbox 496 1004 602 1112; x_wconf 89' lang='lat' dir='ltr'>quod</span> <span class='ocrx_word' id='word_1_20' title='bbox 621 1003 765 1082; x_wconf 92' lang='lat' dir='ltr'>dictum</span> <span class='ocrx_word' id='word_1_21' title='bbox 783 1004 910 1082; x_wconf 90' lang='lat' dir='ltr'>locum</span> <span class='ocrx_word' id='word_1_22' title='bbox 929 1003 977 1081; x_wconf 89' lang='lat' dir='ltr'>de</span> <span class='ocrx_word' id='word_1_23' title='bbox 1000 1004 1195 1111; x_wconf 76' lang='lat' dir='ltr'><strong>Tyranno,</strong></span> <span class='ocrx_word' id='word_1_24' title='bbox 1216 1032 1305 1080; x_wconf 90' lang='lat' dir='ltr'>cum</span> <span class='ocrx_word' id='word_1_25' title='bbox 1325 1004 1408 1112; x_wconf 87' lang='lat' dir='ltr'>ejus</span> <span class='ocrx_word' id='word_1_26' title='bbox 1422 1007 1677 1112; x_wconf 85' lang='lat' dir='ltr'>pertinentiis,</span> <span class='ocrx_word' id='word_1_27' title='bbox 1700 1024 1739 1084; x_wconf 92' lang='lat' dir='ltr'>et</span> <span class='ocrx_word' id='word_1_28' title='bbox 1836 977 1900 1020; x_wconf 52' lang='grc' dir='ltr'>Μ’</span> 
     </span>
     <span class='ocr_line' id='line_1_4' title="bbox 316 1133 1739 1245; baseline 0.004 -33"><span class='ocrx_word' id='word_1_29' title='bbox 316 1135 580 1214; x_wconf 84' lang='lat' dir='ltr'>molendinum</span> <span class='ocrx_word' id='word_1_30' title='bbox 597 1135 686 1214; x_wconf 92' lang='lat' dir='ltr'>dicti</span> <span class='ocrx_word' id='word_1_31' title='bbox 704 1135 776 1214; x_wconf 93' lang='lat' dir='ltr'>loci</span> <span class='ocrx_word' id='word_1_32' title='bbox 797 1134 1010 1212; x_wconf 87' lang='lat' dir='ltr'>restitueret</span> <span class='ocrx_word' id='word_1_33' title='bbox 1030 1133 1129 1212; x_wconf 89' lang='lat' dir='ltr'>dicte</span> <span class='ocrx_word' id='word_1_34' title='bbox 1148 1134 1276 1225; x_wconf 87' lang='lat' dir='ltr'>Aude,</span> <span class='ocrx_word' id='word_1_35' title='bbox 1294 1164 1398 1226; x_wconf 92' lang='lat' dir='ltr'>cum,</span> <span class='ocrx_word' id='word_1_36' title='bbox 1414 1155 1500 1242; x_wconf 89' lang='lat' dir='ltr'>post</span> <span class='ocrx_word' id='word_1_37' title='bbox 1515 1137 1739 1245; x_wconf 84' lang='lat' dir='ltr'>appellacio-</span> 
     </span>
     <span class='ocr_line' id='line_1_5' title="bbox 317 1263 1741 1376; baseline 0.004 -33"><span class='ocrx_word' id='word_1_38' title='bbox 317 1295 405 1344; x_wconf 88' lang='lat' dir='ltr'>nem</span> <span class='ocrx_word' id='word_1_39' title='bbox 423 1266 641 1373; x_wconf 78' lang='lat' dir='ltr'>predictam,</span> <span class='ocrx_word' id='word_1_40' title='bbox 665 1295 748 1344; x_wconf 90' lang='lat' dir='ltr'>eam</span> <span class='ocrx_word' id='word_1_41' title='bbox 763 1295 830 1345; x_wconf 92' lang='lat' dir='ltr'>seu</span> <span class='ocrx_word' id='word_1_42' title='bbox 851 1265 933 1374; x_wconf 88' lang='lat' dir='ltr'>ejus</span> <span class='ocrx_word' id='word_1_43' title='bbox 947 1263 1129 1342; x_wconf 84' lang='lat' dir='ltr'>familiam</span> <span class='ocrx_word' id='word_1_44' title='bbox 1150 1264 1239 1342; x_wconf 92' lang='lat' dir='ltr'>inde</span> <span class='ocrx_word' id='word_1_45' title='bbox 1260 1265 1417 1374; x_wconf 87' lang='lat' dir='ltr'>ejectam</span> <span class='ocrx_word' id='word_1_46' title='bbox 1436 1297 1505 1375; x_wconf 90' lang='lat' dir='ltr'>per</span> <span class='ocrx_word' id='word_1_47' title='bbox 1524 1269 1649 1376; x_wconf 90' lang='lat' dir='ltr'>ipsum</span> <span class='ocrx_word' id='word_1_48' title='bbox 1670 1269 1741 1348; x_wconf 86' lang='lat' dir='ltr'>Ar-</span> 
     </span>
     <span class='ocr_line' id='line_1_6' title="bbox 317 1393 1742 1503; baseline 0.004 -29"><span class='ocrx_word' id='word_1_49' title='bbox 317 1397 475 1474; x_wconf 91' lang='lat' dir='ltr'>naldum</span> <span class='ocrx_word' id='word_1_50' title='bbox 489 1396 619 1486; x_wconf 88' lang='lat' dir='ltr'>fuisse,</span> <span class='ocrx_word' id='word_1_51' title='bbox 637 1425 705 1502; x_wconf 91' lang='lat' dir='ltr'>per</span> <span class='ocrx_word' id='word_1_52' title='bbox 722 1425 828 1473; x_wconf 90' lang='lat' dir='ltr'>suam</span> <span class='ocrx_word' id='word_1_53' title='bbox 849 1396 1059 1503; x_wconf 91' lang='lat' dir='ltr'>inquestam</span> <span class='ocrx_word' id='word_1_54' title='bbox 1079 1393 1222 1473; x_wconf 88' lang='lat' dir='ltr'>diceret</span> <span class='ocrx_word' id='word_1_55' title='bbox 1235 1397 1439 1491; x_wconf 77' lang='lat' dir='ltr'>invenisse3</span> <span class='ocrx_word' id='word_1_56' title='bbox 1457 1398 1559 1478; x_wconf 91' lang='lat' dir='ltr'>dicto</span> <span class='ocrx_word' id='word_1_57' title='bbox 1575 1429 1664 1479; x_wconf 83' lang='lat' dir='ltr'>vero</span> <span class='ocrx_word' id='word_1_58' title='bbox 1678 1400 1742 1478; x_wconf 82' lang='lat' dir='ltr'>Ar·</span> 
     </span>
     <span class='ocr_line' id='line_1_7' title="bbox 317 1525 1740 1632; baseline 0.002 -28"><span class='ocrx_word' id='word_1_59' title='bbox 317 1526 432 1605; x_wconf 88' lang='lat' dir='ltr'>naldo</span> <span class='ocrx_word' id='word_1_60' title='bbox 451 1528 523 1605; x_wconf 93' lang='lat' dir='ltr'>hoc</span> <span class='ocrx_word' id='word_1_61' title='bbox 543 1527 663 1604; x_wconf 89' lang='lat' dir='ltr'>facere</span> <span class='ocrx_word' id='word_1_62' title='bbox 689 1528 890 1618; x_wconf 80' lang='lat' dir='ltr'>recusavit3</span> <span class='ocrx_word' id='word_1_63' title='bbox 913 1526 1011 1604; x_wconf 88' lang='lat' dir='ltr'>dicta</span> <span class='ocrx_word' id='word_1_64' title='bbox 1032 1552 1121 1602; x_wconf 83' lang='lat' dir='ltr'>vero</span> <span class='ocrx_word' id='word_1_65' title='bbox 1145 1525 1317 1632; x_wconf 87' lang='lat' dir='ltr'>inquesta</span> <span class='ocrx_word' id='word_1_66' title='bbox 1344 1527 1393 1605; x_wconf 90' lang='lat' dir='ltr'>ad</span> <span class='ocrx_word' id='word_1_67' title='bbox 1413 1529 1555 1607; x_wconf 89' lang='lat' dir='ltr'>curiam</span> <span class='ocrx_word' id='word_1_68' title='bbox 1575 1549 1740 1610; x_wconf 89' lang='lat' dir='ltr'>nostram</span> 
     </span>
     <span class='ocr_line' id='line_1_8' title="bbox 317 1657 1738 1769; baseline 0.003 -35"><span class='ocrx_word' id='word_1_69' title='bbox 317 1675 511 1764; x_wconf 88' lang='lat' dir='ltr'>asportata,</span> <span class='ocrx_word' id='word_1_70' title='bbox 525 1675 562 1734; x_wconf 93' lang='lat' dir='ltr'>ct</span> <span class='ocrx_word' id='word_1_71' title='bbox 572 1657 681 1736; x_wconf 75' lang='lat' dir='ltr'>duda</span> <span class='ocrx_word' id='word_1_72' title='bbox 695 1658 862 1763; x_wconf 89' lang='lat' dir='ltr'>predicta</span> <span class='ocrx_word' id='word_1_73' title='bbox 872 1658 1054 1736; x_wconf 76' lang='lat' dir='ltr'>instanter</span> <span class='ocrx_word' id='word_1_74' title='bbox 1067 1657 1283 1762; x_wconf 77' lang='lat' dir='ltr'>requirente</span> <span class='ocrx_word' id='word_1_75' title='bbox 1296 1687 1380 1735; x_wconf 90' lang='lat' dir='ltr'>eam</span> <span class='ocrx_word' id='word_1_76' title='bbox 1389 1659 1508 1738; x_wconf 89' lang='lat' dir='ltr'>videri</span> <span class='ocrx_word' id='word_1_77' title='bbox 1517 1677 1556 1738; x_wconf 90' lang='lat' dir='ltr'>et</span> <span class='ocrx_word' id='word_1_78' title='bbox 1562 1662 1738 1769; x_wconf 85' lang='lat' dir='ltr'>judicari,</span> 
     </span>
     <span class='ocr_line' id='line_1_9' title="bbox 316 1785 1742 1898; baseline 0.004 -32"><span class='ocrx_word' id='word_1_79' title='bbox 316 1815 386 1895; x_wconf 89' lang='lat' dir='ltr'>per</span> <span class='ocrx_word' id='word_1_80' title='bbox 402 1805 582 1866; x_wconf 90' lang='lat' dir='ltr'>arrestum</span> <span class='ocrx_word' id='word_1_81' title='bbox 603 1804 730 1865; x_wconf 90' lang='lat' dir='ltr'>nostre</span> <span class='ocrx_word' id='word_1_82' title='bbox 749 1787 869 1874; x_wconf 90' lang='lat' dir='ltr'>curie,</span> <span class='ocrx_word' id='word_1_83' title='bbox 885 1787 1029 1864; x_wconf 92' lang='lat' dir='ltr'>dictum</span> <span class='ocrx_word' id='word_1_84' title='bbox 1047 1785 1179 1864; x_wconf 86' lang='lat' dir='ltr'>fuisset</span> <span class='ocrx_word' id='word_1_85' title='bbox 1193 1787 1233 1864; x_wconf 90' lang='lat' dir='ltr'>in</span> <span class='ocrx_word' id='word_1_86' title='bbox 1248 1788 1449 1866; x_wconf 89' lang='lat' dir='ltr'>novissime</span> <span class='ocrx_word' id='word_1_87' title='bbox 1460 1791 1643 1895; x_wconf 89' lang='lat' dir='ltr'>preterito</span> <span class='ocrx_word' id='word_1_88' title='bbox 1657 1821 1742 1898; x_wconf 90' lang='lat' dir='ltr'>par-</span> 
     </span>
     <span class='ocr_line' id='line_1_10' title="bbox 316 1913 1760 2025; baseline 0.006 -32"><span class='ocrx_word' id='word_1_89' title='bbox 316 1917 480 1995; x_wconf 89' lang='lat' dir='ltr'>lamento</span> <span class='ocrx_word' id='word_1_90' title='bbox 499 1918 604 2025; x_wconf 91' lang='lat' dir='ltr'>quod</span> <span class='ocrx_word' id='word_1_91' title='bbox 620 1917 717 1994; x_wconf 85' lang='lat' dir='ltr'>dicta</span> <span class='ocrx_word' id='word_1_92' title='bbox 733 1917 906 2023; x_wconf 88' lang='lat' dir='ltr'>inquesta</span> <span class='ocrx_word' id='word_1_93' title='bbox 925 1913 1129 2004; x_wconf 88' lang='lat' dir='ltr'>videretur,</span> <span class='ocrx_word' id='word_1_94' title='bbox 1149 1916 1221 1993; x_wconf 91' lang='lat' dir='ltr'>nisi</span> <span class='ocrx_word' id='word_1_95' title='bbox 1238 1947 1323 2024; x_wconf 89' lang='lat' dir='ltr'>pars</span> <span class='ocrx_word' id='word_1_96' title='bbox 1342 1919 1494 1998; x_wconf 86' lang='lat' dir='ltr'>adversa</span> <span class='ocrx_word' id='word_1_97' title='bbox 1513 1949 1663 2000; x_wconf 86' lang='lat' dir='ltr'>causam</span> <span class='ocrx_word' id='word_1_98' title='bbox 1685 1947 1760 2000; x_wconf 75' lang='lat' dir='ltr'>ra·</span> 
     </span>
     <span class='ocr_line' id='line_1_11' title="bbox 316 2047 1740 2158; baseline 0.006 -34"><span class='ocrx_word' id='word_1_99' title='bbox 316 2048 538 2127; x_wconf 87' lang='lat' dir='ltr'>cionabilem</span> <span class='ocrx_word' id='word_1_100' title='bbox 551 2066 781 2158; x_wconf 91' lang='lat' dir='ltr'>proponeret</span> <span class='ocrx_word' id='word_1_101' title='bbox 788 2076 905 2156; x_wconf 87' lang='lat' dir='ltr'>quare</span> <span class='ocrx_word' id='word_1_102' title='bbox 916 2076 993 2126; x_wconf 93' lang='lat' dir='ltr'>non</span> <span class='ocrx_word' id='word_1_103' title='bbox 1010 2047 1168 2126; x_wconf 87' lang='lat' dir='ltr'>deberet</span> <span class='ocrx_word' id='word_1_104' title='bbox 1179 2048 1318 2141; x_wconf 80' lang='lat' dir='ltr'>videri3</span> <span class='ocrx_word' id='word_1_105' title='bbox 1337 2050 1504 2144; x_wconf 86' lang='lat' dir='ltr'>tandem,</span> <span class='ocrx_word' id='word_1_106' title='bbox 1519 2051 1628 2132; x_wconf 89' lang='lat' dir='ltr'>finito</span> <span class='ocrx_word' id='word_1_107' title='bbox 1639 2052 1740 2132; x_wconf 89' lang='lat' dir='ltr'>dicto</span> 
     </span>
     <span class='ocr_line' id='line_1_12' title="bbox 315 2177 1742 2293; baseline 0.004 -35"><span class='ocrx_word' id='word_1_108' title='bbox 315 2180 558 2288; x_wconf 87' lang='lat' dir='ltr'>parlamento,</span> <span class='ocrx_word' id='word_1_109' title='bbox 569 2210 638 2258; x_wconf 91' lang='lat' dir='ltr'>nos</span> <span class='ocrx_word' id='word_1_110' title='bbox 647 2180 794 2257; x_wconf 89' lang='lat' dir='ltr'>dilectis</span> <span class='ocrx_word' id='word_1_111' title='bbox 804 2177 1026 2258; x_wconf 89' lang='lat' dir='ltr'>etlidelibus</span> <span class='ocrx_word' id='word_1_112' title='bbox 1036 2178 1213 2285; x_wconf 87' lang='lat' dir='ltr'>gentibus</span> <span class='ocrx_word' id='word_1_113' title='bbox 1222 2181 1373 2271; x_wconf 90' lang='lat' dir='ltr'>nostris,</span> <span class='ocrx_word' id='word_1_114' title='bbox 1382 2183 1742 2293; x_wconf 84' lang='lat' dir='ltr'>Parisiusrcquestas</span> 
     </span>
     <span class='ocr_line' id='line_1_13' title="bbox 316 2309 1742 2419; baseline 0.004 -33"><span class='ocrx_word' id='word_1_115' title='bbox 316 2312 550 2400; x_wconf 87' lang='lat' dir='ltr'>tenentibus,</span> <span class='ocrx_word' id='word_1_116' title='bbox 562 2310 836 2398; x_wconf 86' lang='lat' dir='ltr'>mandavimus,</span> <span class='ocrx_word' id='word_1_117' title='bbox 851 2326 889 2386; x_wconf 90' lang='lat' dir='ltr'>et</span> <span class='ocrx_word' id='word_1_118' title='bbox 901 2336 945 2384; x_wconf 82' lang='lat' dir='ltr'>ex</span> <span class='ocrx_word' id='word_1_119' title='bbox 958 2335 1083 2397; x_wconf 90' lang='lat' dir='ltr'>causa,</span> <span class='ocrx_word' id='word_1_120' title='bbox 1098 2309 1220 2414; x_wconf 91' lang='lat' dir='ltr'>quod,</span> <span class='ocrx_word' id='word_1_121' title='bbox 1231 2338 1461 2419; x_wconf 87' lang='lat' dir='ltr'>quamquam</span> <span class='ocrx_word' id='word_1_122' title='bbox 1475 2309 1625 2390; x_wconf 85' lang='lat' dir='ltr'>linitum</span> <span class='ocrx_word' id='word_1_123' title='bbox 1644 2334 1742 2392; x_wconf 89' lang='lat' dir='ltr'>esset</span> 
     </span>
     <span class='ocr_line' id='line_1_14' title="bbox 318 2437 1742 2550; baseline 0.004 -33"><span class='ocrx_word' id='word_1_124' title='bbox 318 2441 460 2518; x_wconf 88' lang='lat' dir='ltr'>dictum</span> <span class='ocrx_word' id='word_1_125' title='bbox 470 2441 760 2548; x_wconf 81' lang='lat' dir='ltr'>parlamentum,</span> <span class='ocrx_word' id='word_1_126' title='bbox 773 2439 842 2545; x_wconf 90' lang='lat' dir='ltr'>ipsi</span> <span class='ocrx_word' id='word_1_127' title='bbox 855 2437 1105 2544; x_wconf 85' lang='lat' dir='ltr'>procederent</span> <span class='ocrx_word' id='word_1_128' title='bbox 1118 2440 1166 2518; x_wconf 92' lang='lat' dir='ltr'>ad</span> <span class='ocrx_word' id='word_1_129' title='bbox 1176 2437 1429 2548; x_wconf 91' lang='lat' dir='ltr'>judicandum</span> <span class='ocrx_word' id='word_1_130' title='bbox 1438 2442 1575 2520; x_wconf 89' lang='lat' dir='ltr'>dictam</span> <span class='ocrx_word' id='word_1_131' title='bbox 1587 2443 1742 2550; x_wconf 90' lang='lat' dir='ltr'>inques·</span> 
     </span>
     <span class='ocr_line' id='line_1_15' title="bbox 316 2568 1741 2680; baseline 0.002 -31"><span class='ocrx_word' id='word_1_132' title='bbox 316 2589 407 2661; x_wconf 88' lang='lat' dir='ltr'>tam,</span> <span class='ocrx_word' id='word_1_133' title='bbox 425 2573 496 2650; x_wconf 95' lang='lat' dir='ltr'>nisi</span> <span class='ocrx_word' id='word_1_134' title='bbox 508 2601 592 2678; x_wconf 90' lang='lat' dir='ltr'>pars</span> <span class='ocrx_word' id='word_1_135' title='bbox 604 2571 756 2650; x_wconf 86' lang='lat' dir='ltr'>adversa</span> <span class='ocrx_word' id='word_1_136' title='bbox 769 2569 914 2675; x_wconf 88' lang='lat' dir='ltr'>aliquid</span> <span class='ocrx_word' id='word_1_137' title='bbox 923 2568 1153 2648; x_wconf 88' lang='lat' dir='ltr'>racionabile</span> <span class='ocrx_word' id='word_1_138' title='bbox 1166 2590 1397 2679; x_wconf 89' lang='lat' dir='ltr'>proponeret</span> <span class='ocrx_word' id='word_1_139' title='bbox 1405 2601 1521 2680; x_wconf 89' lang='lat' dir='ltr'>quare</span> <span class='ocrx_word' id='word_1_140' title='bbox 1535 2601 1613 2651; x_wconf 91' lang='lat' dir='ltr'>non</span> <span class='ocrx_word' id='word_1_141' title='bbox 1623 2573 1741 2652; x_wconf 90' lang='lat' dir='ltr'>debe-</span> 
     </span>
     <span class='ocr_line' id='line_1_16' title="bbox 317 2700 1738 2813; baseline 0.004 -36"><span class='ocrx_word' id='word_1_142' title='bbox 317 2718 375 2778; x_wconf 90' lang='lat' dir='ltr'>ret</span> <span class='ocrx_word' id='word_1_143' title='bbox 384 2702 568 2810; x_wconf 77' lang='lat' dir='ltr'>judicari,</span> <span class='ocrx_word' id='word_1_144' title='bbox 583 2701 722 2781; x_wconf 88' lang='lat' dir='ltr'>vocatis</span> <span class='ocrx_word' id='word_1_145' title='bbox 735 2703 849 2811; x_wconf 89' lang='lat' dir='ltr'>igitur</span> <span class='ocrx_word' id='word_1_146' title='bbox 863 2700 1033 2808; x_wconf 87' lang='lat' dir='ltr'>partibus</span> <span class='ocrx_word' id='word_1_147' title='bbox 1048 2718 1085 2779; x_wconf 88' lang='lat' dir='ltr'>et</span> <span class='ocrx_word' id='word_1_148' title='bbox 1098 2701 1198 2778; x_wconf 89' lang='lat' dir='ltr'>dicta</span> <span class='ocrx_word' id='word_1_149' title='bbox 1212 2701 1320 2780; x_wconf 87' lang='lat' dir='ltr'>Auda</span> <span class='ocrx_word' id='word_1_150' title='bbox 1336 2721 1379 2780; x_wconf 93' lang='lat' dir='ltr'>ut</span> <span class='ocrx_word' id='word_1_151' title='bbox 1387 2704 1492 2810; x_wconf 90' lang='lat' dir='ltr'>prius</span> <span class='ocrx_word' id='word_1_152' title='bbox 1506 2706 1738 2813; x_wconf 89' lang='lat' dir='ltr'>requirente,</span> 
     </span>
     <span class='ocr_line' id='line_1_17' title="bbox 315 2831 1743 2943; baseline 0.004 -34"><span class='ocrx_word' id='word_1_153' title='bbox 315 2861 401 2940; x_wconf 89' lang='lat' dir='ltr'>pars</span> <span class='ocrx_word' id='word_1_154' title='bbox 421 2833 571 2913; x_wconf 86' lang='lat' dir='ltr'>adversa</span> <span class='ocrx_word' id='word_1_155' title='bbox 591 2832 699 2940; x_wconf 89' lang='lat' dir='ltr'>plura</span> <span class='ocrx_word' id='word_1_156' title='bbox 718 2833 758 2910; x_wconf 94' lang='lat' dir='ltr'>in</span> <span class='ocrx_word' id='word_1_157' title='bbox 778 2832 1006 2910; x_wconf 91' lang='lat' dir='ltr'>contrarium</span> <span class='ocrx_word' id='word_1_158' title='bbox 1028 2831 1220 2940; x_wconf 88' lang='lat' dir='ltr'>allegavit;</span> <span class='ocrx_word' id='word_1_159' title='bbox 1241 2833 1380 2940; x_wconf 90' lang='lat' dir='ltr'>quibus</span> <span class='ocrx_word' id='word_1_160' title='bbox 1397 2833 1552 2926; x_wconf 90' lang='lat' dir='ltr'>auditis,</span> <span class='ocrx_word' id='word_1_161' title='bbox 1573 2837 1743 2943; x_wconf 92' lang='lat' dir='ltr'>precepit</span> 
     </span>
     <span class='ocr_line' id='line_1_18' title="bbox 316 2963 1740 3074; baseline 0.004 -33"><span class='ocrx_word' id='word_1_162' title='bbox 316 2966 417 3044; x_wconf 90' lang='lat' dir='ltr'>curia</span> <span class='ocrx_word' id='word_1_163' title='bbox 429 2983 570 3055; x_wconf 89' lang='lat' dir='ltr'>nostra,</span> <span class='ocrx_word' id='word_1_164' title='bbox 582 2992 660 3042; x_wconf 93' lang='lat' dir='ltr'>non</span> <span class='ocrx_word' id='word_1_165' title='bbox 672 2964 908 3043; x_wconf 84' lang='lat' dir='ltr'>obstantibus</span> <span class='ocrx_word' id='word_1_166' title='bbox 920 2963 1122 3071; x_wconf 87' lang='lat' dir='ltr'>propositis</span> <span class='ocrx_word' id='word_1_167' title='bbox 1137 2993 1181 3040; x_wconf 82' lang='lat' dir='ltr'>cx</span> <span class='ocrx_word' id='word_1_168' title='bbox 1194 2965 1365 3056; x_wconf 84' lang='lat' dir='ltr'>adverso,</span> <span class='ocrx_word' id='word_1_169' title='bbox 1378 2965 1515 3044; x_wconf 90' lang='lat' dir='ltr'>dictam</span> <span class='ocrx_word' id='word_1_170' title='bbox 1529 2968 1740 3074; x_wconf 83' lang='lat' dir='ltr'>inquestam</span> 
     </span>
     <span class='ocr_line' id='line_1_19' title="bbox 315 3095 1740 3206; baseline 0.001 -31"><span class='ocrx_word' id='word_1_171' title='bbox 315 3097 432 3176; x_wconf 90' lang='lat' dir='ltr'>videri</span> <span class='ocrx_word' id='word_1_172' title='bbox 453 3116 491 3175; x_wconf 87' lang='lat' dir='ltr'>et</span> <span class='ocrx_word' id='word_1_173' title='bbox 506 3097 667 3205; x_wconf 88' lang='lat' dir='ltr'>judicari</span> <span class='ocrx_word' id='word_1_174' title='bbox 691 3129 699 3174; x_wconf 92' lang='lat'>:</span> <span class='ocrx_word' id='word_1_175' title='bbox 722 3099 809 3177; x_wconf 91' lang='lat' dir='ltr'>Visa</span> <span class='ocrx_word' id='word_1_176' title='bbox 828 3097 942 3203; x_wconf 88' lang='lat' dir='ltr'>igitur</span> <span class='ocrx_word' id='word_1_177' title='bbox 964 3114 1002 3174; x_wconf 90' lang='lat' dir='ltr'>et</span> <span class='ocrx_word' id='word_1_178' title='bbox 1021 3095 1223 3203; x_wconf 83' lang='lat' dir='ltr'>diligenter</span> <span class='ocrx_word' id='word_1_179' title='bbox 1242 3098 1448 3176; x_wconf 83' lang='lat' dir='ltr'>examinata</span> <span class='ocrx_word' id='word_1_180' title='bbox 1465 3098 1638 3205; x_wconf 88' lang='lat' dir='ltr'>inquesta</span> <span class='ocrx_word' id='word_1_181' title='bbox 1653 3126 1740 3206; x_wconf 89' lang='lat' dir='ltr'>pre·</span> 
     </span>
     <span class='ocr_line' id='line_1_20' title="bbox 316 3227 1740 3334; baseline 0.001 -30"><span class='ocrx_word' id='word_1_182' title='bbox 316 3228 430 3316; x_wconf 89' lang='lat' dir='ltr'>dicta,</span> <span class='ocrx_word' id='word_1_183' title='bbox 454 3257 539 3304; x_wconf 89' lang='lat' dir='ltr'>cum</span> <span class='ocrx_word' id='word_1_184' title='bbox 559 3256 627 3333; x_wconf 91' lang='lat' dir='ltr'>per</span> <span class='ocrx_word' id='word_1_185' title='bbox 650 3254 732 3303; x_wconf 90' lang='lat' dir='ltr'>eam</span> <span class='ocrx_word' id='word_1_186' title='bbox 754 3245 948 3333; x_wconf 88' lang='lat' dir='ltr'>repertum</span> <span class='ocrx_word' id='word_1_187' title='bbox 969 3227 1019 3302; x_wconf 85' lang='lat' dir='ltr'>sit</span> <span class='ocrx_word' id='word_1_188' title='bbox 1037 3227 1267 3304; x_wconf 90' lang='lat' dir='ltr'>sufficienter</span> <span class='ocrx_word' id='word_1_189' title='bbox 1284 3227 1487 3334; x_wconf 87' lang='lat' dir='ltr'>probatum</span> <span class='ocrx_word' id='word_1_190' title='bbox 1507 3227 1647 3306; x_wconf 80' lang='lat' dir='ltr'>dictam</span> <span class='ocrx_word' id='word_1_191' title='bbox 1663 3228 1740 3306; x_wconf 81' lang='lat' dir='ltr'>Au·</span> 
     </span>
     <span class='ocr_line' id='line_1_21' title="bbox 316 3354 1740 3463; baseline 0.001 -29"><span class='ocrx_word' id='word_1_192' title='bbox 316 3358 419 3446; x_wconf 89' lang='lat' dir='ltr'>dam,</span> <span class='ocrx_word' id='word_1_193' title='bbox 437 3375 480 3435; x_wconf 92' lang='lat' dir='ltr'>ut</span> <span class='ocrx_word' id='word_1_194' title='bbox 497 3357 723 3463; x_wconf 88' lang='lat' dir='ltr'>premissum</span> <span class='ocrx_word' id='word_1_195' title='bbox 742 3373 814 3447; x_wconf 87' lang='lat' dir='ltr'>est,</span> <span class='ocrx_word' id='word_1_196' title='bbox 839 3354 1044 3461; x_wconf 84' lang='lat' dir='ltr'>appellasse</span> <span class='ocrx_word' id='word_1_197' title='bbox 1059 3355 1254 3463; x_wconf 89' lang='lat' dir='ltr'>ipsamque</span> <span class='ocrx_word' id='word_1_198' title='bbox 1270 3357 1426 3434; x_wconf 79' lang='lat' dir='ltr'>existere</span> <span class='ocrx_word' id='word_1_199' title='bbox 1446 3356 1485 3432; x_wconf 94' lang='lat' dir='ltr'>in</span> <span class='ocrx_word' id='word_1_200' title='bbox 1503 3358 1740 3462; x_wconf 86' lang='lat' dir='ltr'>possessione</span> 
     </span>
     <span class='ocr_line' id='line_1_22' title="bbox 316 3485 1739 3595; baseline 0.001 -31"><span class='ocrx_word' id='word_1_201' title='bbox 316 3488 406 3566; x_wconf 87' lang='lat' dir='ltr'>dicti</span> <span class='ocrx_word' id='word_1_202' title='bbox 427 3488 500 3566; x_wconf 89' lang='lat' dir='ltr'>loci</span> <span class='ocrx_word' id='word_1_203' title='bbox 521 3488 569 3565; x_wconf 92' lang='lat' dir='ltr'>de</span> <span class='ocrx_word' id='word_1_204' title='bbox 590 3490 714 3595; x_wconf 84' lang='lat' dir='ltr'>Tyran</span> <span class='ocrx_word' id='word_1_205' title='bbox 739 3485 1136 3592; x_wconf 88' lang='lat' dir='ltr'>pertinenciarumque</span> <span class='ocrx_word' id='word_1_206' title='bbox 1164 3486 1355 3593; x_wconf 90' lang='lat' dir='ltr'>ejusdem,</span> <span class='ocrx_word' id='word_1_207' title='bbox 1379 3503 1551 3592; x_wconf 89' lang='lat' dir='ltr'>tempore</span> <span class='ocrx_word' id='word_1_208' title='bbox 1575 3487 1739 3595; x_wconf 88' lang='lat' dir='ltr'>appella-</span> 
     </span>
     <span class='ocr_line' id='line_1_23' title="bbox 297 3615 1737 3726; baseline 0.001 -30"><span class='ocrx_word' id='word_1_209' title='bbox 297 3621 433 3700; x_wconf 82' lang='lat' dir='ltr'>·cionis</span> <span class='ocrx_word' id='word_1_210' title='bbox 445 3619 624 3726; x_wconf 88' lang='lat' dir='ltr'>predicte,</span> <span class='ocrx_word' id='word_1_211' title='bbox 641 3617 835 3724; x_wconf 87' lang='lat' dir='ltr'>ipsamque</span> <span class='ocrx_word' id='word_1_212' title='bbox 850 3645 917 3696; x_wconf 88' lang='lat' dir='ltr'>seu</span> <span class='ocrx_word' id='word_1_213' title='bbox 935 3618 1014 3725; x_wconf 88' lang='lat' dir='ltr'>ejus</span> <span class='ocrx_word' id='word_1_214' title='bbox 1028 3615 1221 3708; x_wconf 77' lang='lat' dir='ltr'>familiam,</span> <span class='ocrx_word' id='word_1_215' title='bbox 1234 3635 1481 3724; x_wconf 89' lang='lat' dir='ltr'>nostrumque</span> <span class='ocrx_word' id='word_1_216' title='bbox 1498 3618 1737 3710; x_wconf 85' lang='lat' dir='ltr'>servientem,</span> 
     </span>
     <span class='ocr_line' id='line_1_24' title="bbox 316 3747 1741 3860; baseline 0.001 -32"><span class='ocrx_word' id='word_1_217' title='bbox 316 3748 363 3828; x_wconf 90' lang='lat' dir='ltr'>ad</span> <span class='ocrx_word' id='word_1_218' title='bbox 375 3750 622 3860; x_wconf 87' lang='lat' dir='ltr'>gardiandum</span> <span class='ocrx_word' id='word_1_219' title='bbox 637 3751 755 3857; x_wconf 87' lang='lat' dir='ltr'>ipsam</span> <span class='ocrx_word' id='word_1_220' title='bbox 768 3748 1007 3855; x_wconf 90' lang='lat' dir='ltr'>deputatum,</span> <span class='ocrx_word' id='word_1_221' title='bbox 1022 3748 1069 3826; x_wconf 91' lang='lat' dir='ltr'>de</span> <span class='ocrx_word' id='word_1_222' title='bbox 1081 3748 1183 3828; x_wconf 91' lang='lat' dir='ltr'>dicto</span> <span class='ocrx_word' id='word_1_223' title='bbox 1197 3748 1281 3826; x_wconf 93' lang='lat' dir='ltr'>loco</span> <span class='ocrx_word' id='word_1_224' title='bbox 1294 3747 1341 3826; x_wconf 92' lang='lat' dir='ltr'>de</span> <span class='ocrx_word' id='word_1_225' title='bbox 1352 3750 1493 3856; x_wconf 83' lang='lat' dir='ltr'>Tyran,</span> <span class='ocrx_word' id='word_1_226' title='bbox 1504 3766 1591 3855; x_wconf 92' lang='lat' dir='ltr'>post</span> <span class='ocrx_word' id='word_1_227' title='bbox 1603 3749 1741 3830; x_wconf 87' lang='lat' dir='ltr'>dictam</span> 
     </span>
     <span class='ocr_line' id='line_1_25' title="bbox 315 3877 1741 3988; baseline 0.002 -30"><span class='ocrx_word' id='word_1_228' title='bbox 315 3882 611 3988; x_wconf 90' lang='lat' dir='ltr'>appellacionem</span> <span class='ocrx_word' id='word_1_229' title='bbox 639 3881 775 3988; x_wconf 88' lang='lat' dir='ltr'>ejectos</span> <span class='ocrx_word' id='word_1_230' title='bbox 796 3878 909 3957; x_wconf 88' lang='lat' dir='ltr'>luisse</span> <span class='ocrx_word' id='word_1_231' title='bbox 928 3907 997 3986; x_wconf 90' lang='lat' dir='ltr'>per</span> <span class='ocrx_word' id='word_1_232' title='bbox 1017 3877 1162 3957; x_wconf 93' lang='lat' dir='ltr'>dictum</span> <span class='ocrx_word' id='word_1_233' title='bbox 1180 3877 1407 3970; x_wconf 85' lang='lat' dir='ltr'>Amaldum,</span> <span class='ocrx_word' id='word_1_234' title='bbox 1425 3896 1463 3956; x_wconf 89' lang='lat' dir='ltr'>et</span> <span class='ocrx_word' id='word_1_235' title='bbox 1482 3880 1648 3960; x_wconf 90' lang='lat' dir='ltr'>eundem</span> <span class='ocrx_word' id='word_1_236' title='bbox 1672 3881 1741 3960; x_wconf 85' lang='lat' dir='ltr'>Ar-</span> 
     </span>
     <span class='ocr_line' id='line_1_26' title="bbox 316 4008 1741 4116; baseline 0.001 -29"><span class='ocrx_word' id='word_1_237' title='bbox 316 4011 472 4088; x_wconf 87' lang='lat' dir='ltr'>naldum</span> <span class='ocrx_word' id='word_1_238' title='bbox 502 4008 676 4088; x_wconf 91' lang='lat' dir='ltr'>animalia</span> <span class='ocrx_word' id='word_1_239' title='bbox 697 4026 736 4085; x_wconf 89' lang='lat' dir='ltr'>et</span> <span class='ocrx_word' id='word_1_240' title='bbox 759 4008 859 4086; x_wconf 86' lang='lat' dir='ltr'>bona</span> <span class='ocrx_word' id='word_1_241' title='bbox 880 4008 1104 4116; x_wconf 90' lang='lat' dir='ltr'>quamplura</span> <span class='ocrx_word' id='word_1_242' title='bbox 1122 4008 1279 4087; x_wconf 91' lang='lat' dir='ltr'>mobilia</span> <span class='ocrx_word' id='word_1_243' title='bbox 1298 4009 1398 4088; x_wconf 91' lang='lat' dir='ltr'>dicte</span> <span class='ocrx_word' id='word_1_244' title='bbox 1422 4009 1531 4088; x_wconf 86' lang='lat' dir='ltr'>Aude</span> <span class='ocrx_word' id='word_1_245' title='bbox 1557 4027 1597 4088; x_wconf 88' lang='lat' dir='ltr'>et</span> <span class='ocrx_word' id='word_1_246' title='bbox 1615 4011 1741 4090; x_wconf 90' lang='lat' dir='ltr'>bomi-</span> 
     </span>
     <span class='ocr_line' id='line_1_27' title="bbox 317 4137 1739 4249; baseline 0.003 -31"><span class='ocrx_word' id='word_1_247' title='bbox 317 4169 413 4218; x_wconf 92' lang='lat' dir='ltr'>num</span> <span class='ocrx_word' id='word_1_248' title='bbox 435 4168 591 4218; x_wconf 90' lang='lat' dir='ltr'>suorum</span> <span class='ocrx_word' id='word_1_249' title='bbox 615 4137 757 4214; x_wconf 88' lang='lat' dir='ltr'>ibidem</span> <span class='ocrx_word' id='word_1_250' title='bbox 790 4138 1003 4229; x_wconf 69' lang='lat' dir='ltr'>existenda,</span> <span class='ocrx_word' id='word_1_251' title='bbox 1035 4168 1156 4246; x_wconf 90' lang='lat' dir='ltr'>usque</span> <span class='ocrx_word' id='word_1_252' title='bbox 1180 4139 1229 4217; x_wconf 89' lang='lat' dir='ltr'>ad</span> <span class='ocrx_word' id='word_1_253' title='bbox 1254 4140 1420 4219; x_wconf 84' lang='lat' dir='ltr'>valorem</span> <span class='ocrx_word' id='word_1_254' title='bbox 1438 4141 1739 4249; x_wconf 90' lang='lat' dir='ltr'>quingentarum</span> 
     </span>
     <span class='ocr_line' id='line_1_28' title="bbox 282 4267 1741 4375; baseline 0.006 -32"><span class='ocrx_word' id='word_1_255' title='bbox 282 4333 290 4343; x_wconf 91' lang='lat'>.</span> <span class='ocrx_word' id='word_1_256' title='bbox 315 4271 500 4349; x_wconf 90' lang='lat' dir='ltr'>librarum</span> <span class='ocrx_word' id='word_1_257' title='bbox 514 4269 809 4357; x_wconf 89' lang='lat' dir='ltr'>Turonensium,</span> <span class='ocrx_word' id='word_1_258' title='bbox 819 4295 887 4374; x_wconf 87' lang='lat' dir='ltr'>per</span> <span class='ocrx_word' id='word_1_259' title='bbox 896 4267 1118 4346; x_wconf 90' lang='lat' dir='ltr'>violenciam</span> <span class='ocrx_word' id='word_1_260' title='bbox 1134 4269 1276 4375; x_wconf 91' lang='lat' dir='ltr'>cepisse</span> <span class='ocrx_word' id='word_1_261' title='bbox 1292 4288 1330 4347; x_wconf 92' lang='lat' dir='ltr'>et</span> <span class='ocrx_word' id='word_1_262' title='bbox 1338 4299 1467 4348; x_wconf 90' lang='lat' dir='ltr'>secum</span> <span class='ocrx_word' id='word_1_263' title='bbox 1481 4271 1646 4365; x_wconf 84' lang='lat' dir='ltr'>duxisse,</span> <span class='ocrx_word' id='word_1_264' title='bbox 1662 4304 1741 4352; x_wconf 90' lang='lat' dir='ltr'>cer-</span> 
     </span>
     <span class='ocr_line' id='line_1_29' title="bbox 315 4398 1742 4511; baseline 0.004 -33"><span class='ocrx_word' id='word_1_265' title='bbox 315 4421 450 4511; x_wconf 89' lang='lat' dir='ltr'>tosque</span> <span class='ocrx_word' id='word_1_266' title='bbox 470 4401 646 4480; x_wconf 89' lang='lat' dir='ltr'>homines</span> <span class='ocrx_word' id='word_1_267' title='bbox 666 4400 780 4506; x_wconf 89' lang='lat' dir='ltr'>ipsius</span> <span class='ocrx_word' id='word_1_268' title='bbox 805 4398 913 4477; x_wconf 77' lang='lat' dir='ltr'>dude</span> <span class='ocrx_word' id='word_1_269' title='bbox 936 4398 1087 4477; x_wconf 92' lang='lat' dir='ltr'>deloco</span> <span class='ocrx_word' id='word_1_270' title='bbox 1108 4398 1211 4479; x_wconf 92' lang='lat' dir='ltr'>dicto</span> <span class='ocrx_word' id='word_1_271' title='bbox 1233 4398 1297 4477; x_wconf 92' lang='lat' dir='ltr'>del</span> <span class='ocrx_word' id='word_1_272' title='bbox 1314 4402 1410 4480; x_wconf 93' lang='lat' dir='ltr'>Bosc</span> <span class='ocrx_word' id='word_1_273' title='bbox 1432 4420 1560 4509; x_wconf 83' lang='lat' dir='ltr'>captos</span> <span class='ocrx_word' id='word_1_274' title='bbox 1578 4404 1742 4483; x_wconf 86' lang='lat' dir='ltr'>tamdiu·</span> 
     </span>
     <span class='ocr_line' id='line_1_30' title="bbox 316 4529 1738 4642; baseline 0.001 -31"><span class='ocrx_word' id='word_1_275' title='bbox 316 4563 391 4642; x_wconf 93' lang='lat' dir='ltr'>que</span> <span class='ocrx_word' id='word_1_276' title='bbox 412 4533 584 4612; x_wconf 87' lang='lat' dir='ltr'>detentos</span> <span class='ocrx_word' id='word_1_277' title='bbox 605 4529 737 4620; x_wconf 88' lang='lat' dir='ltr'>fuisse,</span> <span class='ocrx_word' id='word_1_278' title='bbox 765 4531 901 4608; x_wconf 86' lang='lat' dir='ltr'>carceri</span> <span class='ocrx_word' id='word_1_279' title='bbox 929 4530 1159 4636; x_wconf 86' lang='lat' dir='ltr'>mancipatos</span> <span class='ocrx_word' id='word_1_280' title='bbox 1182 4558 1251 4638; x_wconf 90' lang='lat' dir='ltr'>per</span> <span class='ocrx_word' id='word_1_281' title='bbox 1269 4529 1478 4608; x_wconf 79' lang='lat' dir='ltr'>Amaldum</span> <span class='ocrx_word' id='word_1_282' title='bbox 1504 4532 1738 4638; x_wconf 90' lang='lat' dir='ltr'>predictum,</span> 
     </span>
     <span class='ocr_line' id='line_1_31' title="bbox 317 4660 1737 4771; baseline 0.002 -30"><span class='ocrx_word' id='word_1_283' title='bbox 317 4693 514 4771; x_wconf 87' lang='lat' dir='ltr'>quousque</span> <span class='ocrx_word' id='word_1_284' title='bbox 524 4664 712 4742; x_wconf 90' lang='lat' dir='ltr'>dederunt</span> <span class='ocrx_word' id='word_1_285' title='bbox 725 4662 867 4748; x_wconf 90' lang='lat' dir='ltr'>eidem,</span> <span class='ocrx_word' id='word_1_286' title='bbox 883 4687 952 4766; x_wconf 92' lang='lat' dir='ltr'>pro</span> <span class='ocrx_word' id='word_1_287' title='bbox 963 4689 1029 4738; x_wconf 89' lang='lat' dir='ltr'>sua</span> <span class='ocrx_word' id='word_1_288' title='bbox 1041 4660 1336 4753; x_wconf 90' lang='lat' dir='ltr'>deliberacione,</span> <span class='ocrx_word' id='word_1_289' title='bbox 1352 4679 1492 4740; x_wconf 89' lang='lat' dir='ltr'>certam</span> <span class='ocrx_word' id='word_1_290' title='bbox 1503 4663 1737 4757; x_wconf 89' lang='lat' dir='ltr'>caucionem,</span> 
     </span>
     <span class='ocr_line' id='line_1_32' title="bbox 318 4791 1740 4902; baseline 0.001 -30"><span class='ocrx_word' id='word_1_291' title='bbox 318 4810 403 4901; x_wconf 89' lang='lat' dir='ltr'>post</span> <span class='ocrx_word' id='word_1_292' title='bbox 421 4793 555 4872; x_wconf 89' lang='lat' dir='ltr'>dictam</span> <span class='ocrx_word' id='word_1_293' title='bbox 578 4793 891 4900; x_wconf 89' lang='lat' dir='ltr'>appellacionem,</span> <span class='ocrx_word' id='word_1_294' title='bbox 915 4809 952 4869; x_wconf 91' lang='lat' dir='ltr'>et</span> <span class='ocrx_word' id='word_1_295' title='bbox 972 4792 1244 4870; x_wconf 89' lang='lat' dir='ltr'>inbibicionem</span> <span class='ocrx_word' id='word_1_296' title='bbox 1275 4793 1348 4870; x_wconf 93' lang='lat' dir='ltr'>sibi</span> <span class='ocrx_word' id='word_1_297' title='bbox 1373 4791 1506 4870; x_wconf 85' lang='lat' dir='ltr'>laetam</span> <span class='ocrx_word' id='word_1_298' title='bbox 1525 4813 1740 4902; x_wconf 88' lang='lat' dir='ltr'>pergentes</span> 
     </span>
     <span class='ocr_line' id='line_1_33' title="bbox 318 4922 1740 5030; baseline 0.002 -29"><span class='ocrx_word' id='word_1_299' title='bbox 318 4942 462 5003; x_wconf 88' lang='lat' dir='ltr'>nostras</span> <span class='ocrx_word' id='word_1_300' title='bbox 481 4953 546 5013; x_wconf 92' lang='lat' dir='ltr'>ne,</span> <span class='ocrx_word' id='word_1_301' title='bbox 568 4925 756 5030; x_wconf 88' lang='lat' dir='ltr'>pendente</span> <span class='ocrx_word' id='word_1_302' title='bbox 777 4922 1033 5030; x_wconf 86' lang='lat' dir='ltr'>appellacione</span> <span class='ocrx_word' id='word_1_303' title='bbox 1046 4923 1231 5029; x_wconf 90' lang='lat' dir='ltr'>predicta,</span> <span class='ocrx_word' id='word_1_304' title='bbox 1246 4923 1371 5003; x_wconf 91' lang='lat' dir='ltr'>eidem</span> <span class='ocrx_word' id='word_1_305' title='bbox 1388 4923 1496 5003; x_wconf 86' lang='lat' dir='ltr'>Aude</span> <span class='ocrx_word' id='word_1_306' title='bbox 1514 4924 1652 5004; x_wconf 86' lang='lat' dir='ltr'>laceret</span> <span class='ocrx_word' id='word_1_307' title='bbox 1671 4927 1740 5004; x_wconf 89' lang='lat' dir='ltr'>ali-</span> 
     </span>
     <span class='ocr_line' id='line_1_34' title="bbox 318 5055 1739 5164; baseline 0.001 -31"><span class='ocrx_word' id='word_1_308' title='bbox 318 5056 421 5163; x_wconf 93' lang='lat' dir='ltr'>quod</span> <span class='ocrx_word' id='word_1_309' title='bbox 441 5055 693 5163; x_wconf 88' lang='lat' dir='ltr'>prejudicium</span> <span class='ocrx_word' id='word_1_310' title='bbox 707 5057 765 5134; x_wconf 89' lang='lat' dir='ltr'>vel</span> <span class='ocrx_word' id='word_1_311' title='bbox 785 5083 1001 5163; x_wconf 82' lang='lat' dir='ltr'>gravamen,</span> <span class='ocrx_word' id='word_1_312' title='bbox 1017 5082 1086 5161; x_wconf 89' lang='lat' dir='ltr'>per</span> <span class='ocrx_word' id='word_1_313' title='bbox 1104 5056 1207 5134; x_wconf 90' lang='lat' dir='ltr'>curie</span> <span class='ocrx_word' id='word_1_314' title='bbox 1222 5072 1350 5135; x_wconf 83' lang='lat' dir='ltr'>nosue</span> <span class='ocrx_word' id='word_1_315' title='bbox 1364 5055 1552 5164; x_wconf 90' lang='lat' dir='ltr'>judicium</span> <span class='ocrx_word' id='word_1_316' title='bbox 1562 5118 1579 5156; x_wconf 37' lang='grc' dir='ltr'>,Ι</span> <span class='ocrx_word' id='word_1_317' title='bbox 1595 5056 1739 5134; x_wconf 88' lang='lat' dir='ltr'>dictum</span> 
     </span>
    </p>
   </div>
   <div class='ocr_carea' id='block_1_3' title="bbox 424 5231 1612 5294">
    <p class='ocr_par' dir='ltr' id='par_1_3' title="bbox 424 5231 1612 5294">
     <span class='ocr_line' id='line_1_35' title="bbox 424 5231 1612 5294; baseline 0.005 -23"><span class='ocrx_word' id='word_1_318' title='bbox 424 5232 475 5273; x_wconf 80' lang='lat' dir='ltr'>aas</span> <span class='ocrx_word' id='word_1_319' title='bbox 497 5231 580 5274; x_wconf 75' lang='lat' dir='ltr'>ortu,</span> <span class='ocrx_word' id='word_1_320' title='bbox 604 5233 649 5273; x_wconf 86' lang='lat' dir='ltr'>ru.</span> <span class='ocrx_word' id='word_1_321' title='bbox 1572 5231 1612 5294; x_wconf 79' lang='lat'>79</span> 
     </span>
    </p>
   </div>
   <div class='ocr_carea' id='block_1_4' title="bbox 0 0 2233 6209">
    <p class='ocr_par' dir='ltr' id='par_1_4' title="bbox 0 0 2233 6209">
     <span class='ocr_line' id='line_1_36' title="bbox 0 0 2233 6209; baseline 0 0"><span class='ocrx_word' id='word_1_322' title='bbox 0 0 2233 6209; x_wconf 95' lang='lat' dir='ltr'> </span> 
     </span>
    </p>
   </div>
  </div>
 </body>
</html>
