4450 6209
508 742 582 813 282
1090 740 1182 813 LES
1210 736 1349 812 OLIM.

282 893 412 947 aarum
425 890 469 952 tv,
507 898 608 959 ceret
623 908 688 958 seu
709 878 872 987 dampna
885 876 1059 966 inferret,
1079 897 1120 956 et
1135 877 1238 985 quod
1254 876 1399 957 dictum
1415 879 1597 973 militem,
1615 908 1689 959 una
1710 908 1798 958 cum
1816 881 1928 963 rebus

343 984 408 1027 Μ’
509 1011 673 1090 ethonis
692 1012 785 1101 suis,
803 1027 841 1088 et
857 1009 1066 1116 specialiter
1083 1008 1300 1115 repparium
1321 1038 1432 1087 suum
1448 1010 1497 1087 de
1510 1013 1714 1102 Lancurra,
1730 1012 1926 1119 capiebant

509 1161 547 1220 et
562 1141 755 1249 ponebant
774 1142 814 1219 in
834 1140 931 1219 salva
944 1141 1059 1250 garda
1079 1156 1227 1217 nostra:
1250 1140 1346 1217 Hinc
1361 1129 1559 1248 estquod,
1580 1142 1656 1218 visa
1676 1142 1848 1248 inquesta
1867 1172 1928 1221 su·

507 1300 575 1381 per
587 1275 661 1353 hiis
680 1273 728 1351 de
744 1271 922 1350 mandato
937 1290 1067 1349 nostro
1081 1270 1195 1362 lacta,
1211 1271 1509 1378 quia-inventum
1531 1290 1587 1351 est
1599 1271 1830 1351 sufficienter
1842 1302 1928 1379 pro·

508 1405 639 1483 batum
665 1404 808 1483 dictum
828 1402 1063 1483 Gaillardum
1085 1403 1134 1481 de
1154 1402 1563 1482 Monte-Lanardouna
1581 1430 1667 1481 crim
1684 1402 1928 1510 complicibus

508 1536 601 1626 suis,
617 1536 751 1641 spretis
765 1533 944 1613 omnibus
963 1534 1171 1640 premissis,
1188 1533 1378 1641 reperium
1395 1532 1442 1611 de
1459 1535 1642 1623 Lancura,
1659 1560 1764 1611 more
1784 1532 1925 1625 hostili,

410 1679 416 1689 ’
509 1696 596 1743 cum
611 1667 741 1754 armis,
757 1693 993 1773 expugnasse
1009 1682 1049 1743 et
1068 1662 1293 1753 debellasse,
1311 1663 1638 1770 gentibusnostris
1656 1664 1759 1741 intus
1771 1664 1929 1741 existen·

509 1797 611 1874 tibus
630 1814 669 1875 et
684 1796 820 1874 vexillo
839 1815 986 1886 nostro,
1006 1796 1212 1905 insignum
1229 1795 1336 1873 salve·
1344 1794 1476 1902 garde,
1496 1796 1535 1873 in
1555 1794 1656 1873 dicto
1672 1795 1845 1902 reppario
1864 1824 1929 1902 po-

511 1928 599 2015 sito,
615 1929 707 2006 item
722 1927 850 2035 plures
864 1928 1016 2007 arbores
1032 1926 1244 2005 fructiferas
1258 1942 1297 2005 ct
1311 1923 1417 2013 alias,
1432 1926 1539 2033 juxta
1552 1925 1747 2031 piscariam
1760 1925 1849 2003 dicti
1866 1927 1932 2003 mi-

511 2057 588 2136 litis
616 2060 833 2147 existentes,
855 2058 1033 2137 scindisse
1057 2056 1115 2135 vel
1142 2056 1261 2135 scindi
1286 2056 1435 2147 fecisse,
1462 2071 1502 2135 et
1517 2058 1590 2134 hiis
1609 2083 1687 2136 non
1711 2073 1930 2135 contentum

512 2189 705 2294 quoddam
728 2190 992 2269 molendinum
1013 2188 1102 2265 dicti
1131 2188 1261 2266 militis
1282 2187 1450 2265 totaliter
1472 2186 1724 2277 combuxisse,
1745 2216 1813 2293 per
1832 2186 1930 2265 curie

512 2336 640 2398 nostre
647 2320 854 2428 judicium,
870 2320 994 2399 dictus
1005 2318 1220 2399 Gaillardus
1234 2318 1345 2397 nobis
1357 2319 1396 2395 in
1410 2318 1515 2395 mille
1528 2318 1635 2395 libris
1648 2317 1931 2396 Turonensibus

512 2450 715 2541 solvendis,
727 2469 766 2530 et
775 2451 909 2541 eciam,
923 2465 1079 2557 propter
1092 2448 1182 2527 dicti
1197 2448 1282 2527 lacti
1298 2450 1548 2539 atrocitatem,
1563 2449 1668 2556 <prod
1677 2475 1813 2557 corpus
1823 2476 1930 2525 suum

512 2582 551 2655 in
572 2597 697 2658 nostra
718 2580 845 2661 clausa
861 2582 1028 2687 prisione
1047 2597 1221 2659 teneatur
1238 2608 1358 2686 usquc
1379 2579 1426 2657 ad
1443 2580 1673 2658 voluntatem
1692 2596 1878 2671 nostram,
1898 2594 1933 2655 ct

513 2713 615 2790 dicto
628 2712 740 2789 militi
761 2712 925 2791 inmillc
945 2712 1053 2791 libris
1067 2710 1371 2799 Turonensibns,
1387 2711 1535 2789 racione
1555 2712 1743 2790 dictorum
1758 2710 1933 2815 dampno

513 2872 599 2919 rum
626 2842 698 2920 sibi
723 2842 927 2929 factorum,
955 2843 1121 2948 dictique
1142 2842 1370 2919 Bertrandus
1395 2841 1442 2919 de
1468 2842 1600 2919 Lavela
1625 2842 1665 2919 in
1690 2841 1933 2949 quadraginta

514 2972 637 3064 libris,
651 2972 888 3051 Guichardus
908 2972 956 3049 de
973 2973 1144 3063 scamno,
1163 2973 1202 3047 in
1217 2974 1506 3081 quinquaginta,
1520 2972 1747 3051 Bertraudus
1762 2973 1810 3049 de
1829 2970 1933 3050 Guis

515 3102 644 3192 cardo,
659 3104 699 3179 in
716 3104 920 3210 sexaginte,
936 3104 1167 3182 Bertrandus
1182 3103 1229 3182 de
1245 3106 1399 3192 Roseto,
1413 3106 1453 3180 in
1466 3104 1729 3213 quadraginta,
1743 3120 1783 3181 et
1795 3104 1933 3179 Ernau·

516 3234 589 3310 dus
599 3234 755 3324 Sorelli,
772 3235 812 3312 in
823 3251 976 3313 centum
991 3234 1099 3312 libris
1113 3234 1223 3311 nobis
1239 3233 1442 3323 solvendis,
1457 3235 1546 3342 quia
1561 3235 1699 3341 reperti
1714 3250 1805 3313 sunt
1819 3232 1933 3310 fixisse

514 3364 752 3443 auxiliatores
771 3381 809 3441 et
828 3363 1045 3450 consiliarii,
1062 3365 1102 3441 in
1118 3363 1295 3468 predictis
1318 3363 1465 3442 delictis
1486 3362 1680 3454 faciendis,
1702 3362 1933 3441 sentenciali-

514 3512 573 3570 ter
587 3494 853 3600 condempnati
867 3493 1032 3571 fuerunt.

570 3627 618 3701 Et
641 3643 768 3703 contra
788 3625 883 3703 alios
905 3625 971 3732 qui
995 3624 1174 3705 dicuntur
1191 3623 1396 3732 culpabiles
1415 3626 1454 3701 in
1472 3624 1669 3732 predictis,
1695 3622 1934 3701 mandabitur

516 3755 719 3833 senescallo
738 3756 1029 3864 Petragoricensi
1045 3756 1151 3862 quod
1168 3756 1265 3860 ipse,
1286 3755 1421 3833 vocatis
1438 3756 1627 3862 partibus,
1648 3752 1812 3860 inquirat
1827 3769 1865 3830 et
1878 3779 1933 3829 re-

517 3878 612 3961 ferat
626 3885 674 3961 ad
687 3884 804 3963 {inem
824 3884 983 3968 civitem.

574 4017 702 4095 Martis
720 4033 806 4123 post
819 4016 1102 4094 conversionem
1117 4015 1231 4095 sancti
1245 4014 1361 4093 Pauli.

572 4148 700 4226 Monoi
719 4147 932 4253 reportavit.

571 4411 664 4489 xltl.
686 4409 784 4487 Cum
796 4408 1289 4516 exquerimoniaFalquetc,
1299 4408 1428 4487 reliotc
1439 4408 1587 4488 Girardi
1601 4410 1649 4485 de
1660 4408 1933 4498 linceo-Monte,

516 4540 711 4646 quondam
720 4538 869 4631 militis,
883 4539 1136 4645 acceperimus
1146 4538 1251 4645 quod
1261 4538 1449 4619 Gerarxlus
1459 4538 1507 4615 de
1518 4538 1699 4629 Defensa,
1715 4539 1835 4629 miles,
1850 4566 1934 4615 cumr

517 4669 691 4775 pluribus
710 4671 788 4747 suis
800 4670 1065 4778 complicibus,
1081 4670 1238 4747 domum
1254 4671 1352 4749 dicte
1367 4670 1553 4777 Falquete*
1560 4670 1610 4749 de
1623 4668 1935 4749 PamdoLoutra-

517 4800 583 4890 rii,
605 4801 644 4875 in
664 4828 777 4877 manu
795 4818 1023 4879 nonnarum
1045 4800 1285 4906 pertinenciis
1302 4802 1380 4879 suis
1398 4801 1641 4891 existentem,
1659 4825 1747 4880 oum
1765 4800 1934 4877 multitu-

519 4929 608 5005 dine
620 4948 849 5009 armatorum
859 4932 1042 5011 violenter
1052 4932 1215 5021 intravit,
1232 4962 1315 5011 cam
1329 4931 1440 5042 fregit
1455 4950 1493 5011 et
1507 4932 1681 5011 funditus
1697 4932 1832 5019 diruit,
1849 4958 1933 5007 nec-

519 5086 597 5135 non
617 5057 841 5137 hereditates
862 5062 913 5138 ad
936 5063 1073 5140 dictam
1099 5062 1256 5141 domum
1280 5065 1533 5170 pertinentes,
1555 5062 1731 5142 videlicet
1742 5080 1873 5170 'stagna
1894 5076 1932 5136 et
