4450 6209
757 663 1027 772 euoutras
1054 684 1118 755 ur
1145 668 1351 757 rnocts.
1690 687 1765 758 scs

342 825 514 903 fecerunt
533 823 750 912 ascendere,
768 842 806 901 et
820 824 977 903 domurn
997 824 1085 903 dicti
1105 825 1323 903 consulatus
1336 826 1494 915 intrare,
1512 844 1568 920 et,
1585 846 1673 935 post
1688 827 1766 905 dic·
1805 834 1937 889 runnu
1950 836 1993 897 tv,

340 975 398 1035 tas
409 956 627 1063 capcionem
644 973 682 1032 et
697 955 948 1033 intrusionem
970 956 1009 1031 in
1031 958 1189 1034 domum
1210 958 1428 1035 consulatus
1447 958 1623 1065 predicti,
1641 960 1765 1067 ipsum
1869 926 1932 969 lm

342 1087 593 1195 appellantem
611 1087 901 1164 verberaverunt
916 1103 954 1164 et
968 1088 1128 1194 graviter
1144 1088 1451 1180 veneraturum
1465 1090 1678 1196 quinimmo
1694 1091 1768 1167 dic-

341 1219 390 1297 tis
405 1219 548 1327 majore
563 1234 602 1294 et
613 1218 832 1296 consulibus
849 1248 924 1295 una
940 1248 1027 1297 cum
1048 1220 1126 1297 suis
1145 1220 1394 1327 complicibus
1412 1220 1591 1326 predictis
1610 1222 1651 1298 in
1669 1223 1768 1301 dicta

343 1352 460 1429 domo
480 1350 693 1428 consulatus
712 1351 838 1428 adbuc
857 1350 1103 1429 existentibus
1122 1370 1162 1427 et
1180 1351 1351 1444 reclusis,
1373 1352 1499 1428 statim
1518 1371 1604 1459 post
1622 1356 1768 1462 capcio-

342 1511 431 1559 nem
446 1499 485 1559 et
496 1482 745 1559 intrusionem
758 1482 962 1587 predictas,
976 1511 1045 1587 per
1056 1482 1229 1591 bajulum
1242 1500 1416 1561 nostrum
1429 1484 1601 1590 requisiti
1613 1484 1769 1564 fuerunt

267 1668 269 1671 >
341 1613 485 1719 pluries
497 1628 536 1689 et
550 1642 637 1689 cum
651 1612 831 1689 instancia
843 1613 949 1719 quod
961 1631 1086 1718 portas
1103 1613 1192 1690 dicti
1208 1614 1438 1703 consulatus,
1454 1644 1546 1719 quas
1559 1615 1703 1695 clausas
1717 1635 1769 1695 te-

343 1744 500 1832 nebant,
524 1742 594 1819 sibi
619 1744 838 1821 auctoritate
861 1761 988 1821 nostra
1013 1744 1216 1850 aperirent,
1239 1761 1278 1821 et
1296 1744 1403 1851 quod
1422 1744 1566 1822 dictum
1588 1748 1769 1827 Lamber-

341 1893 443 1965 tum,
461 1891 597 1981 postet
612 1892 739 1951 contra
755 1874 1051 1982 appellacionem
1068 1904 1136 1953 sen
1153 1876 1463 1980 provocacionem
1479 1876 1527 1953 ad
1541 1906 1611 1954 nos
1626 1906 1693 1955 seu
1710 1909 1770 1958 se-

342 2007 549 2084 nescallum
564 2023 736 2083 nostrum
756 2006 1036 2112 interpositam,
1056 2023 1208 2111 'captum
1225 2024 1263 2083 et
1274 2035 1348 2111 per
1362 2007 1463 2115 ipsos
1479 2007 1767 2103 incarceratum,

341 2138 414 2215 sibi
428 2136 621 2215 traderent
636 2166 678 2213 ac
693 2136 811 2213 eciam
826 2136 1129 2243 liberarent3qui
1145 2136 1267 2244 major
1281 2154 1321 2213 et
1335 2136 1508 2214 consules
1522 2138 1624 2216 dicto
1640 2140 1769 2249 bajulo

342 2286 472 2347 nostro
493 2266 649 2346 obedire
665 2284 984 2375 contempserunt.
1004 2270 1116 2355 Item,
1139 2296 1225 2345 cum
1245 2283 1332 2375 post
1346 2269 1532 2373 predicta,
1554 2270 1687 2347 eadem
1707 2273 1769 2349 die

220 2404 229 2423 ’
343 2417 382 2477 et
401 2398 542 2489 statim,
564 2399 730 2505 prefatus
749 2398 900 2507 bajulus
919 2415 1059 2490 noster,
1083 2400 1236 2475 Petrum
1257 2399 1412 2487 Medici,
1434 2426 1476 2474 ac
1495 2402 1649 2477 Petrum
1662 2404 1769 2479 -Mar-

342 2532 431 2620 tini,
453 2532 652 2640 majorem,
674 2547 829 2637 propter
850 2530 1040 2637 predictos
1061 2558 1247 2621 excessus,
1269 2529 1469 2608 violencias
1488 2549 1527 2607 et
1545 2531 1768 2611 inobedien-

343 2661 432 2754 cias,
448 2663 487 2739 in
501 2663 600 2741 dicta
614 2661 700 2738 villa
717 2679 932 2740 arrestasset
950 2678 988 2738 et
1005 2662 1180 2768 cepisset,
1197 2690 1239 2738 ac
1255 2662 1357 2768 ipsos
1372 2680 1570 2740 arrestatos
1590 2681 1629 2743 et
1641 2681 1769 2770 captos

344 2794 392 2870 ad
410 2812 580 2871 nostrum
603 2822 787 2870 carcerem
807 2820 935 2870 secum
955 2793 1094 2871 ducere
1115 2792 1221 2870 nisus
1234 2791 1381 2880 fuisset,
1404 2794 1623 2871 auctoritate
1644 2795 1768 2873 nesua

344 2924 488 3003 eisdem
514 2923 755 3032 precipiendo
781 2942 819 3001 et
842 2924 1078 3031 injungendo
1103 2941 1147 2999 nt
1170 2952 1297 3000 secum
1323 2923 1371 3000 ad
1389 2940 1563 3001 nostrum
1583 2954 1770 3003 carcerem

343 3057 530 3144 venirent,
550 3055 639 3131 dicti
652 3057 785 3131 Petrus
802 3054 952 3132 Martini
970 3072 1008 3131 et
1020 3055 1153 3131 Petrus
1169 3052 1309 3131 Medici
1325 3052 1479 3131 obedire
1493 3055 1619 3132 eidem
1635 3057 1770 3135 nolue-

344 3205 451 3278 runt,
473 3188 591 3263 immo
618 3186 665 3263 de
688 3187 768 3293 ejus
792 3186 966 3287 manibus
985 3184 1171 3263 violenter
1197 3215 1236 3262 se
1261 3203 1536 3277 rescusserunt,
1559 3205 1596 3264 et
1617 3188 1771 3295 insuper

345 3317 546 3395 nonnullas
565 3315 654 3394 alias
673 3317 956 3397 inobediencias
977 3334 1103 3393 contra
1124 3345 1194 3394 nos
1214 3335 1253 3393 et
1267 3315 1447 3392 officiales
1464 3333 1615 3394 nostros
1630 3316 1771 3423 pluries

346 3467 384 3527 et
394 3449 563 3527 indebite
580 3450 868 3538 commiserunt,
889 3466 1045 3553 propter
1064 3476 1157 3554 quas
1178 3447 1323 3553 pixides
1342 3476 1411 3523 seu
1429 3446 1583 3523 boistias
1602 3477 1772 3527 commu-

346 3610 412 3659 nes
433 3582 532 3658 dicte
548 3580 650 3669 ville,
669 3581 708 3656 in
732 3580 871 3687 quibus
892 3580 1052 3685 pecunia
1074 3578 1289 3655 communis
1309 3578 1407 3654 dicte
1422 3577 1509 3654 ville
1528 3580 1661 3683 reponi
1681 3607 1771 3658 con-

346 3713 480 3802 suevit,
506 3713 553 3789 ad
573 3740 727 3789 manum
750 3729 914 3789 nostram
942 3710 1164 3816 posuimus,
1178 3735 1291 3812 quam
1313 3736 1468 3785 manum
1493 3726 1659 3786 nostram
1680 3713 1770 3789 dicti

346 3844 466 3951 major
483 3860 521 3919 et
537 3842 710 3921 consules
729 3872 813 3920 cum
833 3842 1012 3918 instancia
1032 3840 1210 3946 petebant
1230 3839 1412 3930 amoveri;
1427 3856 1670 3945 procuratore
1689 3870 1772 3920 nos-

346 3993 405 4051 tro
433 3991 470 4052 et
496 3973 577 4050 aliis
605 3973 747 4051 civibus
773 3992 810 4051 et
836 3972 1083 4079 popularibus
1112 3970 1337 4075 supradictis
1362 3971 1709 4051 contradicentibus
1734 3990 1773 4050 et

347 4104 607 4211 multipliciter
626 4135 665 4182 se
685 4104 968 4212 opponentibus
989 4132 1033 4178 ex
1053 4101 1233 4188 advers03
1255 4101 1427 4191 tandem,
1449 4130 1564 4207 super
1580 4104 1773 4208 premissis

348 4236 486 4313 auditis
505 4236 614 4314 dictis
632 4236 819 4343 partibus,
842 4262 910 4341 per
929 4233 1070 4311 curiam
1093 4250 1260 4309 nostram
1287 4232 1409 4308 extitit
1427 4233 1642 4309 ordinatum
1666 4234 1773 4341 quod

348 4394 461 4473 super
478 4367 656 4474 predictis
671 4367 805 4443 veritas
820 4365 970 4471 plenius
990 4363 1247 4469 inquireretur
1264 4380 1304 4439 et
1317 4363 1429 4440 nobis
1444 4391 1510 4440 seu
1527 4364 1630 4440 curie
1645 4382 1772 4443 nostre

348 4499 570 4577 referretur:
591 4501 766 4606 Inquesta
786 4498 899 4605 igitur
919 4522 1033 4602 super
1052 4494 1262 4599 premissis,
1288 4511 1326 4570 et
1344 4494 1484 4570 auditis
1502 4492 1717 4573 racionibus
1736 4514 1775 4573 et

349 4629 647 4722 defensionibus,
669 4630 836 4736 parcium
856 4628 1131 4735 predictarum,
1154 4626 1203 4701 de
1221 4624 1401 4703 mandato
1419 4641 1547 4702 nostro
1568 4623 1677 4714 facta,
1699 4626 1773 4704 visa

349 4778 387 4838 et
409 4760 608 4868 diligenter
628 4760 852 4847 examinata,
875 4760 979 4865 quia,
1002 4786 1070 4864 per
1089 4773 1204 4833 testes
1228 4756 1305 4835 fide
1331 4756 1694 4864 dignos,·repertum
1717 4776 1774 4836 est

351 4891 471 4968 dictos
486 4893 667 4999 majorem
682 4909 719 4969 ct
734 4890 924 4979 consules,
942 4891 1009 4997 qui
1024 4920 1045 4967 a
1061 4889 1163 4967 dicto
1177 4904 1349 4994 tempore
1366 4888 1458 4965 citra
1468 4887 1625 4965 fuerunt
1638 4889 1678 4964 in
1689 4888 1775 4966 vilia

349 5022 532 5129 predicta,
554 5051 629 5099 una
650 5050 736 5100 cum
759 5021 838 5099 suis
857 5019 1105 5127 complicibus
1127 5035 1166 5097 et
1185 5017 1434 5099 confederatis
1454 5036 1494 5096 et
1510 5018 1594 5097 aliis
1610 5047 1776 5125 quorum

436 5206 490 5249 aas
511 5207 593 5250 onru.
619 5208 663 5247 ur.
1605 5185 1644 5265 67

1686 5282 1710 5318 2,
