4450 6209
765 714 1035 824 nnonsrrs
1061 732 1126 805 nr
1151 719 1358 810 recens.
1700 742 1773 817 tos

353 878 441 986 ipsis
467 874 621 954 notariis
647 900 760 979 super
782 874 973 952 cressione
997 872 1164 982 ipsorum
1185 875 1402 986 sigillandas
1424 878 1547 987 sigillo
1566 885 1717 991 capituli
1740 904 1777 963 et
1813 895 1998 959 Parumne,

59 1026 77 1085 ¹.
216 1114 219 1120 Ι
352 1007 543 1086 senescalli
574 1005 900 1112 Petregoricensis‚
930 1033 950 1079 a
977 1021 1148 1111 tempore
1177 1007 1460 1085 constitucionis
1492 1009 1636 1090 ibidem
1664 1015 1776 1125 sigilli
1866 988 1930 1031 m

352 1138 562 1217 communis
588 1137 766 1245 predicti,
792 1137 883 1215 dicti
911 1136 1155 1243 inquisitores
1183 1139 1465 1229 inhibuerunt,
1479 1159 1524 1219 ut
1548 1143 1699 1234 dicitnr,
1728 1148 1776 1224 de

351 1298 447 1348 noro
468 1296 516 1347 no
537 1269 584 1347 de
605 1284 730 1346 cetero
750 1266 845 1347 lides
865 1267 1090 1345 adhibentur
1115 1268 1252 1349 litteris
1271 1286 1310 1347 et
1328 1271 1590 1355 instrumentis
1609 1278 1776 1354 noterio·

348 1428 455 1493 rum,
478 1401 620 1479 litteras
643 1428 710 1477 suc
733 1398 937 1486 orsecionis
957 1398 1184 1477 habencium
1207 1400 1383 1509 sigillatas
1400 1404 1515 1481 unico
1535 1404 1658 1512 sigillo
1679 1409 1778 1515 capi·

351 1532 423 1611 tuli
435 1550 472 1611 et
484 1531 677 1611 senescalli
688 1532 804 1610 nostri
818 1532 1091 1638 predictorum,
1106 1547 1313 1611 statuentes
1324 1530 1442 1613 lidsm
1454 1536 1625 1615 adhiberi
1638 1537 1777 1617 debere

352 1663 487 1741 litteris
506 1680 543 1741 et
562 1663 823 1745 instrumentis
842 1651 1076 1743 notariorum
1095 1662 1322 1741 habencinm
1335 1664 1479 1744 litteras
1492 1696 1562 1745 suc
1575 1670 1778 1750 eleccionis

351 1794 528 1904 sigillatas
542 1793 623 1873 solo
639 1794 765 1902 sigillo
780 1794 970 1872 communi
987 1792 1097 1871 nobis
1117 1811 1155 1871 et
1174 1794 1341 1901 capitulo
1350 1815 1582 1885 memoratot
1601 1828 1676 1905 qne
1694 1829 1780 1905 pse·

350 1928 460 2003 misse
481 1927 520 2001 in
544 1922 794 2033 prejudicium
812 1924 1002 2005 dictorum
1021 1923 1177 2029 capituli
1199 1942 1237 2001 et
1255 1926 1419 2003 centoris
1437 1928 1653 2010 redundare
1672 1930 1778 2006 vitle-

350 2058 499 2150 bentnr,
521 2074 564 2134 ut
584 2055 775 2146 dicebant,
796 2082 865 2135 nos
884 2084 997 2163 super
1019 2055 1210 2162 premissis
1230 2056 1489 2134 mendavimus
1505 2057 1700 2137 veritatem
1717 2060 1778 2137 in-

350 2190 472 2297 quiri:
490 2189 576 2267 Visa
595 2186 710 2295 igitur
728 2188 899 2294 inquests
920 2216 1033 2293 snper
1047 2186 1232 2292 predictis
1251 2188 1301 2263 de
1319 2189 1499 2265 mandato
1516 2208 1647 2272 nostro
1666 2190 1773 2279 lecte,

349 2337 503 2427 propter
526 2318 710 2425 quosdam
732 2316 900 2395 delectus
925 2318 963 2393 in
984 2346 1026 2393 ea
1046 2333 1230 2423 repertos,
1252 2317 1437 2423 quianon
1464 2336 1519 2395 est
1543 2338 1776 2426 compertum

350 2480 435 2538 nos,
448 2478 516 2557 per
526 2466 806 2556 procuratorem
817 2464 990 2525 nostrum
1004 2447 1043 2521 in
1054 2446 1248 2552 predictis,
1261 2446 1446 2552 legittime
1461 2446 1635 2527 defensos
1643 2449 1773 2540 luisse,

350 2612 393 2659 ex
414 2609 539 2670 causa,
559 2578 661 2657 curie
685 2594 813 2657 nostra
834 2577 1020 2654 ordinavit
1044 2576 1148 2683 quod
1164 2577 1400 2683 procinetori
1419 2594 1550 2655 nostro
1570 2580 1777 2689 Petregori-

351 2712 449 2790 censi
466 2710 534 2789 liet
552 2709 658 2816 copie
678 2708 922 2787 articulorum
939 2708 977 2784 in
995 2708 1167 2814 inquestn
1185 2707 1354 2814 predicte
1372 2725 1638 2788 contentorum
1658 2727 1698 2789 et
1714 2740 1776 2789 no

349 2844 495 2920 minum
523 2842 676 2919 testium
702 2841 743 2917 in
771 2869 814 2917 ea
843 2840 1134 2946 productorum,
1167 2857 1205 2916 et
1232 2840 1337 2945 quod
1366 2840 1445 2946 ipse
1476 2839 1584 2919 dictis
1611 2842 1775 2920 articulis

347 2976 481 3053 iterato
501 2971 762 3080 respondebit,
781 2989 818 3049 et
832 2969 1072 3048 defensiones
1087 2987 1366 3077 nostrssrsupcr
1378 2970 1434 3048 eis
1453 2970 1672 3077 adplenum
1688 3000 1776 3078 pro·

346 3124 482 3211 ponet,
497 3123 538 3182 et
552 3103 757 3183 contrarios
773 3101 968 3191 articulos,
991 3102 1021 3179 si
1037 3101 1218 3193 volucrit,
1234 3101 1362 3192 faciet,
1381 3130 1425 3180 ec
1442 3102 1688 3209 pmbsoiones
1705 3132 1774 3210 pro

347 3254 451 3342 perte
468 3252 595 3313 nostra
610 3262 725 3343 super
736 3233 915 3340 predictis
930 3232 1136 3339 producut,
1158 3249 1197 3310 et
1215 3233 1320 3339 quod
1336 3232 1434 3311 sclve
1452 3232 1702 3314 remanebunt
1721 3253 1775 3314 nt·-

347 3366 571 3446 testsciones
587 3364 742 3443 testium
758 3392 801 3443 es
819 3380 923 3469 perte
944 3364 1135 3441 dictorum
1148 3362 1300 3469 capituli
1319 3379 1360 3440 et
1374 3363 1535 3442 centoris
1550 3364 1590 3443 in
1604 3364 1775 3470 inquestr

345 3498 516 3605 predicta
525 3495 813 3603 productorum
830 3494 929 3573 selvo
950 3494 1066 3571 eciam
1084 3494 1207 3601 qnod,
1222 3510 1351 3572 contre
1368 3508 1483 3571 testes
1500 3493 1668 3598 parcium
1689 3494 1774 3574 hinc

348 3628 437 3706 inde
455 3628 731 3736 productorum
756 3643 794 3703 et
813 3624 1167 3732 producendorum,
1188 3624 1267 3730 ipse
1286 3639 1410 3729 partes
1429 3623 1519 3703 hinc
1538 3622 1627 3704 inde
1649 3624 1773 3705 dicero

347 3762 491 3868 possint
506 3777 544 3837 et
562 3786 680 3865 super
694 3757 919 3837 eorumdem
934 3757 1089 3835 testium
1110 3753 1443 3861 reprohscionilrus
1462 3781 1538 3860 que
1551 3753 1692 3834 luerint
1707 3756 1774 3833 ad-

347 3892 530 3971 mittendc
545 3888 792 3998 probaciones
806 3888 990 3997 legittime
1001 3887 1252 3995 recipientem
1265 3903 1427 3993 etsnper
1440 3885 1618 3967 omnibns
1630 3885 1775 3992 predic-

346 4026 395 4101 tis
413 4024 584 4131 inquesta
599 4021 783 4129 predicte,
796 4020 875 4127 jnm
891 4017 1597 4124 inclmstc,perfectset.oomplets‚.nt
1614 4018 1773 4123 premis

348 4170 526 4244 comest,
549 4152 763 4233 remittetur
783 4150 830 4227 ed
848 4151 990 4227 ouritnn
1007 4148 1223 4258 judicanda.
1328 4214 1331 4217 ,

405 4288 534 4365 Martis
553 4301 640 4395 post
655 4282 807 4361 octabas
826 4279 1049 4389 Epiphanio.

393 4420 455 4499 Μ.
477 4417 523 4499 G.
548 4418 594 4495 de
615 4418 711 4495 tneo
731 4412 943 4521 reportarit.

404 4685 496 4762 llVl.
527 4682 625 4760 Cum
642 4678 886 4788 signilicnsset
899 4675 1009 4755 nobis
1025 4690 1247 4781 procurator
1260 4672 1404 4759 abbatis
1412 4688 1453 4749 et
1466 4669 1616 4778 capituli
1630 4670 1775 4751 Sancti·

349 4814 550 4892 Frontonis
570 4796 884 4919 Petregoricensis
903 4806 1009 4915 quod
1022 4806 1255 4912 domusque
1272 4803 1466 4911 quondam
1484 4802 1558 4881 luit
1573 4800 1773 4885 Gnillelmi

349 4944 552 5032 Guidonis,
570 4942 618 5019 ed
629 4968 788 5020 menum
805 4956 969 5019 ncsnnrn
987 4966 1057 5045 pro
1074 4936 1222 5015 delictis
1243 4935 1379 5043 ipsius,
1399 4952 1443 5012 ut
1462 4934 1610 5022 dicitnr,
1631 4933 1771 5049 posite,

350 5077 486 5185 herbilis
509 5093 547 5153 et
567 5089 784 5180 competens
797 5072 976 5148 'misteret
995 5068 1044 5147 sd
1061 5068 1265 5147 tenendam
1290 5067 1432 5150 curiam
1453 5092 1696 5147 commem
1714 5063 1774 5142 in·

1594 5222 1643 5283 51.
