4450 6209
507 746 553 819 51
1078 720 1167 795 LES
1192 721 1338 795 ΘΗΜ.

279 912 409 963 hm
422 901 464 954 tt.
502 880 670 962 intulisse
688 864 944 974 multipliciter
962 861 1196 953 dicebantur,
1213 863 1500 969 dist-,operiendo
1518 862 1678 939 domum
1693 864 1915 940 eorumdem

340 999 402 1039 ¹³¹¹·
501 1016 686 1091 fumun,
705 1000 813 1076 sitam
838 994 996 1071 indicta
1020 992 1108 1071 villa
1133 995 1173 1070 in
1193 994 1352 1071 carreria
1378 995 1426 1071 de
1452 994 1488 1070 la
1512 992 1726 1083 Pairolaria,
1751 1021 1794 1069 ac
1817 991 1917 1070 fran-

496 1138 621 1251 gendo
642 1128 836 1239 quoddam
857 1126 1059 1202 oratorium
1087 1126 1127 1201 in
1157 1126 1252 1202 dieta
1274 1126 1395 1203 'domo
1423 1153 1490 1231 per
1508 1125 1629 1201 dictos
1655 1125 1802 1201 Fratres
1826 1154 1915 1201 con-

495 1284 697 1351 structum,
715 1287 790 1337 una
807 1286 894 1335 cum
911 1258 1143 1337 ornamentis
1158 1258 1345 1367 ejusdem,
1364 1256 1518 1335 eosdem
1534 1259 1683 1333 Fratres
1702 1256 1915 1336 etdomum

494 1398 713 1508 predictam,
731 1386 904 1496 pluribus
924 1388 994 1465 sibi
1016 1389 1218 1478 associatis,
1241 1389 1463 1466 cumarmis
1483 1388 1670 1466 hostiliter
1689 1388 1912 1477 invadendo,

494 1554 568 1607 nou
583 1521 819 1603 obstantibus
829 1515 955 1596 baculi
968 1520 1087 1596 nostri
1105 1521 1344 1626 apposicione
1359 1521 1408 1597 ad
1425 1520 1632 1596 tuicionem
1646 1519 1746 1595 dicte
1763 1519 1914 1611 domus,

492 1686 531 1735 ac
547 1652 805 1763 prohibicione
815 1647 954 1757 judicis
969 1668 1008 1728 et
1022 1651 1252 1728 servientum
1267 1669 1484 1727 nostrorum
1504 1650 1648 1727 eisdem
1662 1648 1756 1726 laeta
1770 1677 1818 1725 ne
1834 1678 1917 1754 pre-

491 1790 601 1865 missa
623 1783 744 1861 sacere
767 1799 1047 1888 attemptarent,
1067 1782 1171 1859 dicto
1191 1783 1316 1888 priore
1338 1782 1379 1857 in
1398 1782 1496 1857 dicta
1511 1780 1599 1857 villa
1618 1796 1809 1886 presente,
1830 1809 1916 1886 pre-

489 1918 674 2023 missaque
704 1914 860 2000 sciente,
894 1912 1095 1990 mandante
1120 1940 1188 1990 seu
1214 1933 1343 1996 ratum
1372 1913 1550 2002 habente,
1578 1930 1616 1989 et
1641 1928 1727 2017 post
1751 1910 1917 2016 predicta

488 2044 671 2125 maleficia
691 2047 882 2153 predictos
902 2043 1162 2123 malefactores
1181 2061 1417 2150 temptante,
1443 2042 1565 2127 dictus
1588 2042 1815 2121 senescallus
1833 2070 1917 2119 nns-

488 2198 558 2265 ter,
580 2181 655 2256 visa
676 2208 744 2285 per
762 2179 889 2285 ipsum
909 2178 1081 2285 inquesta
1101 2174 1284 2283 predicta,
1301 2176 1492 2253 mandavit
1506 2194 1544 2252 et
1557 2175 1728 2282 precepit
1745 2175 1851 2280 quod
1868 2174 1915 2249 de

489 2311 599 2388 bonis
614 2309 889 2415 temporalibus
904 2309 994 2385 dieti
1003 2310 1193 2414 prioratus
1205 2307 1418 2384 levarentur
1433 2324 1584 2386 centum
1605 2306 1701 2383 libre
1718 2308 1916 2382 Turonen-

486 2443 587 2547 sinm
600 2466 818 2549 parvorum,
836 2468 995 2548 quarum
1009 2439 1140 2547 bajulo
1157 2439 1246 2515 dicti
1260 2439 1332 2515 loci
1344 2457 1506 2546 quatuor
1518 2438 1632 2524 libre,
1651 2465 1719 2543 pro
1730 2436 1817 2543 jure
1829 2464 1915 2527 suc,

489 2591 526 2649 et
541 2600 604 2649 sex
619 2572 717 2651 libre
732 2572 965 2678 notariisqui
981 2567 1125 2647 diotam'
1139 2572 1352 2676 inquestam
1364 2571 1608 2675 scripserunt,
1621 2569 1866 2659 solverentur,
1879 2584 1916 2642 et

488 2704 683 2781 residuum
701 2704 885 2781 dictarum
909 2720 1062 2780 centum
1082 2700 1264 2778 librarum
1288 2700 1399 2779 nobis
1417 2701 1683 2807 applicaretum
1704 2702 1814 2789 item,
1832 2727 1917 2775 cen-

486 2852 569 2913 tum
591 2834 703 2911 solidi
724 2830 892 2910 solvendi
912 2833 1022 2910 dictis
1048 2833 1240 2909 Fratribus
1264 2862 1334 2938 pro
1351 2833 1555 2909 relectione
1576 2832 1676 2908 dicte
1697 2833 1832 2909 domus
1851 2858 1917 2907 eo·

490 2964 666 3041 rumdern
695 2958 878 3041 Fratrum.
901 2956 949 3041 -A'
970 2965 1111 3070 quibus
1136 2964 1325 3057 sentencia
1353 2992 1420 3041 seu
1447 2982 1625 3071 precepto
1652 2964 1775 3043 dictn's
1800 2963 1914 3067 prior,

487 3114 667 3203 tanquam
693 3088 916 3203 ab'iniquis,
938 3097 1226 3203 etiprocurator
1248 3113 1387 3183 noster,
1412 3114 1594 3202 tanquam
1617 3126 1639 3171 a
1659 3095 1808 3173 modica
1828 3122 1916 3170 eon-

490 3229 762 3335 dempnacione
775 3256 841 3305 seu
855 3228 1063 3319 taxatione,
1080 3227 1126 3304 ad
1142 3245 1308 3305 nostram
1322 3227 1463 3304 curiam
1474 3227 1728 3334 appellarunt:
1744 3228 1916 3303 Tandem

491 3361 588 3437 dicta
613 3360 782 3467 inquesta
806 3382 881 3436 una
908 3360 1132 3437 cum'dictis
1158 3360 1479 3466 appellacionibus
1504 3361 1553 3436 ad
1580 3361 1722 3437 curiam
1749 3376 1915 3437 nostram

489 3491 610 3567 missis
631 3502 668 3567 et
687 3491 741 3569 eis
759 3516 826 3598 per
847 3490 984 3567 dictam
1005 3489 1148 3567 curiam
1165 3507 1332 3566 nostram
1347 3490 1433 3568 visis
1447 3507 1486 3567 et
1501 3489 1702 3597 diligenter
1721 3490 1912 3597 inspectis,

486 3622 778 3728 pronunciatum
804 3621 875 3698 luit
901 3621 1041 3698 dictam
1072 3622 1318 3709 sentenciam,
1348 3650 1425 3698 non
1455 3621 1693 3699 obstantibus
1718 3620 1915 3699 antedictis

486 3748 827 3860 appellacionibus,
851 3753 890 3828 in
919 3781 989 3830 suo
1011 3751 1146 3830 robore
1168 3778 1400 3858 permanere.

546 3884 653 3960 Lune
676 3901 763 3990 post
781 3881 920 3960 festum
939 3883 1039 3960 beati
1060 3882 1228 3959 Barnabe
1249 3883 1420 3989 apostoli.

545 4014 721 4125 Magister
738 4016 781 4091 R.
802 4011 1012 4093 Rousseleti
1031 4014 1243 4121 reportavit.

543 4281 603 4357 IV.
636 4280 733 4359 Cum
761 4281 860 4358 inter
883 4278 1119 4371 Gnidonem‚
1143 4280 1339 4357 dominum
1365 4283 1412 4358 de
1433 4283 1646 4372 Severiaco,
1672 4282 1849 4373 militem,
1872 4312 1915 4359 er

488 4428 590 4517 parte
611 4440 702 4505 una,
726 4430 763 4490 et
781 4412 947 4519 priorem
964 4411 1151 4520 prioratus
1166 4410 1213 4488 de
1226 4413 1408 4505 Vemhia,
1430 4442 1472 4492 ex
1491 4413 1624 4503 altera,
1644 4415 1792 4520 questio
1812 4432 1913 4491 mota

486 4540 618 4622 fuisset
638 4571 762 4622 coram
789 4524 993 4622 senescallo
1016 4560 1145 4621 nostro
1166 4543 1416 4634 Ruthenensi,
1439 4572 1553 4652 super
1572 4546 1645 4622 hoc
1666 4545 1769 4652 quod
1795 4545 1915 4623 dictus

487 4671 597 4751 miles
614 4676 795 4752 'saisinam
818 4702 886 4753 seu
910 4700 1069 4753 manum
1094 4692 1278 4767 nostram,
1302 4677 1509 4782 appositam
1533 4676 1572 4755 in
1597 4677 1682 4756 villa
1701 4706 1770 4755 seu
1786 4676 1913 4755 affario

487 4806 535 4880 de
555 4806 717 4885 Vernbia
742 4835 812 4914 pro
833 4808 920 4915 jure
943 4824 1072 4886 nostro
1097 4806 1243 4884 etdicti
1267 4808 1421 4914 prioris,
1443 4810 1605 4885 amoveri
1626 4808 1796 4915 petebat,
1819 4836 1914 4887 asse·

486 4960 573 5013 rens
585 4936 726 5016 lactum
742 4938 791 5015 de
807 4938 987 5028 Vemhia,
1007 4940 1078 5017 sibi
1100 4939 1140 5015 in
1160 4934 1520 5018 escambium‘suisse
1538 4942 1720 5019 traditum
1738 4970 1808 5048 per
1821 4944 1913 5019 Eus-

485 5068 653 5146 tachium
668 5070 716 5149 de
732 5069 1079 5159 BelloMarchesio,
1096 5065 1291 5178 qnondam
1311 5068 1560 5151 senescallum
1582 5090 1754 5151 nostrum
1768 5070 1912 5150 Tholo-
