4450 6209
682 700 687 706 ·
751 680 1021 790 necemus
1045 701 1112 799 er
1139 679 1349 776 rences.
1693 703 1764 774 125

334 836 437 914 bona
454 855 580 944 potest
598 838 797 918 efficaciter
825 840 1013 950 obligere3
1042 842 1206 951 ideoque
1229 861 1380 952 peteret
1400 844 1520 922 dictos
1539 860 1766 922 mercatores
1804 851 1934 908 Parnm
1948 854 1991 919 tv,

335 969 524 1048 societatis
550 972 747 1050 Mororum
767 988 806 1049 et
829 999 963 1050 eorum
987 991 1271 1081 procuratorem
1296 974 1469 1083 predicto
1489 975 1644 1053 nomine
1665 1003 1767 1052 com-
1867 946 1931 988 Μ’

334 1099 427 1206 pelli
448 1100 498 1178 ad
515 1103 756 1180 reddendum
777 1119 816 1182 et
833 1106 1097 1212 reponendum
1112 1107 1152 1182 in
1167 1134 1280 1184 manu
1301 1105 1399 1184 (ficte
1416 1105 1599 1185 consortis
1619 1123 1764 1199 nostre,

333 1231 507 1340 predicto
526 1234 683 1312 nomine
703 1234 919 1313 executorio
939 1235 1039 1316 dicte
1062 1239 1192 1316 matris
1216 1267 1301 1331 sue,
1324 1238 1445 1316 dictes
1470 1265 1590 1345 equos
1608 1238 1649 1314 iu
1669 1255 1768 1314 statu

333 1364 525 1470 predicto,
547 1382 614 1442 eut
632 1395 820 1444 summam
836 1369 998 1474 pecunie
1018 1370 1290 1477 supradictam
1307 1385 1345 1446 et
1364 1397 1385 1446 e
1407 1369 1643 1447 contradicti
1668 1397 1768 1448 mer-

335 1479 478 1574 catores
494 1499 693 1577 Mororum
715 1515 907 1578 eteorum
926 1519 1160 1618 procurator,
1180 1501 1357 1609 pluribus
1376 1500 1609 1591 renonibus,
1627 1529 1767 1608 propo-

334 1645 473 1706 nerent
488 1629 659 1735 predicta
676 1631 759 1708 fieri
776 1658 855 1708 nou
870 1631 1029 1710 debere:
1045 1634 1235 1726 Tandem,
1253 1633 1391 1710 auditis
1408 1633 1497 1711 hinc
1514 1632 1606 1710 inde
1624 1661 1764 1740 propo—

334 1758 432 1851 sitis,
449 1776 489 1837 et
506 1787 621 1866 snper
639 1759 746 1838 factis
764 1761 936 1866 parcium
950 1763 1206 1868 predictarum
1223 1763 1402 1868 inquisita
1421 1762 1575 1870 plenius
1592 1764 1764 1851 veritate,

333 1889 496 1998 visisque
517 1919 605 1967 curn
625 1889 905 1970 deliberacione
919 1892 1106 1998 inquestis
1121 1921 1235 2000 super
1249 1894 1323 1971 biis
1337 1893 1463 1982 factis,
1486 1920 1556 2000 per
1574 1893 1762 1999 judicium

278 2114 286 2124 ι
334 2039 463 2100 nostre
482 2021 603 2110 curie,
624 2021 770 2100 dictum
787 2019 861 2102 fuit
879 2040 920 2100 et
935 2024 1228 2131 pronunciatum
1247 2024 1462 2131 predictum
1481 2042 1765 2131 procuratorem

335 2152 435 2230 dicte
464 2153 648 2231 consortis
673 2171 801 2232 nostre
830 2154 1087 2232 intencionem
1114 2184 1221 2234 suam
1249 2155 1481 2232 sufficienter
1503 2128 1699 2262 probasse
1728 2174 1767 2234 et

333 2312 403 2391 per
436 2282 539 2361 idem
565 2284 769 2391 judicium
787 2285 880 2363 dicti
906 2302 1133 2364 mercatores
1159 2287 1347 2365 societatis
1375 2287 1586 2376 Mororum,
1614 2286 1764 2364 racione

335 2414 435 2492 dicte
450 2413 711 2523 obligaciouis,
728 2433 767 2494 et
783 2443 917 2494 eorum
929 2433 1228 2523 procuratorem,
1250 2416 1422 2524 predicto
1443 2416 1598 2494 nomine
1619 2444 1784 2496 corum--

335 2546 443 2638 dem,
460 2546 729 2654 condempnati
749 2544 907 2625 fuerunt
925 2549 974 2626 ad
993 2545 1236 2626 reddendum
1255 2564 1294 2624 et
1308 2546 1573 2653 reponendum
1593 2548 1633 2623 in
1648 2575 1762 2624 manu

335 2677 434 2754 dicte
455 2678 639 2756 consortis
667 2694 812 2767 nostre,
846 2678 1061 2756 executorio
1081 2677 1236 2758 nomine
1265 2676 1455 2785 predicto,
1487 2705 1605 2783 equos
1634 2706 1764 2786 supra-

335 2807 457 2886 dictos
471 2809 512 2885 in
527 2825 626 2887 statu
640 2809 830 2916 predicto,
846 2809 906 2888 vel
920 2809 994 2886 tria
1008 2808 1128 2888 millia
1143 2809 1326 2888 librarum
1342 2807 1624 2886 Turonensium
1640 2835 1765 2915 supra-

335 2939 450 3031 dicta,
471 2939 572 3019 salvo
591 2940 702 3018 dictis
720 2940 993 3019 mercatoribus
1007 2940 1096 3048 jure
1116 2968 1186 3020 suo
1207 2940 1256 3018 de
1275 2938 1451 3016 habendo
1471 2965 1628 3016 recursu
1651 2967 1766 3046 super

336 3098 469 3148 corum
486 3072 533 3149 de
550 3059 886 3180 dampnificaeione
904 3072 944 3148 in
960 3069 1182 3182 hujusmodi
1200 3088 1330 3150 contre
1346 3071 1531 3149 donatum
1548 3071 1763 3177 predictum

334 3218 376 3279 ct
394 3202 479 3308 ejus
497 3201 726 3280 societatem.
747 3203 790 3280 ln
809 3202 935 3310 cujus,
957 3219 1029 3280 etc.
1059 3268 1062 3272 .
1518 3187 1523 3200 ’

392 3333 523 3412 Martis
536 3349 623 3413 ante
634 3333 774 3414 festum
788 3333 1226 3426 Omnium-Sanctorum,
1242 3361 1340 3412 enno
1354 3333 1619 3412 trecentesimo
1631 3334 1759 3410 tercio.

390 3599 467 3680 XV.
498 3600 599 3679 Cum
617 3600 717 3679 inter
734 3617 1018 3708 procuratorem
1033 3616 1224 3691 nostrum,
1246 3595 1459 3705 pronubis,
1481 3624 1525 3676 ex
1541 3625 1617 3674 una
1639 3612 1760 3704 parte,

333 3749 373 3808 et
399 3731 586 3811 Guiotum
611 3730 962 3842 Meilleur-Gaigne,
989 3759 1060 3839 pro
1081 3757 1122 3810 se
1142 3747 1180 3808 et
1199 3729 1308 3808 sociis
1327 3729 1406 3806 suis
1430 3745 1467 3805 et
1491 3726 1762 3804 mercatoribus

333 3863 523 3942 societatis
542 3864 590 3941 de
611 3863 970 3972 Meilleur-Gaigne‚
995 3892 1040 3940 ex
1064 3861 1154 3952 alia,
1177 3879 1276 3940 esset
1296 3877 1400 3940 mota
1419 3858 1617 3940 contencio
1637 3885 1763 3936 coram

333 3994 464 4088 nobie,
481 4022 657 4103 supereo
672 3994 778 4104 quod
792 3996 917 4074 dictus
931 4011 1152 4104 procurator
1170 4011 1311 4084 noster,
1332 4021 1402 4100 pro
1422 3993 1549 4083 nobis,
1577 3989 1764 4070 asserebat

334 4126 442 4232 quod
460 4125 646 4205 Girardus
661 4126 822 4234 Cbipre‚
837 4127 878 4204 iu
893 4155 965 4206 suo
979 4143 1205 4204 testamento
1225 4154 1293 4204 seu
1312 4123 1448 4204 ultima
1467 4123 1657 4202 voluntate
1677 4151 1760 4213 sua,

333 4257 446 4336 nobis
466 4255 604 4367 legavit
626 4274 801 4367 quartam
819 4276 966 4365 partem
986 4257 1175 4336 sexdecim
1193 4257 1357 4335 millium
1383 4255 1631 4334 ducentarum
1652 4271 1691 4331 ct
1706 4253 1761 4330 vi-

333 4388 427 4496 ginti
440 4406 603 4496 quatuor
615 4388 801 4468 librarum
813 4388 1097 4487 Turonensinm
1109 4415 1329 4494 parvorum,
1344 4386 1385 4464 in
1397 4413 1472 4493 qua
1486 4411 1634 4462 summa
1648 4411 1762 4490 pecu·

333 4519 397 4597 nie
411 4519 491 4627 ipse
505 4518 690 4599 Girardus
705 4519 857 4599 dicebat
872 4519 964 4598 dicti
979 4519 1169 4599 Gnidonis
1183 4519 1307 4597 socios
1326 4534 1364 4594 et
1383 4515 1599 4594 societatem
1613 4511 1763 4621 predio·

333 4668 410 4742 tos,
421 4679 466 4729 cx
476 4679 586 4729 cansa
597 4668 698 4729 certa
708 4667 747 4728 et
757 4650 942 4762 legitima,
954 4648 1176 4742 eibitcneri3
1192 4665 1413 4757 peteretque
1426 4644 1530 4724 idem
1541 4643 1764 4750 ‘procurator

334 4799 464 4860 noster
481 4780 603 4859 dictos
623 4782 744 4860 socios
767 4799 806 4860 et
825 4782 1043 4861 societatem
1062 4779 1174 4890 uobis
1195 4778 1479 4885 condempnari,
1502 4794 1541 4854 'et
1560 4773 1762 4882 condemp

335 4926 443 4990 natos
466 4911 644 5018 compelli
672 4911 721 4989 ad
744 4911 988 4990 reddendum
1009 4926 1184 5018 quartam
1209 4926 1354 5018 partem
1387 4935 1537 4988 summe
1565 4905 1756 5015 predicte3

334 5058 441 5149 parte
453 5041 604 5122 adversa
617 5041 793 5149 pluribus
806 5042 1021 5122 raciouibus
1035 5040 1267 5121 contrarium
1278 5053 1533 5146 proponente,
1551 5053 1589 5114 et
1603 5050 1754 5142 petente
