4450 6209
750 759 1020 868 nuoutres
1046 778 1110 850 nr
1137 760 1341 853 esoces.
1649 836 1653 842 .
1685 778 1758 851 505

1798 926 1929 979 Pertrrre
1942 924 1984 986 lt,

1860 1014 1922 1059 1³1⁰.

686 1263 960 1377 rnounsrs
990 1266 1061 1351 er
1091 1263 1403 1354 processus

407 1612 410 1618 Ι
535 1525 608 1573 PER
639 1524 790 1575 cuntant
821 1526 940 1576 FACT!
972 1527 1010 1576 tn
1040 1522 1551 1621 elstannutonfltnuffl,

849 1760 938 1802 ΑΝΝΟ
961 1760 1092 1802 unstrut
1117 1758 1240 1801 ttcccx.

389 1977 415 2051 l.
448 1976 543 2054 Cum
565 1977 817 2083 significatum
837 1978 967 2056 luisset
988 1978 1194 2055 senescallo
1217 1978 1518 2067 Carcassonensi,
1548 1993 1677 2055 contra
1698 1978 1766 2054 Pe·
1817 1990 1820 1993 ’

331 2126 432 2184 trum
447 2108 494 2185 de
506 2108 764 2199 Claromonte,
780 2110 958 2200 militem,
974 2111 1079 2217 quod
1094 2112 1198 2188 idem
1220 2093 1329 2189 miles
1344 2111 1488 2198 Fimm,
1506 2109 1762 2201 domicellam,

333 2239 380 2316 de
394 2240 720 2330 Potio-Laterum,
742 2242 976 2331 mandatam,
998 2242 1209 2350 peripsum
1230 2243 1410 2331 militem,
1434 2242 1481 2337 ad
1500 2242 1617 2348 ipsius
1634 2242 1766 2320 militis
1859 2216 1864 2225 „

334 2371 491 2448 domum
507 2375 614 2447 castri
629 2374 677 2448 de
693 2372 923 2480 Belesgario,
938 2374 1043 2450 nisus
1059 2374 1180 2478 fuerat
1194 2374 1391 2449 carnaliter
1411 2400 1651 2479 cognoscere,
1668 2401 1768 2450 eam-

333 2530 423 2607 que,
441 2504 513 2579 lroc
531 2504 606 2609 pati
625 2503 836 2593 nolentem,
859 2504 1010 2610 ligatam
1024 2503 1127 2612 [per]
1146 2504 1296 2593 manus,
1321 2504 1407 2580 duci
1424 2502 1562 2579 lecerat
1582 2502 1630 2579 ad
1650 2504 1767 2610 ipsius

334 2634 463 2709 militis
475 2652 633 2711 castmm
652 2636 699 2711 de
712 2637 939 2745 Belesgario,
958 2652 995 2711 et
1009 2636 1099 2742 poni
1117 2636 1254 2712 lecerat
1267 2634 1466 2711 incarcere
1482 2650 1562 2712 arto
1581 2652 1617 2709 et
1627 2635 1706 2723 vili,
1731 2654 1768 2713 et

333 2792 401 2872 per
417 2784 493 2842 tres
520 2767 601 2844 dies
620 2785 793 2844 tenuerat
813 2768 977 2855 ibidem,
994 2768 1189 2874 ipsamque
1208 2767 1254 2843 de
1272 2766 1373 2843 dicto
1388 2794 1533 2842 carcere
1548 2782 1764 2857 extractam,

335 2898 485 3003 expulsa
498 2916 575 2977 tota
589 2887 729 2976 familia
743 2900 915 3008 ejusdem
929 2899 1075 2987 militis,
1095 2917 1133 2975 et
1140 2898 1257 3006 janua
1270 2898 1406 2989 clausa,
1421 2914 1587 3007 rogasset
1606 2901 1712 3005 quod
1727 2930 1766 2977 se

335 3029 529 3108 c'arnaliter
552 3034 723 3140 cognosci
745 3032 982 3137 permitteret
1003 3032 1049 3110 ab
1071 3031 1226 3121 eodem,
1243 3031 1467 3137 promittens
1492 3029 1563 3109 sibi
1585 3030 1665 3108 dari
1686 3031 1767 3109 bla-

335 3163 443 3255 dum,
465 3182 584 3241 vestes
605 3181 641 3240 et
661 3164 853 3252 maritum,
875 3165 1086 3270 ipsamque,
1108 3163 1181 3239 hoc
1199 3163 1275 3269 pati
1295 3162 1506 3251 nolentem,
1528 3163 1679 3271 ligatam
1699 3192 1767 3270 per

335 3295 506 3371 medium
519 3296 698 3401 corporis,
711 3296 758 3371 ad
770 3295 958 3401 quandam
972 3294 1119 3370 trabem
1131 3293 1316 3384 traxisset,
1336 3292 1466 3402 positis
1477 3293 1634 3372 cabaciis
1646 3295 1768 3401 plenis

336 3424 526 3531 lapidibus
545 3427 592 3503 ad
611 3427 729 3533 pedes
746 3445 782 3505 et
799 3454 932 3503 manus
953 3425 1050 3501 dicte
1071 3424 1289 3515 domicelle,
1308 3442 1345 3502 et
1366 3455 1447 3503 eam
1463 3401 1695 3532 pendentem
1716 3426 1768 3505 sic

334 3559 534 3650 tenuisset,
559 3552 832 3667 absque'causa
857 3557 1075 3635 rationabili
1102 3574 1138 3635 et
1157 3563 1315 3664 persona
1342 3557 1493 3664 publica
1519 3585 1597 3635 non
1619 3578 1764 3650 vocata,

337 3720 535 3797 quousque
555 3694 705 3799 sanguis
726 3692 835 3769 exivit
862 3691 908 3769 de
937 3718 1094 3797 corpore
1117 3690 1216 3766 dicte
1238 3689 1456 3778 domicelle,
1482 3718 1550 3798 per
1573 3719 1632 3783 os,
1658 3720 1767 3770 nares

338 3841 373 3900 et
389 3823 459 3899 alia
480 3823 577 3913 loca,
597 3806 755 3931 eamque
775 3823 983 3901 induxisset
995 3823 1108 3900 minis
1124 3822 1171 3898 ad
1185 3820 1446 3900 confitendum
1463 3823 1568 3931 quod
1585 3822 1766 3901 infantem

339 3956 545 4042 habuerat,¹
560 3958 663 4061 quod
685 3973 763 4032 erat
782 3956 929 4033 falsum.
945 3956 1065 4033 Factis
1081 3956 1197 4066 igitur
1216 3956 1388 4062 inquesta
1410 3972 1448 4033 et
1464 3982 1640 4062 processu
1656 3984 1769 4064 super

336 4086 516 4198 predictis
530 4104 655 4163 contra
672 4088 815 4163 dictum
831 4087 1007 4176 militem,
1022 4116 1090 4193 per
1105 4089 1246 4165 curiam
1262 4087 1352 4166 dicti
1369 4086 1580 4175 senescalli,
1593 4087 1695 4165 idem
1712 4118 1766 4165 se-

337 4216 524 4294 nescallus
540 4218 682 4295 dictum
698 4219 857 4295 militem
872 4220 912 4293 in
930 4218 1146 4327 quingentis
1164 4220 1269 4296 libris
1287 4219 1575 4297 Turonensibus
1590 4220 1716 4308 nobis,
1731 4239 1769 4297 et

339 4368 489 4428 centum
510 4350 618 4428 libris
634 4351 733 4428 dicte
750 4351 837 4428 Fize
853 4349 1059 4441 solvendis,
1076 4378 1145 4457 per
1162 4350 1410 4442 sentenciam,
1429 4351 1718 4457 condempnavit
1732 4370 1769 4429 et

338 4483 597 4588 pronunciavit
608 4483 910 4591 jurisdictionem
926 4481 1015 4559 dicti
1032 4482 1141 4559 castri
1155 4483 1203 4559 de
1218 4482 1430 4592 Belesgario
1447 4482 1495 4559 ad
1511 4511 1666 4559 manum
1682 4510 1769 4561 nos-

339 4632 432 4691 tram
451 4616 673 4705 tenendam‚
689 4643 887 4729 quousque
907 4642 976 4722 per
994 4643 1062 4693 nos
1083 4632 1180 4691 esset
1193 4614 1296 4692 aliud
1313 4615 1547 4704 ordinatum3
1562 4644 1582 4692 a
1599 4645 1672 4722 qua
1687 4644 1770 4693 sen-

338 4748 475 4835 tenda,
497 4766 675 4854 tanquam
702 4748 749 4825 ab
768 4747 914 4854 iniqua,
938 4748 1060 4824 dictus
1080 4746 1190 4823 miles
1215 4747 1262 4823 ad
1284 4764 1450 4825 nostram
1471 4747 1613 4824 curiam
1640 4749 1770 4857 appel-

339 4877 444 4971 lavit,
456 4879 648 4987 judexque
668 4882 706 4956 in
728 4880 826 4957 dicte
841 4878 1109 4987 appellicionis
1128 4906 1236 4956 causa
1251 4908 1271 4954 a
1287 4878 1399 4957 nobis
1415 4880 1538 4968 datus,
1555 4880 1704 4989 cognito
1720 4883 1768 4960 de

301 5073 305 5082 .
340 5009 437 5087 dicta
465 5040 588 5101 causa,
612 5013 772 5090 eandem
795 5013 1017 5089 instructam
1041 5011 1145 5088 curie
1170 5029 1296 5088 nostre
1317 5011 1528 5103 remittens,
1552 5028 1769 5118 attemptata

340 5172 455 5249 super
470 5145 541 5221 hoc
556 5146 753 5233 revocavit,
775 5146 881 5255 juxta
901 5145 1119 5240 mandatum
1140 5142 1212 5221 sibi
1232 5143 1390 5233 lactum,
1413 5143 1588 5225 cassando
1608 5142 1770 5221 sindica-

426 5324 479 5364 ιιι
502 5324 583 5366 οιιιι.
609 5329 653 5369 ιιι.
1603 5301 1644 5368 64
