4450 6209
739 705 1008 814 saoneres
1034 726 1099 797 nr
1126 704 1335 800 esocis.
1705 729 1752 803 oo

325 865 561 976 possessione
582 864 770 943 dictorum
789 884 997 945 castrorum
1018 866 1067 944 de
1088 866 1265 946 Cressaco
1287 885 1326 945 et
1343 866 1391 945 de
1411 866 1752 947 Sancto-Medardo
1792 878 1922 937 onom
1935 880 1979 945 lv,

325 1017 365 1077 et
386 997 544 1089 mansis,
568 995 685 1090 villis,
708 999 818 1076 terris
841 1016 880 1076 et
901 998 1145 1107 pertinenciis
1172 1000 1349 1079 omnibus
1376 1018 1413 1077 et
1439 999 1595 1109 singulis
1620 1028 1752 1081 comm
1855 974 1917 1016 Μ’

323 1132 363 1207 in
392 1129 516 1238 primo
537 1128 707 1237 judicato
734 1130 935 1222 contentis,
962 1159 1039 1236 quc
1067 1130 1228 1239 predicti
1258 1132 1465 1239 episcopus
1483 1130 1690 1211 Maurelluo
1716 1150 1754 1211 et

325 1261 542 1351 Gilbertus,
573 1276 705 1337 tenent
732 1259 792 1339 vel
816 1278 1023 1339 tenuerunt
1053 1281 1141 1370 post
1159 1280 1309 1370 tempus
1327 1263 1486 1371 judicati
1507 1262 1685 1372 predicti,
1709 1293 1754 1341 ex

324 1422 424 1471 nunc
443 1420 523 1471 esse
543 1392 810 1484 resaisiendos,
830 1392 936 1471 etad
955 1393 1242 1473 restitucionem
1263 1394 1450 1473 dictorum
1471 1411 1679 1473 oastmrum
1699 1397 1754 1501 ip-

324 1554 385 1603 sos
399 1525 616 1631 episcopum
632 1523 916 1615 Caturcensem,
933 1523 1174 1603 Gilebertum
1188 1526 1386 1618 lobannis,
1404 1526 1582 1617 militem,
1598 1545 1635 1605 et
1649 1528 1753 1607 Mau·

322 1655 458 1733 rollum
484 1654 782 1761 compellendos,
813 1682 961 1734 necnon
987 1655 1036 1732 ad
1059 1656 1343 1735 restitucionem
1369 1658 1540 1736 omnium
1563 1657 1754 1737 bonorum

324 1816 399 1894 que
417 1786 458 1861 io
479 1785 588 1864 dictis
607 1784 735 1863 castris
755 1784 961 1864 existebant
978 1804 1152 1893 tempore
1173 1786 1412 1894 spoliacionis
1431 1806 1469 1866 et
1489 1788 1754 1867 dissaisicionis

323 1916 593 2025 predictarum,
618 1944 687 2023 per
711 1917 831 1995 dictos
856 1915 1093 1995 Gilebertum
1118 1935 1157 1995 et
1180 1917 1425 2007 Maurellum,
1450 1935 1494 1997 ut
1512 1918 1664 2009 dicitur,
1685 1918 1755 1997 fao

322 2066 462 2140 tarum,
485 2076 555 2125 seu
575 2047 712 2125 valoris
727 2049 972 2141 eorumdem,
986 2067 1188 2156 postquam
1205 2049 1253 2126 de
1273 2050 1383 2127 dictis
1398 2050 1625 2140 excessibus,
1641 2051 1754 2128 bonis

323 2198 361 2257 et
381 2179 508 2257 valore
532 2181 757 2258 eorumdem
782 2179 992 2259 constiterit
1014 2198 1292 2288 competenter,
1316 2198 1359 2259 ut
1383 2199 1510 2261 autem
1535 2209 1648 2289 super
1670 2210 1754 2288 pre-

322 2309 446 2388 missis
471 2310 682 2388 excessibus
705 2328 745 2387 et
767 2310 897 2403 bonis,
919 2312 1006 2389 sciri
1030 2312 1181 2419 plenius
1205 2311 1324 2389 valeat
1342 2312 1476 2390 veritas
1496 2312 1598 2403 saco,
1620 2330 1658 2389 et
1677 2342 1752 2419 que

321 2470 418 2549 pena
433 2470 503 2519 sen
522 2441 683 2519 emenda
703 2459 742 2519 et
759 2443 819 2519 cui
837 2442 952 2519 fuerit
967 2472 1035 2548 pro
1050 2444 1165 2521 tantis
1181 2443 1408 2533 excessibus,
1428 2444 1458 2520 si
1477 2442 1525 2519 de
1545 2442 1599 2519 eis
1614 2445 1753 2521 consti-

320 2574 425 2664 terit,
439 2574 686 2679 imponenda,
701 2573 920 2650 ordinatum
934 2574 1133 2679 extititper
1143 2572 1303 2651 eandem
1316 2572 1456 2651 curiam
1469 2590 1636 2651 nosunm
1649 2574 1752 2679 quod

323 2703 400 2782 duo
414 2704 524 2809 probi
532 2704 608 2783 riri
624 2733 702 2783 non
718 2704 879 2812 suspecti
895 2704 1096 2785 mittentur
1109 2706 1157 2783 ad
1172 2704 1254 2783 loca
1270 2703 1499 2811 supradicta,
1517 2704 1598 2811 qui,
1614 2703 1753 2781 vocatis

322 2835 539 2925 evocandis,
568 2866 682 2942 super
707 2837 818 2915 dictis
843 2836 1055 2917 excessibus
1079 2854 1117 2914 et
1141 2836 1272 2927 bonis,
1300 2837 1348 2914 de
1371 2862 1467 2913 novo
1491 2835 1685 2943 inquirent
1704 2835 1751 2913 dc

320 2966 435 3075 plano
462 2996 547 3044 cum
575 2966 776 3075 diligencia
804 2967 1015 3058 veritatem,
1042 2967 1163 3044 omni.
1182 2966 1438 3075 appellacione
1464 2982 1646 3059 cessante,
1673 2993 1751 3042 non

322 3094 559 3175 obstantibus
572 3098 826 3203 processibus,
845 3099 1047 3175 sentenciis
1062 3128 1127 3177 seu
1144 3096 1465 3204 appellacionibus
1476 3096 1672 3203 predictis,
1686 3097 1753 3203 qui

321 3256 455 3305 omnes
474 3256 518 3304 cx
538 3228 592 3305 eis
616 3229 766 3307 arrestis
785 3245 823 3305 et
836 3230 1015 3337 judicatis
1035 3230 1138 3307 curie
1162 3247 1288 3307 nostre
1312 3227 1470 3307 fuerunt
1490 3254 1559 3333 per
1579 3228 1752 3335 ejusdem

322 3360 427 3437 curie
442 3375 569 3437 nostre
582 3359 772 3467 judicium
788 3360 938 3465 penitus
956 3359 1133 3453 mulleri,
1151 3360 1235 3437 etsi
1253 3359 1374 3437 dictus
1391 3360 1605 3465 episcopus,
1623 3377 1752 3437 contra

321 3518 392 3569 nos
403 3490 461 3569 vel
474 3509 603 3568 contra
615 3508 761 3597 partem
777 3493 985 3584 adversam,
1001 3492 1127 3599 aliqua
1140 3518 1354 3599 proponere
1368 3488 1546 3580 voluerit,
1562 3488 1749 3567 audietur.

322 3623 432 3703 Anno
455 3623 722 3701 trecentesimo
741 3624 878 3729 primo.

378 3754 542 3833 Sabbato
564 3776 649 3833 ante
667 3754 808 3835 festum
824 3755 925 3835 beati
946 3754 1165 3835 Clementis.

357 4024 437 4101 lx.
468 4024 646 4132 lnqucsta
664 4022 759 4102 lacta
779 4053 894 4132 super
912 4023 986 4102 alta
1001 4021 1154 4130 justicia
1174 4020 1284 4101 castri
1305 4025 1353 4102 dc
1374 4023 1557 4102 Porciano
1580 4041 1617 4101 et
1641 4025 1755 4130 perti-

321 4155 540 4233 nenciarum
567 4156 664 4263 ejus,
692 4156 793 4234 inter
820 4156 1039 4235 Gnidonem
1073 4154 1120 4234 de
1153 4158 1303 4264 liuppe,
1333 4154 1516 4247 militem,
1550 4155 1751 4234 dominum

321 4287 614 4395 Posqueriarum
629 4304 668 4365 et
684 4287 732 4366 de
747 4287 942 4379 Porcinio,
961 4317 1005 4367 ex
1021 4317 1098 4365 una
1112 4305 1235 4394 parte,
1255 4303 1292 4365 et
1306 4303 1590 4394 procuratorem
1606 4286 1751 4363 domini

320 4418 431 4526 llegis
445 4419 486 4496 in
499 4417 717 4498 senescallia
732 4417 975 4509 Carcassone,
994 4418 1142 4510 exalia,
1161 4418 1237 4497 visa
1253 4435 1290 4495 et
1310 4417 1513 4526 diligenter
1528 4416 1749 4509 examinata,

322 4548 468 4628 dictum
491 4550 581 4643 luit,
604 4580 676 4658 per
695 4551 857 4639 curiam,
881 4552 989 4657 quod
1013 4550 1195 4628 dominus
1215 4552 1292 4627 Rex
1314 4547 1528 4626 remanebit
1554 4546 1593 4623 in
1617 4547 1753 4625 saisina

320 4679 421 4759 dicte
445 4682 520 4760 alte
535 4683 707 4791 justicie,
729 4681 828 4762 salva
848 4682 949 4761 dicto
969 4681 1140 4761 Gnidoni
1161 4681 1360 4791 questione
1379 4679 1621 4788 proprietatis
1639 4708 1753 4787 super

320 4812 409 4908 boc,
431 4843 519 4892 cum
537 4813 584 4892 de
602 4844 646 4893 ea
657 4814 819 4894 voluerit
834 4811 1006 4920 experiri.

378 4944 486 5023 Lune
502 4962 590 5025 ante
606 4947 839 5024 nativitatem
853 4944 953 5023 beati
974 4944 1156 5024 lobannis
1174 4945 1350 5051 Baptiste.

377 5077 428 5155 Μ.
444 5080 487 5155 R.
506 5078 555 5155 de
568 5078 753 5157 Mellento
769 5077 983 5183 reportavit,
