<?xml version="1.0" encoding="UTF-8"?>
<!DOCTYPE html PUBLIC "-//W3C//DTD XHTML 1.0 Transitional//EN"
    "http://www.w3.org/TR/xhtml1/DTD/xhtml1-transitional.dtd">
<html xmlns="http://www.w3.org/1999/xhtml" xml:lang="en" lang="en">
 <head>
  <title>
</title>
<meta http-equiv="Content-Type" content="text/html;charset=utf-8" />
  <meta name='ocr-system' content='tesseract 3.04.00' />
  <meta name='ocr-capabilities' content='ocr_page ocr_carea ocr_par ocr_line ocrx_word'/>
</head>
<body>
  <div class='ocr_page' id='page_1' title='image "./lesolimouregist00parigoog_0369.png"; bbox 0 0 4450 6209; ppageno 0'>
   <div class='ocr_carea' id='block_1_1' title="bbox 503 677 1345 810">
    <p class='ocr_par' dir='ltr' id='par_1_1' title="bbox 503 677 1345 810">
     <span class='ocr_line' id='line_1_1' title="bbox 503 677 1345 810; baseline -0.002 -2"><span class='ocrx_word' id='word_1_1' title='bbox 503 739 579 810; x_wconf 82' lang='lat'><strong>270</strong></span> <span class='ocrx_word' id='word_1_2' title='bbox 1088 677 1345 808; x_wconf 55' lang='lat' dir='ltr'><strong>nss&#39;ouu.</strong></span> 
     </span>
    </p>
   </div>
   <div class='ocr_carea' id='block_1_2' title="bbox 274 877 1921 987">
    <p class='ocr_par' dir='ltr' id='par_1_2' title="bbox 274 877 1921 987">
     <span class='ocr_line' id='line_1_2' title="bbox 274 877 1921 987; baseline 0.005 -34"><span class='ocrx_word' id='word_1_3' title='bbox 274 886 462 948; x_wconf 64' lang='lat' dir='ltr'><strong>errrorem,</strong></span> <span class='ocrx_word' id='word_1_4' title='bbox 501 880 700 959; x_wconf 82' lang='lat' dir='ltr'><strong>inventum</strong></span> <span class='ocrx_word' id='word_1_5' title='bbox 714 897 771 959; x_wconf 90' lang='lat' dir='ltr'><strong>est</strong></span> <span class='ocrx_word' id='word_1_6' title='bbox 788 880 909 959; x_wconf 91' lang='lat' dir='ltr'><strong>dictos</strong></span> <span class='ocrx_word' id='word_1_7' title='bbox 928 897 1072 957; x_wconf 88' lang='lat' dir='ltr'><strong>actores</strong></span> <span class='ocrx_word' id='word_1_8' title='bbox 1091 879 1229 956; x_wconf 89' lang='lat' dir='ltr'><strong>dictam</strong></span> <span class='ocrx_word' id='word_1_9' title='bbox 1245 877 1501 958; x_wconf 77' lang='lat' dir='ltr'><strong>intencionem</strong></span> <span class='ocrx_word' id='word_1_10' title='bbox 1515 905 1620 956; x_wconf 88' lang='lat' dir='ltr'><strong>suam</strong></span> <span class='ocrx_word' id='word_1_11' title='bbox 1641 907 1718 958; x_wconf 89' lang='lat' dir='ltr'><strong>non</strong></span> <span class='ocrx_word' id='word_1_12' title='bbox 1733 881 1921 987; x_wconf 78' lang='lat' dir='ltr'><strong>probasse,</strong></span> 
     </span>
    </p>
   </div>
   <div class='ocr_carea' id='block_1_3' title="bbox 336 979 400 1023">
    <p class='ocr_par' dir='ltr' id='par_1_3' title="bbox 336 979 400 1023">
     <span class='ocr_line' id='line_1_3' title="bbox 336 979 400 1023; baseline -0.031 0"><span class='ocrx_word' id='word_1_13' title='bbox 336 979 400 1023; x_wconf 74' lang='lat'><strong>1³⁰7,</strong></span> 
     </span>
    </p>
   </div>
   <div class='ocr_carea' id='block_1_4' title="bbox 498 1009 1926 1908">
    <p class='ocr_par' dir='ltr' id='par_1_4' title="bbox 498 1009 1926 1645">
     <span class='ocr_line' id='line_1_4' title="bbox 504 1009 1925 1117; baseline 0.001 -28"><span class='ocrx_word' id='word_1_14' title='bbox 504 1030 543 1089; x_wconf 89' lang='lat' dir='ltr'><strong>et</strong></span> <span class='ocrx_word' id='word_1_15' title='bbox 564 1013 704 1090; x_wconf 91' lang='lat' dir='ltr'><strong>idcirco</strong></span> <span class='ocrx_word' id='word_1_16' title='bbox 725 1012 815 1090; x_wconf 85' lang='lat' dir='ltr'><strong>dicti</strong></span> <span class='ocrx_word' id='word_1_17' title='bbox 834 1011 958 1091; x_wconf 92' lang='lat' dir='ltr'><strong>Notbe</strong></span> <span class='ocrx_word' id='word_1_18' title='bbox 978 1027 1017 1089; x_wconf 88' lang='lat' dir='ltr'><strong>et</strong></span> <span class='ocrx_word' id='word_1_19' title='bbox 1039 1011 1129 1088; x_wconf 87' lang='lat' dir='ltr'><strong>socii</strong></span> <span class='ocrx_word' id='word_1_20' title='bbox 1150 1027 1188 1088; x_wconf 91' lang='lat' dir='ltr'><strong>et</strong></span> <span class='ocrx_word' id='word_1_21' title='bbox 1206 1009 1362 1088; x_wconf 86' lang='lat' dir='ltr'><strong>societas</strong></span> <span class='ocrx_word' id='word_1_22' title='bbox 1379 1011 1546 1117; x_wconf 86' lang='lat' dir='ltr'><strong>predicta</strong></span> <span class='ocrx_word' id='word_1_23' title='bbox 1562 1010 1772 1090; x_wconf 89' lang='lat' dir='ltr'><strong>Bardorum</strong></span> <span class='ocrx_word' id='word_1_24' title='bbox 1787 1011 1834 1089; x_wconf 90' lang='lat' dir='ltr'><strong>ab</strong></span> <span class='ocrx_word' id='word_1_25' title='bbox 1855 1014 1925 1090; x_wconf 91' lang='lat' dir='ltr'><strong>im-</strong></span> 
     </span>
     <span class='ocr_line' id='line_1_5' title="bbox 504 1141 1926 1251; baseline 0.002 -31"><span class='ocrx_word' id='word_1_26' title='bbox 504 1144 694 1250; x_wconf 92' lang='lat' dir='ltr'><strong>peticione</strong></span> <span class='ocrx_word' id='word_1_27' title='bbox 704 1143 872 1250; x_wconf 89' lang='lat' dir='ltr'><strong>predicta</strong></span> <span class='ocrx_word' id='word_1_28' title='bbox 881 1143 1070 1221; x_wconf 89' lang='lat' dir='ltr'><strong>dictorum</strong></span> <span class='ocrx_word' id='word_1_29' title='bbox 1080 1143 1293 1251; x_wconf 79' lang='lat' dir='ltr'><strong>agencium,</strong></span> <span class='ocrx_word' id='word_1_30' title='bbox 1308 1169 1377 1248; x_wconf 88' lang='lat' dir='ltr'><strong>per</strong></span> <span class='ocrx_word' id='word_1_31' title='bbox 1389 1142 1492 1220; x_wconf 89' lang='lat' dir='ltr'><strong>curie</strong></span> <span class='ocrx_word' id='word_1_32' title='bbox 1504 1159 1632 1220; x_wconf 84' lang='lat' dir='ltr'><strong>nostre</strong></span> <span class='ocrx_word' id='word_1_33' title='bbox 1638 1141 1844 1250; x_wconf 88' lang='lat' dir='ltr'><strong>judicium,</strong></span> <span class='ocrx_word' id='word_1_34' title='bbox 1863 1146 1926 1223; x_wconf 89' lang='lat' dir='ltr'><strong>ab·</strong></span> 
     </span>
     <span class='ocr_line' id='line_1_6' title="bbox 501 1271 1924 1382; baseline 0.002 -31"><span class='ocrx_word' id='word_1_35' title='bbox 501 1276 616 1354; x_wconf 87' lang='lat' dir='ltr'><strong>soluti</strong></span> <span class='ocrx_word' id='word_1_36' title='bbox 632 1275 805 1366; x_wconf 83' lang='lat' dir='ltr'><strong>luerunt,</strong></span> <span class='ocrx_word' id='word_1_37' title='bbox 826 1273 928 1352; x_wconf 83' lang='lat' dir='ltr'><strong>salvo</strong></span> <span class='ocrx_word' id='word_1_38' title='bbox 939 1273 1027 1381; x_wconf 90' lang='lat' dir='ltr'><strong>jure</strong></span> <span class='ocrx_word' id='word_1_39' title='bbox 1049 1272 1186 1382; x_wconf 90' lang='lat' dir='ltr'><strong>agendi</strong></span> <span class='ocrx_word' id='word_1_40' title='bbox 1202 1273 1313 1351; x_wconf 92' lang='lat' dir='ltr'><strong>dictis</strong></span> <span class='ocrx_word' id='word_1_41' title='bbox 1336 1271 1524 1352; x_wconf 88' lang='lat' dir='ltr'><strong>actoribus</strong></span> <span class='ocrx_word' id='word_1_42' title='bbox 1543 1291 1671 1352; x_wconf 83' lang='lat' dir='ltr'><strong>contra</strong></span> <span class='ocrx_word' id='word_1_43' title='bbox 1693 1301 1754 1351; x_wconf 89' lang='lat' dir='ltr'><strong>res</strong></span> <span class='ocrx_word' id='word_1_44' title='bbox 1771 1291 1810 1352; x_wconf 89' lang='lat' dir='ltr'><strong>et</strong></span> <span class='ocrx_word' id='word_1_45' title='bbox 1827 1274 1924 1354; x_wconf 89' lang='lat' dir='ltr'><strong>bona</strong></span> 
     </span>
     <span class='ocr_line' id='line_1_7' title="bbox 500 1404 1921 1513; baseline -0.001 -28"><span class='ocrx_word' id='word_1_46' title='bbox 500 1408 654 1513; x_wconf 83' lang='lat' dir='ltr'><strong>antique</strong></span> <span class='ocrx_word' id='word_1_47' title='bbox 675 1406 862 1484; x_wconf 86' lang='lat' dir='ltr'><strong>societatis</strong></span> <span class='ocrx_word' id='word_1_48' title='bbox 883 1405 1113 1494; x_wconf 79' lang='lat' dir='ltr'><strong>bardorum,</strong></span> <span class='ocrx_word' id='word_1_49' title='bbox 1137 1431 1212 1511; x_wconf 89' lang='lat' dir='ltr'><strong>que</strong></span> <span class='ocrx_word' id='word_1_50' title='bbox 1232 1419 1313 1482; x_wconf 88' lang='lat' dir='ltr'><strong>erat</strong></span> <span class='ocrx_word' id='word_1_51' title='bbox 1330 1420 1502 1512; x_wconf 87' lang='lat' dir='ltr'><strong>tempore</strong></span> <span class='ocrx_word' id='word_1_52' title='bbox 1522 1404 1612 1484; x_wconf 88' lang='lat' dir='ltr'><strong>dicti</strong></span> <span class='ocrx_word' id='word_1_53' title='bbox 1637 1405 1799 1512; x_wconf 80' lang='lat' dir='ltr'><strong>depositi</strong></span> <span class='ocrx_word' id='word_1_54' title='bbox 1820 1405 1921 1500; x_wconf 86' lang='lat' dir='ltr'><strong>facti,</strong></span> 
     </span>
     <span class='ocr_line' id='line_1_8' title="bbox 498 1535 1145 1645; baseline -0.003 -31"><span class='ocrx_word' id='word_1_55' title='bbox 498 1539 528 1614; x_wconf 91' lang='lat' dir='ltr'><strong>si</strong></span> <span class='ocrx_word' id='word_1_56' title='bbox 547 1567 662 1645; x_wconf 86' lang='lat' dir='ltr'><strong>super</strong></span> <span class='ocrx_word' id='word_1_57' title='bbox 681 1537 755 1615; x_wconf 91' lang='lat' dir='ltr'><strong>boc</strong></span> <span class='ocrx_word' id='word_1_58' title='bbox 769 1537 959 1616; x_wconf 80' lang='lat' dir='ltr'><strong>voluerint</strong></span> <span class='ocrx_word' id='word_1_59' title='bbox 973 1535 1145 1642; x_wconf 84' lang='lat' dir='ltr'><strong>experiri.</strong></span> 
     </span>
    </p>

    <p class='ocr_par' dir='ltr' id='par_1_5' title="bbox 553 1667 1178 1777">
     <span class='ocr_line' id='line_1_9' title="bbox 553 1667 1178 1777; baseline -0.01 -28"><span class='ocrx_word' id='word_1_60' title='bbox 553 1673 663 1750; x_wconf 90' lang='lat' dir='ltr'><strong>Lune</strong></span> <span class='ocrx_word' id='word_1_61' title='bbox 682 1687 769 1777; x_wconf 88' lang='lat' dir='ltr'><strong>post</strong></span> <span class='ocrx_word' id='word_1_62' title='bbox 788 1669 939 1748; x_wconf 80' lang='lat' dir='ltr'><strong>octabas</strong></span> <span class='ocrx_word' id='word_1_63' title='bbox 956 1667 1178 1775; x_wconf 82' lang='lat' dir='ltr'><strong>Epiphania.</strong></span> 
     </span>
    </p>

    <p class='ocr_par' dir='ltr' id='par_1_6' title="bbox 556 1797 1823 1908">
     <span class='ocr_line' id='line_1_10' title="bbox 556 1797 1823 1908; baseline 0 -30"><span class='ocrx_word' id='word_1_64' title='bbox 556 1802 764 1908; x_wconf 81' lang='lat' dir='ltr'><strong>Episcopus</strong></span> <span class='ocrx_word' id='word_1_65' title='bbox 778 1800 1017 1878; x_wconf 80' lang='lat' dir='ltr'><strong>Abrincensis</strong></span> <span class='ocrx_word' id='word_1_66' title='bbox 1031 1815 1070 1876; x_wconf 87' lang='lat' dir='ltr'><strong>et</strong></span> <span class='ocrx_word' id='word_1_67' title='bbox 1081 1815 1213 1877; x_wconf 83' lang='lat' dir='ltr'><strong>cantor</strong></span> <span class='ocrx_word' id='word_1_68' title='bbox 1232 1797 1509 1878; x_wconf 78' lang='lat' dir='ltr'><strong>Aurelianensis</strong></span> <span class='ocrx_word' id='word_1_69' title='bbox 1526 1815 1823 1904; x_wconf 85' lang='lat' dir='ltr'><strong>reportaverunt.</strong></span> 
     </span>
    </p>
   </div>
   <div class='ocr_carea' id='block_1_5' title="bbox 494 2059 1961 5158">
    <p class='ocr_par' dir='ltr' id='par_1_7' title="bbox 494 2059 1961 5158">
     <span class='ocr_line' id='line_1_11' title="bbox 555 2059 1924 2170; baseline 0 -28"><span class='ocrx_word' id='word_1_70' title='bbox 555 2066 646 2142; x_wconf 90' lang='lat' dir='ltr'><strong>LXl.</strong></span> <span class='ocrx_word' id='word_1_71' title='bbox 679 2063 778 2142; x_wconf 90' lang='lat' dir='ltr'><strong>Cum</strong></span> <span class='ocrx_word' id='word_1_72' title='bbox 791 2062 884 2140; x_wconf 91' lang='lat' dir='ltr'><strong>olim</strong></span> <span class='ocrx_word' id='word_1_73' title='bbox 899 2063 1064 2170; x_wconf 85' lang='lat' dir='ltr'><strong>quedam</strong></span> <span class='ocrx_word' id='word_1_74' title='bbox 1078 2061 1285 2153; x_wconf 80' lang='lat' dir='ltr'><strong>sentencia,</strong></span> <span class='ocrx_word' id='word_1_75' title='bbox 1297 2060 1432 2138; x_wconf 87' lang='lat' dir='ltr'><strong>virtute</strong></span> <span class='ocrx_word' id='word_1_76' title='bbox 1443 2059 1637 2168; x_wconf 89' lang='lat' dir='ltr'><strong>cujusdam</strong></span> <span class='ocrx_word' id='word_1_77' title='bbox 1652 2062 1924 2142; x_wconf 86' lang='lat' dir='ltr'><strong>commissionis</strong></span> 
     </span>
     <span class='ocr_line' id='line_1_12' title="bbox 499 2189 1924 2303; baseline -0.001 -29"><span class='ocrx_word' id='word_1_78' title='bbox 499 2212 644 2281; x_wconf 89' lang='lat' dir='ltr'><strong>nostre,</strong></span> <span class='ocrx_word' id='word_1_79' title='bbox 660 2194 735 2272; x_wconf 90' lang='lat' dir='ltr'><strong>lata</strong></span> <span class='ocrx_word' id='word_1_80' title='bbox 749 2193 866 2272; x_wconf 83' lang='lat' dir='ltr'><strong>fuerit</strong></span> <span class='ocrx_word' id='word_1_81' title='bbox 883 2223 952 2300; x_wconf 94' lang='lat' dir='ltr'><strong>per</strong></span> <span class='ocrx_word' id='word_1_82' title='bbox 969 2194 1189 2300; x_wconf 84' lang='lat' dir='ltr'><strong>magistrum</strong></span> <span class='ocrx_word' id='word_1_83' title='bbox 1209 2194 1419 2271; x_wconf 74' lang='lat' dir='ltr'><strong>Iohannem</strong></span> <span class='ocrx_word' id='word_1_84' title='bbox 1438 2189 1635 2285; x_wconf 87' lang='lat' dir='ltr'><strong>Anthonii,</strong></span> <span class='ocrx_word' id='word_1_85' title='bbox 1657 2193 1848 2299; x_wconf 89' lang='lat' dir='ltr'><strong>quondam</strong></span> <span class='ocrx_word' id='word_1_86' title='bbox 1863 2195 1924 2303; x_wconf 90' lang='lat' dir='ltr'><strong>ju·</strong></span> 
     </span>
     <span class='ocr_line' id='line_1_13' title="bbox 499 2325 1924 2432; baseline 0.001 -28"><span class='ocrx_word' id='word_1_87' title='bbox 499 2327 621 2405; x_wconf 88' lang='lat' dir='ltr'><strong>dicem</strong></span> <span class='ocrx_word' id='word_1_88' title='bbox 641 2343 815 2405; x_wconf 88' lang='lat' dir='ltr'><strong>nostrum</strong></span> <span class='ocrx_word' id='word_1_89' title='bbox 834 2326 1069 2403; x_wconf 88' lang='lat' dir='ltr'><strong>ordinarium</strong></span> <span class='ocrx_word' id='word_1_90' title='bbox 1088 2326 1369 2416; x_wconf 86' lang='lat' dir='ltr'><strong>Caturcensem,</strong></span> <span class='ocrx_word' id='word_1_91' title='bbox 1388 2353 1457 2432; x_wconf 91' lang='lat' dir='ltr'><strong>pro</strong></span> <span class='ocrx_word' id='word_1_92' title='bbox 1477 2342 1719 2430; x_wconf 83' lang='lat' dir='ltr'><strong>procuratore</strong></span> <span class='ocrx_word' id='word_1_93' title='bbox 1743 2325 1924 2405; x_wconf 86' lang='lat' dir='ltr'><strong>senescal-</strong></span> 
     </span>
     <span class='ocr_line' id='line_1_14' title="bbox 497 2453 1923 2565; baseline 0 -30"><span class='ocrx_word' id='word_1_94' title='bbox 497 2459 548 2536; x_wconf 89' lang='lat' dir='ltr'><strong>lie</strong></span> <span class='ocrx_word' id='word_1_95' title='bbox 564 2476 691 2537; x_wconf 89' lang='lat' dir='ltr'><strong>nostre</strong></span> <span class='ocrx_word' id='word_1_96' title='bbox 709 2455 1021 2564; x_wconf 85' lang='lat' dir='ltr'><strong>Petregoricensis</strong></span> <span class='ocrx_word' id='word_1_97' title='bbox 1036 2475 1156 2565; x_wconf 88' lang='lat' dir='ltr'><strong>etpro</strong></span> <span class='ocrx_word' id='word_1_98' title='bbox 1174 2456 1395 2535; x_wconf 88' lang='lat' dir='ltr'><strong>consulibus</strong></span> <span class='ocrx_word' id='word_1_99' title='bbox 1411 2455 1459 2533; x_wconf 91' lang='lat' dir='ltr'><strong>de</strong></span> <span class='ocrx_word' id='word_1_100' title='bbox 1479 2453 1778 2564; x_wconf 79' lang='lat' dir='ltr'><strong>Castilbonnays‚</strong></span> <span class='ocrx_word' id='word_1_101' title='bbox 1796 2476 1923 2536; x_wconf 89' lang='lat' dir='ltr'><strong>contra</strong></span> 
     </span>
     <span class='ocr_line' id='line_1_15' title="bbox 497 2587 1923 2695; baseline -0.002 -25"><span class='ocrx_word' id='word_1_102' title='bbox 497 2590 767 2670; x_wconf 88' lang='lat' dir='ltr'><strong>Grimoardum</strong></span> <span class='ocrx_word' id='word_1_103' title='bbox 782 2589 832 2666; x_wconf 86' lang='lat' dir='ltr'><strong>de</strong></span> <span class='ocrx_word' id='word_1_104' title='bbox 848 2588 1046 2682; x_wconf 78' lang='lat' dir='ltr'><strong>Balomos,</strong></span> <span class='ocrx_word' id='word_1_105' title='bbox 1065 2587 1333 2695; x_wconf 80' lang='lat' dir='ltr'><strong>Raymundum</strong></span> <span class='ocrx_word' id='word_1_106' title='bbox 1351 2603 1390 2664; x_wconf 88' lang='lat' dir='ltr'><strong>et</strong></span> <span class='ocrx_word' id='word_1_107' title='bbox 1405 2587 1695 2666; x_wconf 80' lang='lat' dir='ltr'><strong>Arnusceudum</strong></span> <span class='ocrx_word' id='word_1_108' title='bbox 1713 2587 1761 2665; x_wconf 88' lang='lat' dir='ltr'><strong>dc</strong></span> <span class='ocrx_word' id='word_1_109' title='bbox 1779 2589 1923 2668; x_wconf 87' lang='lat' dir='ltr'><strong>Gevau·</strong></span> 
     </span>
     <span class='ocr_line' id='line_1_16' title="bbox 498 2717 1923 2830; baseline 0.001 -33"><span class='ocrx_word' id='word_1_110' title='bbox 498 2721 625 2810; x_wconf 92' lang='lat' dir='ltr'><strong>duno,</strong></span> <span class='ocrx_word' id='word_1_111' title='bbox 646 2720 797 2808; x_wconf 86' lang='lat' dir='ltr'><strong>fratres,</strong></span> <span class='ocrx_word' id='word_1_112' title='bbox 819 2720 902 2826; x_wconf 88' lang='lat' dir='ltr'><strong>ejus</strong></span> <span class='ocrx_word' id='word_1_113' title='bbox 925 2718 1045 2807; x_wconf 86' lang='lat' dir='ltr'><strong>lilios,</strong></span> <span class='ocrx_word' id='word_1_114' title='bbox 1065 2747 1180 2824; x_wconf 89' lang='lat' dir='ltr'><strong>super</strong></span> <span class='ocrx_word' id='word_1_115' title='bbox 1204 2717 1422 2796; x_wconf 90' lang='lat' dir='ltr'><strong>omnimoda</strong></span> <span class='ocrx_word' id='word_1_116' title='bbox 1436 2717 1701 2827; x_wconf 85' lang='lat' dir='ltr'><strong>jurisdictione</strong></span> <span class='ocrx_word' id='word_1_117' title='bbox 1720 2736 1760 2796; x_wconf 88' lang='lat' dir='ltr'><strong>et</strong></span> <span class='ocrx_word' id='word_1_118' title='bbox 1774 2720 1923 2830; x_wconf 89' lang='lat' dir='ltr'><strong>justicia</strong></span> 
     </span>
     <span class='ocr_line' id='line_1_17' title="bbox 497 2848 1923 2958; baseline 0.004 -31"><span class='ocrx_word' id='word_1_119' title='bbox 497 2850 747 2958; x_wconf 88' lang='lat' dir='ltr'><strong>quarumdam</strong></span> <span class='ocrx_word' id='word_1_120' title='bbox 766 2848 1033 2958; x_wconf 87' lang='lat' dir='ltr'><strong>parochiarum</strong></span> <span class='ocrx_word' id='word_1_121' title='bbox 1055 2867 1349 2955; x_wconf 80' lang='lat' dir='ltr'><strong>expressatarum</strong></span> <span class='ocrx_word' id='word_1_122' title='bbox 1371 2850 1410 2925; x_wconf 93' lang='lat' dir='ltr'><strong>in</strong></span> <span class='ocrx_word' id='word_1_123' title='bbox 1426 2851 1617 2927; x_wconf 87' lang='lat' dir='ltr'><strong>sentencia</strong></span> <span class='ocrx_word' id='word_1_124' title='bbox 1633 2867 1670 2927; x_wconf 86' lang='lat' dir='ltr'><strong>et</strong></span> <span class='ocrx_word' id='word_1_125' title='bbox 1687 2854 1923 2957; x_wconf 86' lang='lat' dir='ltr'><strong>processibus</strong></span> 
     </span>
     <span class='ocr_line' id='line_1_18' title="bbox 498 2979 1922 3090; baseline 0.004 -34"><span class='ocrx_word' id='word_1_126' title='bbox 498 2982 588 3058; x_wconf 89' lang='lat' dir='ltr'><strong>inde</strong></span> <span class='ocrx_word' id='word_1_127' title='bbox 609 2981 761 3072; x_wconf 88' lang='lat' dir='ltr'><strong>secutis,</strong></span> <span class='ocrx_word' id='word_1_128' title='bbox 784 2996 822 3057; x_wconf 88' lang='lat' dir='ltr'><strong>et</strong></span> <span class='ocrx_word' id='word_1_129' title='bbox 841 3009 862 3056; x_wconf 87' lang='lat' dir='ltr'><strong>a</strong></span> <span class='ocrx_word' id='word_1_130' title='bbox 882 2979 981 3057; x_wconf 88' lang='lat' dir='ltr'><strong>dicta</strong></span> <span class='ocrx_word' id='word_1_131' title='bbox 1000 2981 1189 3058; x_wconf 86' lang='lat' dir='ltr'><strong>sentencia</strong></span> <span class='ocrx_word' id='word_1_132' title='bbox 1209 3009 1278 3089; x_wconf 87' lang='lat' dir='ltr'><strong>per</strong></span> <span class='ocrx_word' id='word_1_133' title='bbox 1297 2979 1416 3058; x_wconf 89' lang='lat' dir='ltr'><strong>dictos</strong></span> <span class='ocrx_word' id='word_1_134' title='bbox 1435 2999 1580 3087; x_wconf 88' lang='lat' dir='ltr'><strong>patrem</strong></span> <span class='ocrx_word' id='word_1_135' title='bbox 1601 2998 1640 3058; x_wconf 92' lang='lat' dir='ltr'><strong>et</strong></span> <span class='ocrx_word' id='word_1_136' title='bbox 1659 2982 1739 3090; x_wconf 89' lang='lat' dir='ltr'><strong>ejus</strong></span> <span class='ocrx_word' id='word_1_137' title='bbox 1760 2981 1860 3062; x_wconf 86' lang='lat' dir='ltr'><strong>lilios</strong></span> <span class='ocrx_word' id='word_1_138' title='bbox 1876 2985 1922 3062; x_wconf 89' lang='lat' dir='ltr'><strong>ad</strong></span> 
     </span>
     <span class='ocr_line' id='line_1_19' title="bbox 498 3111 1920 3220; baseline 0.004 -32"><span class='ocrx_word' id='word_1_139' title='bbox 498 3129 665 3190; x_wconf 89' lang='lat' dir='ltr'><strong>nostram</strong></span> <span class='ocrx_word' id='word_1_140' title='bbox 682 3112 823 3190; x_wconf 86' lang='lat' dir='ltr'><strong>curiam</strong></span> <span class='ocrx_word' id='word_1_141' title='bbox 838 3111 952 3190; x_wconf 86' lang='lat' dir='ltr'><strong>luerit</strong></span> <span class='ocrx_word' id='word_1_142' title='bbox 966 3111 1213 3219; x_wconf 89' lang='lat' dir='ltr'><strong>appellatum,</strong></span> <span class='ocrx_word' id='word_1_143' title='bbox 1232 3129 1270 3190; x_wconf 90' lang='lat' dir='ltr'><strong>et</strong></span> <span class='ocrx_word' id='word_1_144' title='bbox 1284 3113 1401 3200; x_wconf 87' lang='lat' dir='ltr'><strong>eciam</strong></span> <span class='ocrx_word' id='word_1_145' title='bbox 1416 3113 1572 3218; x_wconf 92' lang='lat' dir='ltr'><strong>quidam</strong></span> <span class='ocrx_word' id='word_1_146' title='bbox 1586 3141 1783 3220; x_wconf 88' lang='lat' dir='ltr'><strong>processus</strong></span> <span class='ocrx_word' id='word_1_147' title='bbox 1797 3143 1920 3194; x_wconf 89' lang='lat' dir='ltr'><strong>coram</strong></span> 
     </span>
     <span class='ocr_line' id='line_1_20' title="bbox 499 3242 1921 3352; baseline 0.004 -32"><span class='ocrx_word' id='word_1_148' title='bbox 499 3243 653 3321; x_wconf 85' lang='lat' dir='ltr'><strong>diversis</strong></span> <span class='ocrx_word' id='word_1_149' title='bbox 666 3242 875 3350; x_wconf 85' lang='lat' dir='ltr'><strong>judicibus,</strong></span> <span class='ocrx_word' id='word_1_150' title='bbox 892 3271 962 3350; x_wconf 90' lang='lat' dir='ltr'><strong>per</strong></span> <span class='ocrx_word' id='word_1_151' title='bbox 978 3244 1099 3321; x_wconf 91' lang='lat' dir='ltr'><strong>dictos</strong></span> <span class='ocrx_word' id='word_1_152' title='bbox 1113 3261 1259 3351; x_wconf 89' lang='lat' dir='ltr'><strong>patrem</strong></span> <span class='ocrx_word' id='word_1_153' title='bbox 1279 3263 1317 3322; x_wconf 91' lang='lat' dir='ltr'><strong>et</strong></span> <span class='ocrx_word' id='word_1_154' title='bbox 1336 3244 1472 3322; x_wconf 87' lang='lat' dir='ltr'><strong>liliosa</strong></span> <span class='ocrx_word' id='word_1_155' title='bbox 1487 3246 1599 3324; x_wconf 92' lang='lat' dir='ltr'><strong>nobis</strong></span> <span class='ocrx_word' id='word_1_156' title='bbox 1617 3244 1843 3352; x_wconf 88' lang='lat' dir='ltr'><strong>impetratis,</strong></span> <span class='ocrx_word' id='word_1_157' title='bbox 1861 3276 1921 3326; x_wconf 90' lang='lat' dir='ltr'><strong>su·</strong></span> 
     </span>
     <span class='ocr_line' id='line_1_21' title="bbox 496 3375 1922 3486; baseline 0.002 -33"><span class='ocrx_word' id='word_1_158' title='bbox 496 3404 565 3483; x_wconf 90' lang='lat' dir='ltr'><strong>per</strong></span> <span class='ocrx_word' id='word_1_159' title='bbox 579 3378 653 3454; x_wconf 92' lang='lat' dir='ltr'><strong>hoc</strong></span> <span class='ocrx_word' id='word_1_160' title='bbox 666 3375 753 3453; x_wconf 86' lang='lat' dir='ltr'><strong>lacti</strong></span> <span class='ocrx_word' id='word_1_161' title='bbox 766 3376 920 3467; x_wconf 85' lang='lat' dir='ltr'><strong>luerint,</strong></span> <span class='ocrx_word' id='word_1_162' title='bbox 938 3376 1004 3483; x_wconf 80' lang='lat' dir='ltr'><strong>qui</strong></span> <span class='ocrx_word' id='word_1_163' title='bbox 1016 3405 1213 3482; x_wconf 87' lang='lat' dir='ltr'><strong>processus</strong></span> <span class='ocrx_word' id='word_1_164' title='bbox 1226 3377 1475 3470; x_wconf 86' lang='lat' dir='ltr'><strong>etsentencia‚</strong></span> <span class='ocrx_word' id='word_1_165' title='bbox 1491 3394 1568 3456; x_wconf 84' lang='lat' dir='ltr'><strong>tam</strong></span> <span class='ocrx_word' id='word_1_166' title='bbox 1585 3403 1695 3455; x_wconf 88' lang='lat' dir='ltr'><strong>cause</strong></span> <span class='ocrx_word' id='word_1_167' title='bbox 1708 3379 1922 3486; x_wconf 90' lang='lat' dir='ltr'><strong>principalis</strong></span> 
     </span>
     <span class='ocr_line' id='line_1_22' title="bbox 497 3507 1919 3616; baseline 0.002 -32"><span class='ocrx_word' id='word_1_168' title='bbox 497 3536 610 3615; x_wconf 91' lang='lat' dir='ltr'><strong>quam</strong></span> <span class='ocrx_word' id='word_1_169' title='bbox 638 3507 918 3615; x_wconf 88' lang='lat' dir='ltr'><strong>appellacionis,</strong></span> <span class='ocrx_word' id='word_1_170' title='bbox 946 3508 996 3585; x_wconf 89' lang='lat' dir='ltr'><strong>ad</strong></span> <span class='ocrx_word' id='word_1_171' title='bbox 1021 3508 1164 3585; x_wconf 90' lang='lat' dir='ltr'><strong>curiam</strong></span> <span class='ocrx_word' id='word_1_172' title='bbox 1187 3524 1353 3585; x_wconf 88' lang='lat' dir='ltr'><strong>nostram</strong></span> <span class='ocrx_word' id='word_1_173' title='bbox 1377 3507 1523 3586; x_wconf 88' lang='lat' dir='ltr'><strong>remissi</strong></span> <span class='ocrx_word' id='word_1_174' title='bbox 1546 3507 1687 3587; x_wconf 86' lang='lat' dir='ltr'><strong>luerint</strong></span> <span class='ocrx_word' id='word_1_175' title='bbox 1705 3509 1919 3616; x_wconf 90' lang='lat' dir='ltr'><strong>judicandi:</strong></span> 
     </span>
     <span class='ocr_line' id='line_1_23' title="bbox 496 3638 1921 3748; baseline 0.004 -33"><span class='ocrx_word' id='word_1_176' title='bbox 496 3639 684 3728; x_wconf 84' lang='lat' dir='ltr'><strong>Tandem,</strong></span> <span class='ocrx_word' id='word_1_177' title='bbox 706 3639 792 3716; x_wconf 84' lang='lat' dir='ltr'><strong>visis</strong></span> <span class='ocrx_word' id='word_1_178' title='bbox 810 3638 1047 3746; x_wconf 89' lang='lat' dir='ltr'><strong>processibus</strong></span> <span class='ocrx_word' id='word_1_179' title='bbox 1067 3657 1107 3716; x_wconf 88' lang='lat' dir='ltr'><strong>et</strong></span> <span class='ocrx_word' id='word_1_180' title='bbox 1127 3638 1316 3716; x_wconf 88' lang='lat' dir='ltr'><strong>sentencia</strong></span> <span class='ocrx_word' id='word_1_181' title='bbox 1338 3639 1577 3747; x_wconf 88' lang='lat' dir='ltr'><strong>supradictis,</strong></span> <span class='ocrx_word' id='word_1_182' title='bbox 1599 3657 1753 3748; x_wconf 88' lang='lat' dir='ltr'><strong>propter</strong></span> <span class='ocrx_word' id='word_1_183' title='bbox 1774 3642 1921 3720; x_wconf 89' lang='lat' dir='ltr'><strong>intrica-</strong></span> 
     </span>
     <span class='ocr_line' id='line_1_24' title="bbox 498 3767 1920 3879; baseline 0.001 -31"><span class='ocrx_word' id='word_1_184' title='bbox 498 3773 645 3848; x_wconf 90' lang='lat' dir='ltr'><strong>cionem</strong></span> <span class='ocrx_word' id='word_1_185' title='bbox 662 3788 701 3848; x_wconf 90' lang='lat' dir='ltr'><strong>et</strong></span> <span class='ocrx_word' id='word_1_186' title='bbox 717 3767 885 3846; x_wconf 87' lang='lat' dir='ltr'><strong>delectus</strong></span> <span class='ocrx_word' id='word_1_187' title='bbox 898 3769 1028 3875; x_wconf 89' lang='lat' dir='ltr'><strong>plures</strong></span> <span class='ocrx_word' id='word_1_188' title='bbox 1041 3769 1082 3846; x_wconf 90' lang='lat' dir='ltr'><strong>in</strong></span> <span class='ocrx_word' id='word_1_189' title='bbox 1097 3769 1319 3877; x_wconf 91' lang='lat' dir='ltr'><strong>hujusmodi</strong></span> <span class='ocrx_word' id='word_1_190' title='bbox 1334 3797 1511 3875; x_wconf 89' lang='lat' dir='ltr'><strong>processu</strong></span> <span class='ocrx_word' id='word_1_191' title='bbox 1527 3789 1714 3879; x_wconf 85' lang='lat' dir='ltr'><strong>repertos,</strong></span> <span class='ocrx_word' id='word_1_192' title='bbox 1735 3799 1806 3878; x_wconf 89' lang='lat' dir='ltr'><strong>per</strong></span> <span class='ocrx_word' id='word_1_193' title='bbox 1819 3771 1920 3849; x_wconf 88' lang='lat' dir='ltr'><strong>curie</strong></span> 
     </span>
     <span class='ocr_line' id='line_1_25' title="bbox 497 3899 1920 4010; baseline 0.001 -32"><span class='ocrx_word' id='word_1_194' title='bbox 497 3918 623 3979; x_wconf 87' lang='lat' dir='ltr'><strong>nostre</strong></span> <span class='ocrx_word' id='word_1_195' title='bbox 630 3901 834 4008; x_wconf 88' lang='lat' dir='ltr'><strong>judicium,</strong></span> <span class='ocrx_word' id='word_1_196' title='bbox 849 3900 993 3977; x_wconf 86' lang='lat' dir='ltr'><strong>dictum</strong></span> <span class='ocrx_word' id='word_1_197' title='bbox 1006 3899 1079 3978; x_wconf 86' lang='lat' dir='ltr'><strong>suit</strong></span> <span class='ocrx_word' id='word_1_198' title='bbox 1088 3917 1127 3977; x_wconf 87' lang='lat' dir='ltr'><strong>et</strong></span> <span class='ocrx_word' id='word_1_199' title='bbox 1137 3900 1352 3978; x_wconf 85' lang='lat' dir='ltr'><strong>ordinatum</strong></span> <span class='ocrx_word' id='word_1_200' title='bbox 1364 3903 1485 4008; x_wconf 89' lang='lat' dir='ltr'><strong>quod,</strong></span> <span class='ocrx_word' id='word_1_201' title='bbox 1496 3903 1672 3981; x_wconf 93' lang='lat' dir='ltr'><strong>omnibus</strong></span> <span class='ocrx_word' id='word_1_202' title='bbox 1684 3902 1920 4010; x_wconf 87' lang='lat' dir='ltr'><strong>processibus</strong></span> 
     </span>
     <span class='ocr_line' id='line_1_26' title="bbox 498 4029 1921 4138; baseline 0.002 -31"><span class='ocrx_word' id='word_1_203' title='bbox 498 4048 536 4108; x_wconf 92' lang='lat' dir='ltr'><strong>et</strong></span> <span class='ocrx_word' id='word_1_204' title='bbox 553 4029 874 4138; x_wconf 89' lang='lat' dir='ltr'><strong>appellacionibus</strong></span> <span class='ocrx_word' id='word_1_205' title='bbox 892 4030 1070 4138; x_wconf 85' lang='lat' dir='ltr'><strong>predictis</strong></span> <span class='ocrx_word' id='word_1_206' title='bbox 1086 4029 1243 4108; x_wconf 90' lang='lat' dir='ltr'><strong>omnino</strong></span> <span class='ocrx_word' id='word_1_207' title='bbox 1261 4031 1427 4138; x_wconf 83' lang='lat' dir='ltr'><strong>rejectis,</strong></span> <span class='ocrx_word' id='word_1_208' title='bbox 1446 4060 1488 4109; x_wconf 89' lang='lat' dir='ltr'><strong>ec</strong></span> <span class='ocrx_word' id='word_1_209' title='bbox 1506 4031 1616 4110; x_wconf 86' lang='lat' dir='ltr'><strong>dictis</strong></span> <span class='ocrx_word' id='word_1_210' title='bbox 1635 4031 1751 4111; x_wconf 90' lang='lat' dir='ltr'><strong>rebus</strong></span> <span class='ocrx_word' id='word_1_211' title='bbox 1767 4050 1921 4110; x_wconf 86' lang='lat' dir='ltr'><strong>conten·</strong></span> 
     </span>
     <span class='ocr_line' id='line_1_27' title="bbox 496 4161 1919 4268; baseline 0.001 -29"><span class='ocrx_word' id='word_1_212' title='bbox 496 4162 606 4240; x_wconf 90' lang='lat' dir='ltr'><strong>ciosis</strong></span> <span class='ocrx_word' id='word_1_213' title='bbox 624 4163 662 4238; x_wconf 90' lang='lat' dir='ltr'><strong>in</strong></span> <span class='ocrx_word' id='word_1_214' title='bbox 676 4178 776 4239; x_wconf 90' lang='lat' dir='ltr'><strong>statu</strong></span> <span class='ocrx_word' id='word_1_215' title='bbox 792 4161 833 4239; x_wconf 91' lang='lat' dir='ltr'><strong>in</strong></span> <span class='ocrx_word' id='word_1_216' title='bbox 853 4189 931 4268; x_wconf 78' lang='lat' dir='ltr'><strong>quo</strong></span> <span class='ocrx_word' id='word_1_217' title='bbox 946 4178 1034 4238; x_wconf 88' lang='lat' dir='ltr'><strong>sunt</strong></span> <span class='ocrx_word' id='word_1_218' title='bbox 1046 4161 1347 4250; x_wconf 86' lang='lat' dir='ltr'><strong>remanentibus,</strong></span> <span class='ocrx_word' id='word_1_219' title='bbox 1365 4164 1475 4242; x_wconf 89' lang='lat' dir='ltr'><strong>certis</strong></span> <span class='ocrx_word' id='word_1_220' title='bbox 1492 4162 1726 4242; x_wconf 83' lang='lat' dir='ltr'><strong>auditoribus</strong></span> <span class='ocrx_word' id='word_1_221' title='bbox 1745 4165 1919 4241; x_wconf 89' lang='lat' dir='ltr'><strong>commit·</strong></span> 
     </span>
     <span class='ocr_line' id='line_1_28' title="bbox 494 4293 1961 4403; baseline 0.001 -33"><span class='ocrx_word' id='word_1_222' title='bbox 494 4309 596 4372; x_wconf 89' lang='lat' dir='ltr'><strong>tetur</strong></span> <span class='ocrx_word' id='word_1_223' title='bbox 610 4293 716 4400; x_wconf 91' lang='lat' dir='ltr'><strong>quod</strong></span> <span class='ocrx_word' id='word_1_224' title='bbox 731 4293 801 4401; x_wconf 92' lang='lat' dir='ltr'><strong>ipsi</strong></span> <span class='ocrx_word' id='word_1_225' title='bbox 817 4293 865 4370; x_wconf 93' lang='lat' dir='ltr'><strong>ad</strong></span> <span class='ocrx_word' id='word_1_226' title='bbox 880 4293 1057 4402; x_wconf 85' lang='lat' dir='ltr'><strong>patriam,</strong></span> <span class='ocrx_word' id='word_1_227' title='bbox 1079 4321 1205 4372; x_wconf 88' lang='lat' dir='ltr'><strong>coram</strong></span> <span class='ocrx_word' id='word_1_228' title='bbox 1226 4321 1265 4372; x_wconf 90' lang='lat' dir='ltr'><strong>se</strong></span> <span class='ocrx_word' id='word_1_229' title='bbox 1285 4295 1422 4372; x_wconf 86' lang='lat' dir='ltr'><strong>vocatis</strong></span> <span class='ocrx_word' id='word_1_230' title='bbox 1440 4296 1607 4400; x_wconf 84' lang='lat' dir='ltr'><strong>partibus</strong></span> <span class='ocrx_word' id='word_1_231' title='bbox 1622 4323 1663 4372; x_wconf 92' lang='lat' dir='ltr'><strong>ac</strong></span> <span class='ocrx_word' id='word_1_232' title='bbox 1677 4312 1918 4403; x_wconf 86' lang='lat' dir='ltr'><strong>procuratore</strong></span> <span class='ocrx_word' id='word_1_233' title='bbox 1957 4374 1961 4383; x_wconf 77' lang='grc'><strong>,</strong></span> 
     </span>
     <span class='ocr_line' id='line_1_29' title="bbox 495 4424 1920 4535; baseline 0 -33"><span class='ocrx_word' id='word_1_234' title='bbox 495 4441 625 4504; x_wconf 90' lang='lat' dir='ltr'><strong>nostro</strong></span> <span class='ocrx_word' id='word_1_235' title='bbox 648 4442 687 4502; x_wconf 88' lang='lat' dir='ltr'><strong>et</strong></span> <span class='ocrx_word' id='word_1_236' title='bbox 704 4424 882 4535; x_wconf 88' lang='lat' dir='ltr'><strong>gentibus</strong></span> <span class='ocrx_word' id='word_1_237' title='bbox 902 4425 1009 4502; x_wconf 92' lang='lat' dir='ltr'><strong>ducis</strong></span> <span class='ocrx_word' id='word_1_238' title='bbox 1027 4426 1244 4532; x_wconf 80' lang='lat' dir='ltr'><strong>Aquitania,</strong></span> <span class='ocrx_word' id='word_1_239' title='bbox 1268 4425 1299 4504; x_wconf 92' lang='lat' dir='ltr'><strong>si</strong></span> <span class='ocrx_word' id='word_1_240' title='bbox 1319 4425 1510 4504; x_wconf 89' lang='lat' dir='ltr'><strong>voluerint</strong></span> <span class='ocrx_word' id='word_1_241' title='bbox 1527 4426 1728 4515; x_wconf 86' lang='lat' dir='ltr'><strong>iuteresse,</strong></span> <span class='ocrx_word' id='word_1_242' title='bbox 1751 4425 1800 4504; x_wconf 89' lang='lat' dir='ltr'><strong>de</strong></span> <span class='ocrx_word' id='word_1_243' title='bbox 1819 4427 1920 4532; x_wconf 89' lang='lat' dir='ltr'><strong>prin-</strong></span> 
     </span>
     <span class='ocr_line' id='line_1_30' title="bbox 496 4556 1917 4666; baseline 0.001 -35"><span class='ocrx_word' id='word_1_244' title='bbox 496 4556 606 4662; x_wconf 87' lang='lat' dir='ltr'><strong>cipali</strong></span> <span class='ocrx_word' id='word_1_245' title='bbox 630 4556 829 4664; x_wconf 87' lang='lat' dir='ltr'><strong>questione</strong></span> <span class='ocrx_word' id='word_1_246' title='bbox 852 4557 1037 4666; x_wconf 89' lang='lat' dir='ltr'><strong>predicta,</strong></span> <span class='ocrx_word' id='word_1_247' title='bbox 1064 4558 1275 4635; x_wconf 72' lang='lat' dir='ltr'><strong>secundeum</strong></span> <span class='ocrx_word' id='word_1_248' title='bbox 1298 4558 1476 4635; x_wconf 87' lang='lat' dir='ltr'><strong>articulos</strong></span> <span class='ocrx_word' id='word_1_249' title='bbox 1501 4586 1521 4635; x_wconf 89' lang='lat' dir='ltr'><strong>a</strong></span> <span class='ocrx_word' id='word_1_250' title='bbox 1545 4559 1714 4666; x_wconf 89' lang='lat' dir='ltr'><strong>partibus</strong></span> <span class='ocrx_word' id='word_1_251' title='bbox 1735 4557 1826 4635; x_wconf 90' lang='lat' dir='ltr'><strong>inde</strong></span> <span class='ocrx_word' id='word_1_252' title='bbox 1848 4556 1917 4634; x_wconf 89' lang='lat' dir='ltr'><strong>sibi</strong></span> 
     </span>
     <span class='ocr_line' id='line_1_31' title="bbox 495 4687 1917 4796; baseline 0.003 -34"><span class='ocrx_word' id='word_1_253' title='bbox 495 4687 701 4766; x_wconf 89' lang='lat' dir='ltr'><strong>tradendos</strong></span> <span class='ocrx_word' id='word_1_254' title='bbox 718 4706 756 4766; x_wconf 88' lang='lat' dir='ltr'><strong>et</strong></span> <span class='ocrx_word' id='word_1_255' title='bbox 769 4717 838 4796; x_wconf 91' lang='lat' dir='ltr'><strong>per</strong></span> <span class='ocrx_word' id='word_1_256' title='bbox 854 4717 921 4767; x_wconf 91' lang='lat' dir='ltr'><strong>eos</strong></span> <span class='ocrx_word' id='word_1_257' title='bbox 936 4688 1233 4778; x_wconf 89' lang='lat' dir='ltr'><strong>concordandos,</strong></span> <span class='ocrx_word' id='word_1_258' title='bbox 1255 4690 1458 4767; x_wconf 88' lang='lat' dir='ltr'><strong>summarie</strong></span> <span class='ocrx_word' id='word_1_259' title='bbox 1476 4689 1576 4767; x_wconf 91' lang='lat' dir='ltr'><strong>etde</strong></span> <span class='ocrx_word' id='word_1_260' title='bbox 1593 4687 1707 4796; x_wconf 88' lang='lat' dir='ltr'><strong>plano</strong></span> <span class='ocrx_word' id='word_1_261' title='bbox 1725 4705 1763 4766; x_wconf 91' lang='lat' dir='ltr'><strong>et</strong></span> <span class='ocrx_word' id='word_1_262' title='bbox 1777 4687 1917 4796; x_wconf 88' lang='lat' dir='ltr'><strong>absque</strong></span> 
     </span>
     <span class='ocr_line' id='line_1_32' title="bbox 496 4818 1916 4929; baseline 0.003 -35"><span class='ocrx_word' id='word_1_263' title='bbox 496 4818 656 4924; x_wconf 89' lang='lat' dir='ltr'><strong>strepitu</strong></span> <span class='ocrx_word' id='word_1_264' title='bbox 670 4818 821 4926; x_wconf 85' lang='lat' dir='ltr'><strong>judicii,</strong></span> <span class='ocrx_word' id='word_1_265' title='bbox 846 4820 1048 4929; x_wconf 88' lang='lat' dir='ltr'><strong>diligenter</strong></span> <span class='ocrx_word' id='word_1_266' title='bbox 1063 4819 1256 4898; x_wconf 86' lang='lat' dir='ltr'><strong>veritatem</strong></span> <span class='ocrx_word' id='word_1_267' title='bbox 1276 4819 1482 4928; x_wconf 88' lang='lat' dir='ltr'><strong>inquirant,</strong></span> <span class='ocrx_word' id='word_1_268' title='bbox 1506 4837 1544 4898; x_wconf 89' lang='lat' dir='ltr'><strong>et</strong></span> <span class='ocrx_word' id='word_1_269' title='bbox 1558 4822 1787 4928; x_wconf 89' lang='lat' dir='ltr'><strong>inquestem‚</strong></span> <span class='ocrx_word' id='word_1_270' title='bbox 1804 4846 1916 4928; x_wconf 89' lang='lat' dir='ltr'><strong>quem</strong></span> 
     </span>
     <span class='ocr_line' id='line_1_33' title="bbox 496 4946 1916 5060; baseline 0.002 -36"><span class='ocrx_word' id='word_1_271' title='bbox 496 4946 587 5024; x_wconf 89' lang='lat' dir='ltr'><strong>inde</strong></span> <span class='ocrx_word' id='word_1_272' title='bbox 606 4947 780 5037; x_wconf 86' lang='lat' dir='ltr'><strong>fecerint,</strong></span> <span class='ocrx_word' id='word_1_273' title='bbox 803 4952 909 5028; x_wconf 90' lang='lat' dir='ltr'><strong>curie</strong></span> <span class='ocrx_word' id='word_1_274' title='bbox 927 4969 1055 5030; x_wconf 90' lang='lat' dir='ltr'><strong>nostre</strong></span> <span class='ocrx_word' id='word_1_275' title='bbox 1070 4951 1314 5060; x_wconf 88' lang='lat' dir='ltr'><strong>judicandam</strong></span> <span class='ocrx_word' id='word_1_276' title='bbox 1334 4953 1526 5031; x_wconf 89' lang='lat' dir='ltr'><strong>remittant</strong></span> <span class='ocrx_word' id='word_1_277' title='bbox 1544 4953 1614 5032; x_wconf 90' lang='lat' dir='ltr'><strong>sub</strong></span> <span class='ocrx_word' id='word_1_278' title='bbox 1634 4979 1766 5031; x_wconf 87' lang='lat' dir='ltr'><strong>eorum</strong></span> <span class='ocrx_word' id='word_1_279' title='bbox 1787 4951 1916 5059; x_wconf 82' lang='lat' dir='ltr'><strong>sigillis</strong></span> 
     </span>
     <span class='ocr_line' id='line_1_34' title="bbox 495 5077 868 5158; baseline 0.008 -3"><span class='ocrx_word' id='word_1_280' title='bbox 495 5077 664 5156; x_wconf 86' lang='lat' dir='ltr'><strong>fideliter</strong></span> <span class='ocrx_word' id='word_1_281' title='bbox 675 5078 868 5158; x_wconf 88' lang='lat' dir='ltr'><strong>inclusam.</strong></span> 
     </span>
    </p>
   </div>
   <div class='ocr_carea' id='block_1_6' title="bbox 0 0 2230 6209">
    <p class='ocr_par' dir='ltr' id='par_1_8' title="bbox 0 0 2230 6209">
     <span class='ocr_line' id='line_1_35' title="bbox 0 0 2230 6209; baseline 0 3"><span class='ocrx_word' id='word_1_282' title='bbox 0 0 2230 6209; x_wconf 95' lang='lat' dir='ltr'><strong> </strong></span> 
     </span>
    </p>
   </div>
  </div>
 </body>
</html>
