4450 6209
489 721 563 795 tm
1072 721 1162 793 LES
1192 718 1333 795 OLIM.

264 874 394 931 Pumm
404 875 449 939 lt,
487 864 655 970 gnand03
669 864 777 953 item,
793 881 831 941 et
844 862 950 969 quod
960 862 1164 969 quemdam
1179 862 1379 941 roncinum
1392 861 1483 941 dicti
1496 862 1704 957 limanici,
1719 884 1914 945 oneratum

323 969 386 1011 'm'
486 997 675 1086 bludo,in
694 996 829 1076 itinere
847 994 1000 1101 publico
1020 995 1139 1101 cepit,
1159 994 1266 1101 plura
1288 994 1406 1073 eciam
1425 1022 1559 1101 pecora
1574 996 1622 1075 dc
1643 997 1731 1076 ovili
1746 999 1913 1109 ejusdem

488 1129 673 1209 Almanini
706 1158 751 1205 ex
778 1128 910 1206 eadem
939 1126 1085 1218 boerias,
1113 1127 1154 1203 in
1180 1156 1318 1237 magno
1345 1153 1521 1219 numero,
1548 1130 1702 1207 extraxit
1725 1148 1765 1209 et
1792 1158 1915 1213 secum

488 1260 613 1350 duxit,
626 1289 777 1338 necnon
792 1259 913 1367 quod,
928 1258 1107 1365 predictis
1123 1286 1200 1337 non
1214 1274 1429 1345 contentus,
1444 1258 1639 1366 quoddam
1652 1288 1787 1338 nemus
1803 1261 1917 1368 ipsius

487 1391 694 1485 Almanini,
710 1391 983 1470 convocacioue
999 1388 1095 1467 lacta
1111 1390 1283 1498 ejusdem
1298 1390 1427 1469 Ysami
1442 1390 1659 1484 hominnm,
1674 1410 1714 1471 ct
1731 1393 1821 1499 ipsis
1831 1422 1915 1473 cum

486 1524 685 1603 secvnibus
699 1542 737 1601 et
757 1523 939 1615 dolabris,
961 1522 1194 1629 congregatis
1212 1521 1387 1628 pluribus
1407 1521 1525 1601 eciam
1544 1524 1696 1601 armatis
1714 1540 1752 1602 et
1771 1523 1843 1603 sibi
1863 1552 1917 1605 as·

486 1656 721 1748 sistentibus,
741 1657 789 1736 de
803 1671 915 1736 nocte
929 1654 1073 1733 succidi
1092 1654 1198 1741 lecit,
1213 1653 1340 1760 plures
1359 1653 1451 1733 alios
1464 1682 1636 1733 excessus
1651 1672 1782 1737 contra
1794 1656 1915 1763 ipsum

486 1788 730 1867 Almaninum
743 1786 1916 1894 multiplicitercommittendo:Superpredictis‚auditiseciam

443 2008 449 2012 ,
489 1919 660 2027 ejusdem
687 1919 818 1996 Ysarni
844 1918 1130 1996 defensionibus
1161 1936 1199 1995 et
1222 1917 1303 1995 aliis
1328 1948 1402 2025 que
1428 1946 1638 2024 proponere
1664 1920 1800 2009 voluit,
1826 1919 1916 1999 facta

488 2052 658 2159 inquesta
681 2067 718 2128 et
738 2050 842 2127 curie
862 2068 1066 2157 reportata,
1083 2051 1160 2127 visa
1178 2067 1216 2127 ot
1233 2049 1435 2157 diligenter
1453 2050 1674 2141 examinata,
1692 2052 1782 2159 quie
1796 2080 1918 2158 repen

487 2200 571 2260 tum
595 2182 669 2261 luit
691 2182 893 2288 probatum
918 2180 1148 2260 sufficienter
1173 2182 1317 2260 dictum
1342 2183 1526 2259 Ysarnum
1556 2210 1642 2259 cum
1668 2183 1916 2289 cumplicibus

486 2316 566 2393 suis
585 2314 626 2394 in
643 2314 837 2422 premissis
859 2315 1019 2423 graviter
1039 2314 1258 2421 deliquisse,
1275 2342 1344 2420 per
1366 2314 1469 2391 curie
1491 2332 1617 2393 nostre
1635 2315 1916 2423 judiciumluit

487 2446 633 2525 dictum
651 2447 757 2555 quod
778 2445 880 2524 idem
900 2443 1065 2525 Ysarnus
1081 2446 1252 2552 predicto
1272 2445 1489 2539 Almanino,
1508 2474 1577 2552 pro
1590 2446 1772 2552 predictis
1787 2448 1915 2555 damp

487 2580 546 2657 nis
569 2579 647 2657 suis
673 2597 711 2659 ot
727 2578 876 2687 injuriis
894 2577 966 2657 sibi
989 2577 1121 2667 illatis,
1149 2595 1302 2656 centum
1325 2577 1440 2657 libras
1464 2580 1706 2659 Turonensos
1729 2597 1771 2659 et
1792 2578 1913 2671 nobis,

485 2739 556 2818 pro
575 2710 740 2791 emenda
758 2728 902 2803 nostra,
929 2710 1155 2817 quingentas
1180 2710 1296 2789 libras
1315 2712 1557 2790 Turonenses
1576 2710 1773 2817 persolvet.

543 2842 700 2923 Veneris
720 2860 806 2921 ante
826 2842 1210 2921 RemosPalmurum.

544 2973 595 3050 M.
616 2974 693 3050 Yvo
714 2974 763 3051 de
785 2972 1011 3053 leudunaco
1033 2974 1248 3079 reportavit.

544 3234 721 3313 LXXXII.
753 3235 854 3312 Cum
867 3234 1141 3317 denunciatum
1155 3235 1742 3317 fuissetcontrnblmaninnmde
1757 3239 1915 3319 Bonalos

486 3364 593 3472 quod
608 3365 707 3471 ipse,
724 3394 810 3443 cum
828 3364 1074 3448 multitudine
1088 3384 1319 3448 armatorum
1338 3368 1411 3449 sibi
1432 3370 1625 3459 associata,
1639 3368 1915 3476 plnresterram

486 3496 626 3577 Ynmt
633 3496 682 3573 de
698 3498 860 3605 Lusegio
876 3498 1027 3578 intravit
1045 3499 1221 3579 homines
1236 3500 1485 3608 justiciabiles
1502 3502 1676 3610 ejusdem
1694 3503 1825 3581 Ysami
1842 3504 1916 3583 ani·

486 3629 649 3709 malibus
664 3627 821 3737 aliisque
840 3628 953 3709 bonis
965 3632 1044 3709 suis
1058 3629 1321 3738 depredando,
1339 3632 1552 3740 multasque
1566 3634 1767 3715 violenciao
1787 3652 1827 3718 et
1837 3661 1917 3747 grav

486 3789 550 3837 ves
564 3762 722 3868 injurias
737 3761 886 3839 eisdem
898 3762 1120 3841 hominibus
1135 3763 1352 3853 inferendo,
1365 3764 1540 3845 bannitos
1554 3766 1832 3848 eciamdomini
1848 3770 1915 3847 lle·

486 3888 684 3996 gissecum
692 3890 884 3980 discendo,
898 3894 1082 4001 quodque
1093 3894 1196 3973 idem
1208 3893 1446 3987 Almaninus,
1461 3925 1548 3974 cum
1560 3897 1814 4005 complicibus
1822 3900 1913 3987 suis,

487 4020 616 4127 plures
628 4021 720 4102 alios
734 4052 904 4101 excessus
920 4043 1049 4103 contra
1062 4026 1206 4105 dictum
1216 4029 1400 4108 Ysamum
1413 4029 1624 4110 commisit:
1642 4030 1768 4136 Super,
1776 4031 1916 4137 predio

486 4152 553 4240 tis,
574 4156 712 4232 vocatis
726 4154 911 4261 partibus,
933 4158 1106 4265 inquesta
1126 4158 1219 4237 lacta
1240 4178 1278 4237 et
1293 4160 1395 4237 curie
1418 4177 1766 4268 nostre-reportata,
1786 4163 1863 4241 visa
1879 4180 1917 4241 et

488 4283 689 4395 diligenter
704 4287 924 4379 examinata,
942 4317 1045 4379 cum,
1067 4320 1136 4397 per
1156 4293 1317 4373 eandem
1339 4292 1569 4399 inquestam,
1591 4293 1916 4398 repertumlirerit

486 4415 718 4495 sufficienter
735 4418 939 4525 probatum
961 4422 1127 4499 eundem
1148 4422 1392 4501 Almaninum
1410 4440 1448 4501 et
1468 4423 1670 4530 complices
1689 4453 1793 4515 suos,
1815 4453 1916 4505 erma
2024 4494 2027 4499 .

485 4548 676 4653 prohibita
691 4550 897 4656 portando,
915 4552 1033 4630 multa
1051 4555 1214 4661 dampna
1230 4553 1449 4633 hominibus
1465 4555 1555 4632 dicti
1572 4554 1701 4633 Ysami
1718 4572 1756 4631 et
1770 4554 1851 4633 aliis
1865 4556 1916 4633 in·

484 4677 631 4769 tulisse,
653 4697 694 4757 et
717 4680 847 4788 plures
872 4682 966 4761 elios
989 4686 1219 4783 commisisse
1244 4715 1431 4775 excessus,
1454 4715 1522 4793 per
1546 4686 1647 4772 curie
1667 4687 1914 4797 nostrejudi-

387 4846 396 4868 ·
484 4808 585 4885 cium
606 4809 679 4889 fuit
699 4812 845 4893 dictum
863 4815 969 4923 qnod
988 4816 1092 4895 idem
1114 4817 1337 4897 Almaninus
1356 4816 1485 4909 nobis,
1502 4844 1573 4926 pro
1593 4818 1752 4898 emenda
1772 4836 1909 4907 nostra.

483 4938 664 5020 meones
676 4940 792 5022 libras
810 4947 1054 5025 Turonenses
1072 4948 1279 5056 persolvet,
1300 4967 1338 5027 et
1356 4948 1910 5060 manutenementum

481 5071 725 5181 tragoriconsi
743 5077 848 5182 quod
870 5078 1050 5183 predictis
1065 5080 1289 5161 hominibus
1306 5082 1514 5189 dampnum
1527 5082 1643 5189 passis
1661 5080 1770 5166 faciut
1784 5080 1832 5161 de
1845 5082 1911 5160 boe
