4450 6209
719 657 989 782 nuo'unrns
1014 691 1079 764 nr
1105 673 1313 768 naoots.
1661 693 1733 769 na

359 835 513 918 Sabbati
542 852 628 944 post
647 831 950 914 Decolacionem
964 831 1101 912 sanctis
1125 831 1321 924 lobannis,
1345 837 1739 914 anno=trecentesimo=
1768 847 1898 902 Penne
1912 849 1954 914 tv,

279 969 430 1048 ¹tercio.
817 1014 836 1036 ·-
1445 959 1482 1035 ·ἷ’
1519 995 1522 1008 ·
1579 994 1582 1004 ’
1618 959 1621 968 ⁴
1675 998 1678 1013 ¹
1706 989 1741 1032 ⁴»ss
1832 943 1895 984 Μ’

1052 1097 1056 1105 ’
1247 1093 1251 1102 ’
1617 1123 1621 1157 :
1669 1123 1713 1161 ι’)

356 1236 431 1314 ΧΠ.
463 1235 563 1314 Cum
583 1234 623 1309 in
640 1261 753 1330 causa
775 1249 879 1312 moto
899 1257 1024 1310 coram
1045 1234 1250 1310 camerario
1268 1223 1739 1312 SancteGenovotePaiiss

300 1368 448 1456 siensis,
470 1366 569 1442 inter
587 1361 838 1457 Eam'elinam,
859 1360 1016 1444 uxorem
1029 1359 1214 1442 Jobannis
1229 1365 1277 1442 de
1294 1355 1625 1455 SanctoMa'rtinoss
1648 1383 1741 1454 coms

300 1498 520 1577 auctoritate
546 1495 638 1575 dicti
664 1498 790 1576 mariti
817 1498 894 1589 sui,¹
923 1525 967 1574 ex
980 1520 1066 1581 juna
1081 1514 1213 1603 parte,
1237 1487 1275 1574 et
1294 1487 1511 1574 Hominum?
1525 1497 1573 1575 de
1593 1485 1740 1609 burgo-¹

300 1630 458 1737 Regino,
481 1630 689 1737 giraudum
703 1625 889 1737 Ainulpbi
910 1629 960 1706 de
980 1627 1222 1720 Alta-Domo,
1242 1629 1397 1706 nomine
1418 1630 1508 1706 dicti
1529 1631 1729 1738 Amatptn,

301 1763 453 1854 exalia,
480 1788 594 1870 super
617 1759 801 1840 divisione
820 1757 1017 1869 cujusdam
1038 1759 1178 1839 domus
1197 1762 1337 1870 atejus
1357 1751 1676 1870 pertinenciarttiu
1691 1779 1735 1840 et

300 1911 486 1972 terrarum
509 1893 723 1984 arabilium,
748 1895 907 1973 sitarum
932 1884 1036 1998 apiid
1051 1893 1207 1972 'Trinon
1233 1911 1272 1970 et
1295 1883 1336 1970 in
1356 1883 1437 2002 ejus
1460 1897 1670 1986 territorio,¹
1695 1885 1741 1972 in¹

296 2026 448 2132 justicia
462 2026 562 2104 dicte
577 2025 735 2104 ecclesie
751 2023 1107 2115 Sancte-Genovele,
1125 2054 1240 2133 quam
1256 2026 1483 2104 divisionem
1499 2027 1596 2104 dicta
1610 2013 1742 2106 Esr'ne»

301 2157 377 2234 lina
394 2157 466 2235 sibi
490 2157 767 2264 lieripeteba13
793 2175 831 2236 et
855 2159 904 2236 de
929 2157 1071 2264 quibus
1095 2158 1210 2236 rebus
1235 2157 1331 2236 facta
1354 2158 1616 2241 fuitostencio
1638 2159 1740 2241 inter

300 2308 441 2396 partes,
460 2285 631 2398 judicato
657 2290 757 2367 lacto
782 2316 853 2395 per
878 2289 1024 2366 dictum
1051 2291 1320 2380 camerarium,
1336 2277 1637 2396 ‘pro-Esmelina
1657 2319 1737 2397 pre·

302 2423 541 2501 dictacontra
552 2423 697 2500 dictum
709 2422 915 2498 chricum
929 2452 941 2510 ς
957 2419 1059 2496 idem
1077 2422 1262 2498 Henricus
1277 2423 1478 2528 ajudicato
1495 2422 1732 2530 hujusmodi,

300 2570 481 2659 tanquam
499 2581 522 2628 a
540 2551 689 2629 salsoet
702 2579 836 2656 pravo,
852 2552 901 2628 ad
915 2551 1152 2657 prepositum
1171 2551 1417 2628 Parisieusem
1437 2551 1674 2660 appellasset,
1698 2572 1735 2630 et

299 2684 405 2760 idem
420 2683 651 2790 prepositus,
669 2681 709 2758 in
726 2680 835 2760 causa
852 2681 951 2765 dicte
967 2679 1237 2788 appellauonis
1254 2682 1479 2790 procedens,
1502 2681 1743 2790 auditispa'm

298 2814 464 2892 tibus'et
481 2815 559 2891 viso
582 2813 684 2890 dicto
709 2839 906 2919 processu,
927 2811 1135 2920 judicasset
1155 2813 1253 2891 bene
1269 2815 1482 2922 judicatum
1503 2845 1572 2923 per
1591 2816 1740 2894 dictum

301 2945 551 3023 camerarium
561 2947 601 3022 in
611 2945 793 3052 predictis
802 2943 936 3030 fuisse,
950 2962 988 3022 et
1002 2945 1166 3024 eundem
1181 2941 1386 3024 Henricum
1400 2948 1499 3025 male
1508 2939 1714 3056 appellasse
1725 2977 1742 3036 ς’

300 3078 405 3154 idom
421 3078 639 3154 Henricusa
654 3076 757 3155 dicto
767 3076 937 3183 judicato
953 3077 1135 3184 propositi
1154 3077 1332 3185 predicti,
1349 3097 1528 3187 tanquam
1545 3109 1565 3157 a
1585 3080 1678 3158 salso
1700 3098 1737 3158 et

302 3236 433 3316 pravo,
456 3207 504 3285 ad
519 3226 688 3286 nostram
704 3207 838 3286 iterato
854 3209 996 3286 curiam
1013 3209 1233 3315 appellarim
1255 3211 1351 3289 Visis
1366 3211 1493 3319 igitur,
1511 3237 1577 3319 per
1594 3214 1736 3291 curiam

303 3357 490 3429 nostram,
519 3340 630 3418 dictis
655 3340 895 3447 processibus
922 3358 960 3419 et
980 3340 1160 3450 judicatis
1170 3386 1186 3434 ‚·
1201 3369 1243 3418 ac
1270 3343 1409 3420 auditis
1434 3344 1544 3420 dictis
1567 3341 1737 3449 partibus

305 3473 344 3548 in
364 3500 475 3550 causa
494 3471 764 3579 appellacionis
782 3471 970 3579 predicte,
987 3500 1074 3549 cum
1094 3472 1199 3550 idem
1220 3474 1405 3552 Henricus
1425 3475 1472 3551 de
1493 3474 1649 3551 falsitate
1666 3498 1736 3553 seu

303 3603 482 3710 pravitate
503 3604 693 3683 dictorum
709 3604 969 3713 judicatorum
992 3631 1071 3684 non
1087 3605 1288 3700 docuerit,
1310 3607 1587 3716 perjudicium
1607 3591 1741 3687 nostre·

305 3736 425 3828 curie,
443 3735 589 3814 dictum
607 3735 682 3814 fuit
700 3736 800 3814 bene
815 3731 1028 3844 judicatum
1047 3737 1087 3813 in
1105 3737 1301 3844 pronissis
1316 3738 1431 3820 luisse
1447 3767 1519 3845 per
1538 3727 1657 3816 dictos
1677 3767 1742 3819 oa*

305 3869 511 3948 mererium
535 3885 575 3946 et
597 3868 852 3975 prepositum,
875 3886 913 3946 ct
935 3869 1035 3948 mule
1053 3869 1169 3946 fuisse
1189 3870 1420 3977 appellatum
1441 3899 1508 3978 per
1532 3859 1741 3950 Henrioum'
1811 3933 1814 3940 .

304 3997 532 4105 predictum.

362 4133 469 4210 Lune
504 4149 593 4240 post
621 4132 927 4211 Decollacionem
961 4131 1076 4208 sancti
1107 4131 1304 4221 Johannis,
1338 4159 1435 4208 anno
1471 4133 1738 4209 trecentesimo

302 4279 431 4341 tercio.

363 4529 459 4607 lllll.
489 4529 587 4608 Cum
606 4526 802 4616 aurifabri,
813 4553 893 4634 pro
913 4551 983 4604 suo
1005 4523 1165 4602 artificio
1184 4551 1295 4631 supra
1310 4525 1659 4634 Magnum-Pontem
1673 4527 1739 4602 Pa-

306 4658 503 4739 risieusem
523 4661 733 4766 operatoria
757 4687 823 4737 sua
850 4686 896 4736 ex
924 4673 1029 4764 parte
1054 4654 1244 4735 Castelleti
1271 4673 1462 4746 tenentes,
1484 4658 1587 4734 curie
1612 4673 1737 4735 nostre

307 4791 504 4905 conquesti
526 4789 700 4882 fuissent,
726 4789 894 4868 dicentes
915 4787 1038 4896 quod,
1062 4814 1148 4865 cum
1169 4789 1248 4896 :ipsi
1275 4806 1399 4866 essent
1424 4789 1464 4866 in
1488 4789 1621 4867 saisina
1641 4817 1740 4866 cam-

305 4921 437 5000 biandi
461 4939 501 5000 et
523 4919 715 5001 cambium
730 4919 888 5000 tenendi
908 4920 1188 5027 inqoperatoriis
1209 4943 1343 4998 eorum
1362 4920 1569 5027 predictis,
1582 4937 1621 4998 et
1641 4921 1740 5027 ipso-

305 5043 392 5130 rum
410 5054 528 5161 aliqui
546 5071 694 5160 tapetes
713 5081 801 5132 suos
821 5055 860 5130 in
882 5053 991 5131 dictis
1010 5052 1234 5159 operatoriis
1253 5053 1331 5132 suis
1351 5050 1626 5158 haberentpro
1640 5037 1740 5129 oam-

1565 5209 1609 5270 16.
1672 5257 1678 5270 .
