4450 6209
734 747 1004 856 nuoutrns
1031 767 1094 840 11
1122 746 1343 880 procas..
1669 769 1742 842 111

322 905 495 995 nacione,
520 922 697 1013 tauquam
719 907 863 1014 iniqua,
889 907 959 1013 ipsi
979 908 1113 984 iterato
1133 906 1181 984 ad
1199 908 1398 985 dominum
1418 908 1558 1014 Regem
1583 908 1747 1016 appella·
1784 917 1915 972 Parnm
1927 919 1971 983 lv,

320 1054 429 1114 runt:
445 1036 594 1114 Auditis
609 1036 723 1145 igitur
734 1039 773 1115 in
787 1067 896 1116 causa
911 1038 1078 1144 predicte
1094 1038 1360 1145 appellacionis
1372 1038 1473 1116 dicto
1492 1055 1743 1146 procuratore,

322 1195 366 1243 ex
379 1196 454 1244 una
470 1185 591 1274 parte,
613 1185 651 1245 et
661 1186 765 1274 parte
782 1169 968 1246 dictorum
987 1169 1280 1276 appellancium,
1301 1198 1346 1246 ex
1360 1167 1492 1259 altera,
1510 1170 1671 1277 visisque
1691 1169 1748 1246 lit-

1846 1009 1910 1054 1³1⁰.

319 1297 410 1376 teris
426 1315 464 1375 et
474 1325 650 1405 processu
661 1301 842 1406 predicto,
855 1300 944 1377 dicti
958 1298 1186 1406 appellantes
1200 1301 1409 1379 acaucione
1422 1303 1590 1407 predicta
1600 1319 1639 1379 et
1649 1329 1746 1409 pene

320 1430 488 1536 predicte
505 1431 709 1536 peticione,
724 1461 792 1538 per
807 1431 909 1509 curie
929 1447 1055 1509 nostre
1067 1431 1272 1539 judicium,
1295 1431 1458 1509 absoluti
1479 1431 1642 1509 fuerunt.

377 1549 681 1639 Dominica'ante
698 1561 966 1640 Ascencionem
987 1562 1155 1640 Domini.

379 1823 454 1903 CX.
486 1826 587 1904 Mota
601 1827 849 1904 contencione
870 1855 984 1933 super
1004 1824 1178 1930 pluribus
1197 1826 1362 1903 articulis
1381 1828 1480 1903 inter
1497 1825 1748 1905 Guillelmum

323 1954 371 2031 de
390 1956 701 2062 Dompna-Petra,
724 1957 923 2035 dominum
944 1956 992 2034 de
1019 1955 1390 2045 Sancto-Desiderio,
1414 1984 1458 2032 ex
1475 1985 1550 2032 una
1568 1975 1689 2064 parte,
1713 1975 1751 2036 et

323 2084 552 2164 Galcberum
575 2086 622 2163 de
644 2086 887 2176 Castellione,
906 2082 1119 2193 juniorem,
1143 2086 1342 2163 dominum
1364 2086 1411 2164 de
1431 2088 1747 2194 Dompna-Petra,

323 2217 478 2306 milites,
501 2245 545 2294 ex
565 2216 695 2309 altera,
716 2244 881 2323 quorum
898 2217 1108 2308 occasione,
1132 2216 1231 2292 dicte
1246 2234 1386 2321 partes,
1408 2217 1568 2294 invicem
1589 2220 1686 2296 inter
1711 2249 1749 2298 se

323 2346 453 2453 plures
474 2347 681 2424 invasiones
703 2365 741 2423 et
762 2373 953 2424 armorum
973 2346 1209 2451 portaciones
1224 2375 1266 2422 ac
1287 2346 1539 2454 dampnorum
1560 2346 1752 2428 illationes

324 2477 511 2566 lecerunt,
529 2479 647 2554 eciam
662 2493 791 2555 contra
813 2476 1116 2582 prohibicionem
1136 2477 1312 2583 gencium
1336 2476 1481 2554 domini
1497 2479 1629 2587 Regis,
1646 2481 1752 2557 audi·

324 2609 372 2686 tis
388 2608 605 2715 adplenum
620 2609 728 2686 dictis
741 2607 910 2714 partibus
925 2634 1039 2714 super
1051 2607 1320 2714 principalibus
1332 2609 1595 2714 questionibus
1608 2640 1752 2690 eorum·

326 2738 433 2828 dem,
450 2767 519 2844 per
534 2737 733 2816 dominum
755 2740 915 2845 Regem,
938 2737 977 2812 in
997 2737 1157 2814 modum
1178 2738 1244 2844 qui
1265 2738 1447 2844 sequitur,
1469 2740 1589 2816 extitit
1603 2741 1753 2820 ordina·

324 2887 418 2957 tum,
436 2867 611 2946 videlicet
627 2868 732 2974 quod
745 2868 920 2946 homines
936 2865 1116 2944 abonnati
1128 2868 1174 2946 de
1189 2867 1538 2948 Sancto-Desiderio
1552 2889 1590 2948 et
1606 2872 1653 2949 de
1669 2872 1751 2950 aliis

252 3041 257 3056 =
326 3000 418 3078 locis
443 2999 719 3108 pertinentibus
739 2999 786 3076 ad
806 2999 950 3076 dictum
972 2998 1171 3076 dominum
1196 3000 1244 3078 de
1264 3000 1627 3092 SanctoDesiderio,
1650 3032 1751 3082 com-

326 3148 515 3210 morantes
534 3130 635 3236 apud
661 3129 927 3221 Catbalanum,
961 3130 1025 3236 qui
1051 3157 1128 3208 non
1150 3147 1237 3208 sunt
1256 3130 1304 3208 de
1324 3128 1427 3207 tallia
1453 3159 1523 3208 nec
1549 3133 1595 3210 de
1619 3163 1752 3211 manu·

327 3277 494 3350 mortua,
518 3278 555 3339 et
577 3287 673 3366 quos
691 3262 868 3338 homines
891 3260 1013 3337 dictus
1031 3260 1240 3338 Galcberus
1258 3262 1306 3339 ad
1324 3291 1363 3338 se
1387 3261 1534 3338 dicebat
1547 3265 1747 3367 pertinere,

327 3389 476 3467 racione
488 3389 750 3498 assignacionis
767 3390 838 3466 sibi
855 3388 949 3467 facte
966 3389 1012 3465 de
1025 3389 1242 3479 Catlral‘an0,
1259 3419 1328 3496 pro
1342 3392 1468 3496 precio
1479 3391 1621 3468 ibidem
1637 3422 1751 3499 appo·

326 3520 399 3598 sito
412 3549 480 3627 per
497 3521 770 3628 appreciatores
784 3521 832 3596 ad
847 3521 921 3598 hoc
935 3519 1149 3626 deputatos,
1163 3522 1332 3626 predicto
1352 3521 1508 3598 domino
1529 3522 1577 3598 de
1599 3524 1753 3602 Sancto·

326 3651 524 3729 Desiderio
550 3652 709 3729 omnino
736 3669 774 3728 et
797 3653 918 3758 quitte
945 3650 1211 3738 remanebunt,
1237 3669 1275 3728 et
1299 3653 1405 3759 quod
1437 3654 1550 3729 ceteri
1578 3655 1751 3734 homines

325 3783 539 3862 tailliabiles
559 3783 608 3860 de
631 3799 895 3859 manumortua
917 3798 954 3858 et
979 3781 1299 3889 loris-maritagio,
1319 3811 1389 3887 pro
1409 3783 1535 3889 precio
1555 3783 1595 3858 in
1616 3785 1669 3861 eis
1689 3815 1754 3892 po·

327 3913 420 4004 sito,
452 3915 702 3991 remanebunt
726 3913 911 3992 Galcbero
936 3913 1123 4019 predicto,
1152 3930 1190 3990 et
1215 3911 1319 4019 quod
1347 3913 1470 3990 dictus
1499 3913 1677 3992 dominus
1704 3916 1750 3993 de

155 4037 156 4040 ¹
198 4135 200 4140 Ι
328 4043 679 4122 Sancto-Desiderio
700 4043 796 4120 nihil
816 4060 945 4150 petere
964 4044 1103 4146 poterit
1128 4070 1149 4120 a
1169 4044 1269 4120 dicto
1290 4043 1492 4135 Galcbero,
1510 4045 1661 4123 racione
1681 4045 1752 4124 bo·

329 4203 486 4263 norum,
504 4192 676 4279 tempore
690 4173 887 4281 preterito,
909 4174 1114 4250 levatorum
1131 4176 1333 4279 peripsum
1357 4205 1377 4251 a
1401 4175 1510 4253 dictis
1530 4176 1751 4255 hominibus

196 4301 201 4310 ’
327 4303 539 4397 abonnatis,
562 4305 659 4383 salva
680 4305 770 4412 ipsis
790 4303 1011 4382 bominibus
1033 4333 1146 4410 super
1166 4305 1238 4379 hoc
1263 4331 1397 4381 eorum
1414 4306 1602 4409 peticione
1622 4325 1751 4384 contra

329 4436 472 4513 dictum
493 4435 738 4526 Galcberum,
765 4463 861 4543 quos
889 4435 1061 4514 homines
1088 4435 1211 4512 dictus
1232 4435 1411 4512 dominus
1428 4435 1476 4512 de
1496 4437 1752 4515 SanctoDesi-

328 4566 450 4658 derio,
468 4568 753 4646 contradictum
769 4565 994 4645 Galcberum
1012 4564 1284 4673 inhujusmodi
1295 4565 1425 4671 juvare
1439 4591 1516 4641 non
1528 4567 1667 4670 poterit
1682 4595 1751 4645 nec

327 4697 463 4777 fovere.
482 4701 574 4776 Item
592 4698 708 4805 quod,
729 4716 829 4775 terra
846 4696 894 4774 de
909 4699 1130 4805 Vantyaves,
1148 4725 1262 4803 quam
1276 4695 1423 4774 dicebat
1436 4693 1560 4773 dictus
1573 4696 1750 4777 dominus

251 4841 253 4844 ’
330 4828 377 4905 de
393 4828 743 4907 Sancto-Desiderio
760 4856 838 4906 non
852 4827 967 4906 luisse
981 4828 1230 4935 appreciatam
1246 4843 1285 4903 et
1297 4824 1501 4933 appreciari
1514 4827 1748 4932 requirebat,

330 4957 431 5035 dicto
456 4958 641 5038 Galchero
671 4959 898 5049 remanebit,
924 4987 992 5065 pro
1018 4958 1146 5065 precio
1173 4973 1325 5035 centum
1355 4957 1541 5066 sexaginta
1567 4974 1604 5034 et
1629 4957 1749 5035 unde-

331 5088 405 5166 cim
421 5087 640 5168 libratarum
657 5108 769 5169 terre.
787 5092 897 5182 Item,
913 5089 1019 5196 quod
1033 5089 1253 5197 homagium
1270 5088 1317 5166 de
1331 5116 1462 5167 manso
1475 5087 1625 5165 Aleram
1644 5088 1751 5193 quod

418 5265 574 5308 11101111.
597 5266 643 5306 ru.
1584 5242 1624 5322 78
