4450 6209
686 750 693 763 '
797 746 1060 854 avocatus
1087 764 1152 835 sr
1178 742 1379 836 rnocrts.
1733 770 1800 837 221

442 911 531 987 Llll.
562 909 815 1015 Factisnuper
827 907 985 986 Senonis
1000 905 1150 983 duabus
1162 904 1425 991 electionibus,
1443 905 1679 990 videlicetde
1696 906 1807 983 Petro
1847 915 1976 968 aarum
1991 914 2033 973 W·

385 1040 573 1147 Pelliparii
595 1057 632 1116 et
653 1037 827 1146 Philippo
846 1036 1004 1125 Truele,
1029 1036 1171 1113 civibus
1192 1036 1493 1125 senonensibus,
1516 1054 1679 1143 utroque
1705 1037 1805 1141 ipso·
1909 1008 1971 1048 ’Μ’

386 1202 468 1248 rum
482 1172 520 1247 in
537 1172 717 1278 majorem
732 1170 831 1246 dicte
851 1169 995 1246 villain
1018 1167 1203 1244 discordia
1225 1167 1360 1256 electo,
1380 1185 1432 1256 et,
1458 1196 1571 1273 super
1586 1168 1806 1275 hujusmodi

386 1303 538 1389 dehato,
554 1300 723 1409 partibus
739 1302 777 1376 in
798 1302 900 1377 curia
917 1316 1043 1377 nostra
1059 1299 1288 1385 constitutis,
1305 1299 1467 1403 quilibet
1482 1323 1612 1375 eorum
1629 1328 1712 1376 suas
1727 1328 1810 1405 pro-

384 1436 512 1540 posuit
528 1433 693 1510 raciones
709 1432 756 1507 ad
774 1432 884 1508 illum
905 1430 1019 1507 finem
1041 1430 1147 1536 quod
1164 1429 1297 1505 electio
1313 1429 1359 1505 de
1381 1428 1527 1506 selecta
1542 1431 1681 1506 valeret
1696 1449 1733 1508 et
1752 1450 1808 1506 te-

385 1592 473 1642 nere
493 1564 670 1649 deberet;
691 1590 759 1668 pro
777 1580 880 1669 parte
902 1589 989 1637 vero
1006 1578 1132 1638 nostra
1153 1559 1224 1635 fuit
1242 1561 1477 1665 propositum
1497 1590 1566 1638 nus
1581 1588 1661 1639 esse
1679 1564 1718 1637 in
1740 1565 1810 1638 sai-

385 1698 463 1773 sina
480 1694 602 1802 quod,
621 1696 801 1801 quociens
822 1711 876 1770 est
897 1694 949 1770 ibi
971 1690 1158 1769 discordia
1179 1680 1217 1765 iri
1241 1692 1424 1768 electione
1442 1694 1611 1800 majoris,
1633 1722 1717 1781 nos,
1739 1724 1807 1800 pro

384 1844 464 1904 toto
479 1826 546 1903 illo
568 1852 682 1917 anno,
704 1825 882 1931 ponimus
902 1840 940 1901 et
958 1840 1133 1901 tenemus
1153 1821 1297 1898 ibidem
1314 1822 1513 1930 majorem
1537 1853 1651 1929 super
1670 1824 1809 1929 quibus

386 1958 473 2032 hinc
493 1956 581 2032 inde
596 1956 814 2061 propositis,
833 1954 972 2060 inquiri
993 1952 1151 2031 lecimus
1171 1953 1364 2029 veritatem
1381 1986 1389 2028 ε
1406 1955 1493 2032 Visa
1509 1956 1623 2061 igitur
1637 1957 1809 2062 inquesta

383 2115 498 2192 super
511 2087 583 2164 biis
596 2085 643 2163 de
658 2086 835 2163 mandato
847 2103 977 2162 nostro
986 2084 1098 2171 lacta,
1114 2085 1308 2161 inventurn
1323 2084 1395 2161 fuit
1407 2086 1632 2163 electionem
1645 2088 1692 2163 de
1707 2088 1807 2163 dicto

383 2220 493 2294 Petro
515 2217 762 2295 sufficientem
786 2235 824 2292 et
842 2216 1064 2293 electionem
1086 2215 1134 2291 de
1155 2216 1257 2292 dicto
1278 2214 1452 2322 Philippo
1472 2218 1598 2295 minus
1618 2218 1809 2294 sufficieu-

384 2366 479 2437 tem,
497 2349 535 2423 in
552 2348 737 2424 discordia
754 2364 881 2423 tamen
898 2346 1010 2424 factas
1023 2345 1159 2431 fuisse,
1176 2374 1322 2451 nosque
1337 2374 1417 2423 esse
1433 2348 1472 2421 in
1494 2347 1644 2433 saisina,
1665 2349 1702 2423 in
1723 2379 1808 2425 casu

383 2478 469 2555 talis
489 2477 692 2565 discordie,
709 2477 895 2581 ponendi,
909 2502 977 2580 pro
993 2492 1074 2552 toto
1090 2474 1157 2551 illo
1170 2502 1285 2563 anno,
1303 2476 1342 2549 in
1354 2474 1439 2551 villa
1451 2478 1677 2567 Senonensi,
1696 2478 1810 2584 majo·

383 2637 483 2697 rem,
503 2626 540 2685 et
554 2608 709 2693 idcirco,
730 2635 797 2713 per
814 2605 915 2682 curie
930 2621 1055 2681 nostre
1065 2604 1268 2712 judicium,
1290 2604 1433 2683 dictum
1448 2605 1520 2682 luit
1535 2624 1573 2683 et
1586 2610 1809 2712 pronuncia-

384 2757 465 2816 tum
491 2765 562 2817 nos
583 2739 621 2815 in
641 2737 808 2843 predicta
829 2736 961 2814 saisina
983 2763 1178 2813 remanere
1202 2737 1360 2825 debere,
1374 2737 1471 2814 salva
1491 2740 1692 2844 super-hoc
1713 2743 1807 2845 parti

382 2871 535 2947 adverse
550 2869 746 2976 questione
762 2866 1020 2975 proprietatis;
1043 2869 1182 2974 etquis
1198 2869 1390 2946 inventum
1406 2885 1463 2945 est
1479 2870 1518 2945 in
1532 2871 1704 2975 inquesta
1723 2902 1807 2978 pre·

384 3003 481 3078 dicta
502 2999 606 3108 quod
623 3000 661 3075 in
680 2998 776 3076 facto
799 2997 897 3075 dicte
919 2998 1133 3087 electionis,
1157 3018 1283 3077 contra
1303 3030 1455 3079 manum
1477 3018 1640 3079 nostram
1664 3019 1702 3078 et
1718 3032 1809 3111 gen-

383 3134 484 3209 cium
504 3148 716 3208 nostrarum
741 3128 1061 3235 prohibicionem,
1085 3130 1181 3207 lacte
1207 3131 1360 3209 luerunt
1379 3132 1544 3239 quedam
1564 3134 1746 3211 violencie
1771 3152 1821 3228 et,

383 3263 617 3368 portaciones
646 3290 857 3348 armorum,
880 3254 1058 3367 inquests'
1077 3261 1245 3366 predicta
1267 3262 1315 3339 ad
1343 3263 1524 3340 ballivum
1550 3265 1806 3343 Senonensem

384 3394 608 3481 remittetur,
634 3409 672 3469 et
692 3391 763 3469 sibi
791 3391 1032 3469 mandabitur
1052 3410 1095 3469 ut
1118 3393 1199 3498 ipse
1226 3391 1319 3469 sacta
1340 3395 1578 3501 hujusmodi,
1601 3415 1675 3471 tam
1697 3395 1806 3471 uobis

382 3552 497 3629 quam
518 3522 692 3629 inju1iam
707 3523 841 3627 passis,
857 3537 1113 3629 competenter
1128 3521 1236 3600 faciat
1253 3524 1458 3601 emendari.

438 3652 603 3731 Sabbato
622 3672 708 3761 post
722 3652 950 3760 quindenam
963 3654 1183 3759 Epiphanie.

438 3784 594 3861 Marcilli
614 3785 827 3891 reportavit.

438 3916 605 3991 Remissa
625 3914 696 3992 luit
716 3915 763 3991 ad
784 3914 928 3991 dictum
949 3916 1127 3994 ballivum
1148 3918 1320 4022 inquesta
1339 3920 1517 4023 predicta.

439 4178 529 4257 LIV.
561 4177 677 4264 Cum,
692 4178 730 4253 i‘n
745 4206 851 4253 causa
865 4180 1103 4284 proprietatis
1122 4180 1317 4287 cujusdam
1331 4182 1468 4258 domus
1488 4183 1556 4259 site
1570 4182 1748 4268 Parisius,
1766 4185 1804 4257 iu

383 4310 462 4385 vico
482 4308 546 4414 qui
564 4306 702 4383 dicitur
719 4306 820 4383 vicus
833 4307 992 4385 Comitis
1007 4308 1297 4398 Attrebatensis,
1314 4338 1438 4388 coram
1454 4312 1651 4388 Parisiensi
1669 4340 1806 4417 prepo-

384 4440 455 4516 sito
474 4456 576 4515 mota
596 4438 694 4515 inter
714 4440 866 4515 Petrum
884 4439 931 4515 de
948 4438 1094 4546 Gyemo
1111 4456 1150 4517 et
1161 4441 1332 4531 Mariam,
1353 4442 1434 4549 ejus
1450 4450 1623 4530 uxorem,
1637 4460 1788 4549 agentes
1795 4480 1808 4531 ,-

384 4598 428 4646 ex
447 4597 522 4647 una
541 4586 667 4677 parte,
690 4587 728 4648 et
748 4571 968 4677 magistrum
986 4568 1196 4648 lohannem
1219 4571 1267 4647 de
1283 4572 1486 4649 Meleduno
1498 4634 1506 4661 ,
1520 4570 1804 4663 defendentem,

384 4728 427 4775 ex
447 4700 581 4789 altera,
605 4698 695 4778 dicti
722 4701 899 4809 conjuges
924 4701 1134 4809 ajudicato
1158 4702 1247 4779 dicti
1271 4704 1451 4810 prepositi
1472 4720 1599 4780 contra
1622 4731 1661 4779 se
1685 4703 1803 4792 lacto,

383 4848 561 4936 tanquam
573 4860 593 4907 a
605 4829 697 4911 falso
708 4848 747 4909 et
756 4861 869 4938 pravo
884 4832 931 4909 ad
945 4850 1110 4911 nostram
1128 4834 1271 4911 curiam
1285 4834 1530 4941 appellassent
1542 4866 1551 4910 z
1562 4836 1748 4924 Tandem,
1767 4838 1806 4911 in

383 4986 492 5039 causa
515 4959 613 5037 dicte
639 4962 900 5070 appellacionis
929 4964 1066 5041 auditis
1089 4965 1260 5070 partibus
1284 4983 1322 5043 et
1339 4967 1427 5044 visis
1448 4994 1624 5072 processu
1651 4983 1688 5043 et
1702 4966 1806 5073 judi-

282 5198 286 5207 ,
384 5110 466 5170 cato
477 5086 747 5200 predictis,pes
755 5094 857 5171 curie
869 5112 995 5171 nostre
1004 5094 1211 5201 judicium,
1224 5094 1314 5173 dicti
1322 5126 1520 5203 processus
1532 5115 1571 5175 et
1575 5097 1803 5204 judicatum,
