4450 6209
737 744 1008 855 nuoudrns
1034 766 1099 837 nr
1128 749 1334 840 proces.
1674 771 1747 843 sse

320 907 486 996 clusum,
509 909 689 1015 assignata
713 937 781 1014 per
807 936 896 987 eum
922 907 990 984 die.
1011 888 1115 985 certa*
1133 909 1300 1015 partibus
1327 907 1503 1014 predictis
1516 909 1562 990 ¹in
1583 913 1746 1016 presenti
1787 921 1971 985 priumie,

317 1039 552 1145 pedamento
565 1040 613 1119 ad
627 1041 911 1119 ordinacionem
924 1055 1052 1117 nostre
1064 1040 1166 1117 curie
1176 1069 1290 1147 super
1303 1042 1376 1117 hoc
1389 1041 1614 1118 audiendam
1628 1074 1636 1118 ε
1649 1045 1748 1119 Ten·
1848 1012 1912 1057 Μ’

318 1171 419 1264 dem,
434 1200 503 1278 per
518 1172 660 1249 enimn
675 1190 842 1252 nostram
855 1171 1033 1276 inspectis
1044 1171 1401 1277 dictis-processibus
1413 1202 1481 1279 per
1493 1172 1614 1251 dictos
1628 1175 1748 1280 iuqui-

318 1304 453 1384 sitores
473 1320 512 1381 et
530 1304 728 1383 officialem
745 1303 867 1392 factis,
884 1303 1022 1381 auditis
1041 1303 1391 1382 eciamrecionibus
1409 1322 1446 1382 et
1466 1303 1749 1382 defensionibus

318 1435 487 1543 parcium
508 1450 547 1512 et
564 1435 647 1513 aliis
671 1464 745 1542 que
772 1434 872 1511 dicte
891 1450 1032 1539 pnrtes,
1054 1434 1102 1510 ad
1123 1434 1260 1511 dictam
1286 1436 1389 1511 diem
1409 1453 1685 1541 comparentes,
1709 1436 1746 1511 in

314 1566 464 1673 judicio
482 1594 696 1675 proponere
714 1566 934 1653 voluerunt,
957 1566 1044 1643 visis
1063 1565 1183 1642 eciem
1202 1566 1430 1671 quibusdam
1450 1566 1600 1660 litteris,
1623 1570 1748 1645 muni-

318 1701 458 1780 mentis
484 1716 523 1777 et
541 1699 804 1779 instrumentis
825 1724 941 1803 super
967 1696 1041 1773 hoe
1066 1696 1262 1785 exhibitis,
1289 1726 1357 1804 per
1376 1699 1479 1776 curie
1500 1718 1631 1778 nostre
1643 1700 1748 1806 judi-

317 1833 435 1920 cium,
453 1832 685 1909 declaratum
702 1848 741 1907 et
760 1830 902 1907 dictum
919 1828 991 1906 suit
1011 1828 1156 1906 dictum
1171 1829 1421 1910 Guidlelmum
1439 1833 1477 1910 in
1498 1832 1628 1907 saisina
1648 1832 1746 1909 dicte

317 1962 460 2069 capelle
480 1991 561 2043 esse
578 1960 790 2039 tenendum
806 1977 846 2037 et
866 1960 1163 2039 defendendum.

373 2095 527 2175 sabbati
543 2094 722 2203 predicta.

372 2229 423 2305 Μ.
444 2229 487 2305 R.
509 2227 557 2303 de
577 2229 729 2306 Foresta
748 2229 961 2333 reportarit.

371 2494 430 2570 Vt.
461 2491 560 2569 Cum
584 2506 740 2597 propter
767 2491 1019 2596 suspicionem
1045 2490 1179 2565 mortis
1206 2488 1385 2566 Bertaudi
1411 2488 1559 2565 Peloart
1589 2488 1746 2567 Guillel-

314 2653 400 2701 mus
424 2622 608 2730 l’Apostre
634 2640 763 2729 ceptus
788 2641 826 2700 et
849 2622 1099 2700 incarceratus
1123 2621 1271 2711 fuisset,
1298 2621 1468 2708 tandem,
1499 2619 1638 2697 auditis
1664 2620 1745 2729 ejus

316 2755 618 2845 defensionibus,
639 2772 676 2833 et
695 2756 869 2861 inquesta
886 2784 999 2860 super
1016 2754 1105 2844 boc,
1124 2755 1172 2831 de
1192 2754 1371 2831 mandato
1387 2770 1536 2842 nostro,
1554 2781 1622 2859 per
1638 2751 1745 2829 balli-

314 2918 402 2966 vum
423 2868 756 2975 Silianectensem,
777 2888 914 2964 vocatis
935 2887 1147 2975 evocandis,
1164 2886 1274 2975 facta,
1291 2887 1366 2963 visa
1390 2902 1428 2961 et
1443 2885 1643 2995 diligenter
1663 2912 1745 2961 exa-

314 3021 474 3107 minata,
495 3020 598 3097 idem
618 3018 866 3108 Guillelmus,
880 3046 1003 3124 super
1026 3034 1150 3095 morte
1173 3018 1261 3095 dicti
1282 3015 1459 3093 Bertaudi
1482 3032 1519 3092 et
1538 3044 1651 3122 super
1674 3017 1744 3091 cri-

314 3151 418 3227 mine
439 3151 609 3257 predicto
630 3167 760 3228 contra
780 3152 905 3256 ipsum
923 3149 1169 3238 denunciat0,
1185 3178 1253 3256 per
1274 3149 1377 3227 curie
1393 3164 1522 3225 nostre
1536 3146 1739 3255 judicium,

314 3281 388 3359 fuit
405 3282 683 3359 sentencialiter
701 3281 908 3359 absolutus.
1041 3284 1045 3289 ’

369 3415 469 3491 Jovis
487 3431 573 3491 aute
594 3415 730 3490 Remos
749 3411 980 3501 Pelmarnm,
1002 3440 1103 3489 enno
1126 3411 1391 3489 trecentesimo
1413 3427 1552 3487 octavo.

369 3547 452 3635 Nou
471 3544 588 3623 habui
608 3572 838 3650 processum.

369 3810 445 3888 vll.
477 3810 530 3887 Ce
546 3824 633 3887 sont
650 3835 738 3885 cens
753 3836 828 3914 qne
845 3835 927 3883 mes
944 3808 1036 3883 sires
1055 3807 1203 3884 Dreues
1219 3804 1266 3879 de
1288 3802 1405 3880 Mello
1425 3800 1596 3881 abaillez
1614 3801 1742 3908 pleges

314 3941 363 4019 de
383 3971 423 4020 sa
440 3968 637 4019 recreance
657 3970 756 4048 pour
774 3970 882 4018 recor
900 3940 949 4015 de
968 3940 1110 4046 prison.

369 4071 683 4160 Premierement,
704 4072 741 4148 le
762 4070 1015 4150 connestable.
1028 4072 1151 4145 -Le
1172 4086 1281 4145 conte
1302 4068 1350 4144 de
1370 4068 1509 4175 Roucy.
1522 4108 1578 4125 --
1594 4066 1743 4143 Maistre

312 4204 432 4282 Jehan
452 4204 653 4290 d’Aussais,
676 4202 829 4281 chantre
851 4202 1049 4281 d'Orliens.
1071 4202 1195 4275 -Le
1216 4200 1392 4306 seigneur
1412 4198 1459 4274 de
1481 4197 1741 4275 Sunt-Veram

314 4354 352 4413 et
371 4336 406 4414 le
427 4335 606 4442 seigneur
624 4336 673 4412 de
693 4336 883 4413 Cbamhli.

367 4468 418 4546 Et
430 4469 558 4556 Erarn',
580 4466 608 4544 li
626 4468 718 4545 sires
738 4468 786 4543 de
808 4465 1083 4552 Saint-Verain,
1101 4462 1229 4540 donne
1248 4462 1376 4567 pleges
1397 4462 1444 4537 de
1468 4488 1506 4537 sa
1526 4484 1739 4547 recreance,

313 4627 411 4705 pour
425 4626 561 4677 recour
577 4600 625 4676 de
642 4600 789 4705 prison,
805 4616 893 4676 touz
908 4626 997 4675 cens
1012 4596 1078 4704 qui
1095 4612 1182 4673 sont
1199 4594 1353 4672 nomme
1368 4620 1436 4701 par
1452 4594 1565 4670 desua
1580 4608 1618 4668 et
1632 4615 1742 4667 mon-

313 4730 486 4837 seigneur
504 4730 630 4807 lterre
646 4730 694 4807 de
709 4731 901 4835 Fonteuay
916 4756 1004 4805 avec
1023 4726 1117 4804 enls.

370 4860 424 4940 Ge
444 4860 501 4938 fut
519 4860 586 4939 fait
601 4869 621 4937 t
636 4862 819 4948 Cachant,
838 4859 874 4937 le
889 4876 961 4939 xrve
976 4860 1066 4967 jour
1085 4858 1228 4951 davni,
1252 4856 1323 4934 l’an
1341 4855 1409 4932 mit
1425 4853 1517 4932 trois
1538 4854 1739 4941 contuens,

314 4993 471 5071 tbeure
488 4994 535 5070 de
554 5022 718 5102 vespres,
741 5022 794 5071 ou
816 4992 932 5099 prael.

370 5128 423 5205 Μ.
444 5126 484 5203 Ρ.
507 5126 555 5203 de
569 5124 789 5235 Albigniaco
808 5125 925 5202 michi
945 5124 1159 5232 reportavit.
