4450 6209
759 723 1024 832 snoutrns
1049 739 1113 812 nr
1139 719 1343 814 raucas.
1691 747 1764 816 ass

343 903 381 964 et
392 880 586 962 senescalli
602 879 779 988 predicti,
794 883 834 958 in
847 897 1031 989 quantum
1046 898 1211 987 poterat,
1225 879 1451 958 inhibuisset
1468 880 1674 959 aedictum
1690 885 1766 961 edi-
1804 896 1933 950 Pauuaa
1946 895 1989 958 lv.

344 1016 472 1094 licium
493 1016 760 1102 destrueretur,
776 1013 899 1091 dictus
913 1011 1028 1089 abbas
1041 1011 1237 1118 respondit
1251 1012 1374 1119 quod,
1392 1040 1463 1090 nec
1476 1030 1631 1119 propter
1644 1015 1767 1122 appel·
1866 987 1928 1029 Μ’

343 1145 548 1258 larionem,
570 1173 641 1221 nec
660 1161 814 1251 propter
831 1147 989 1253 Regem,
1011 1169 1081 1219 nec
1100 1160 1253 1249 propter
1272 1169 1428 1252 roqum,
1446 1143 1653 1222 dimitteret
1672 1147 1765 1253 quin

343 1277 421 1384 ipse
447 1273 639 1353 edificium
663 1275 876 1381 predictum
901 1274 1126 1366 destruerat,
1150 1291 1205 1365 et,
1227 1290 1350 1380 spreta
1374 1273 1472 1353 dicta
1495 1273 1765 1381 appellacione,

343 1404 488 1513 primus
507 1421 635 1484 contm
651 1405 789 1482 dictam
806 1404 963 1483 domum
984 1404 1202 1511 percuciens
1223 1403 1394 1481 clamavit
1416 1405 1769 1512 :Fandezlfondezl

345 1553 383 1613 et
392 1552 484 1612 tuuc
496 1551 627 1642 gentes
640 1534 758 1640 ipsius
770 1534 912 1613 abbatis
926 1533 1100 1612 funditus
1116 1533 1260 1612 dictum
1276 1534 1471 1612 edificium
1485 1534 1767 1626 destruxerunt,

344 1682 498 1773 propter
514 1665 621 1772 quod
639 1665 755 1772 peciit
773 1666 897 1743 dictus
916 1681 1147 1771 procuretur,
1169 1680 1297 1744 contra
1315 1665 1506 1770 predictos
1524 1666 1719 1773 religiosos
1733 1684 1771 1746 et

345 1825 477 1874 eorum
488 1795 630 1872 curiam
645 1795 873 1888 secularem,
884 1822 953 1901 pro
965 1796 1078 1872 tantis
1090 1795 1318 1884 excessibus,
1332 1797 1533 1873 amendam
1545 1797 1769 1905 condignam

344 1926 456 2005 uobis
475 1926 680 2034 adjudicari
700 1944 739 2004 et
753 1924 919 2003 Arualdo
939 1925 1128 2032 predicto,
1152 1943 1394 2032 procuratore
1415 1926 1604 2002 dictorum
1625 1927 1770 2006 abbatis
1894 1959 1900 1970 ¹

345 2072 384 2134 et
402 2074 607 2134 conventus
625 2057 852 2135 scunarium
873 2056 1042 2147 dicente,
1057 2055 1212 2134 taudem
1232 2055 1457 2134 senescallus
1476 2056 1686 2162 predictus,
1704 2087 1772 2137 au-

346 2186 434 2264 ditis
448 2187 663 2265 raciouibus
677 2187 873 2295 utriusque
887 2187 1020 2294 partis,
1036 2215 1105 2293 per
1121 2186 1355 2264 diffinitivam
1373 2188 1618 2277 sentenciam,
1639 2189 1679 2265 in
1694 2208 1771 2267 tre-

346 2318 464 2396 centis
482 2317 591 2395 libris
604 2317 889 2397 Turonensibus
905 2319 1015 2396 nobis
1028 2347 1099 2424 pro
1114 2319 1291 2409 emenda,
1308 2335 1346 2395 et
1365 2319 1404 2394 in
1421 2336 1591 2408 centum,
1609 2337 1646 2395 et
1660 2323 1771 2426 quin·

346 2449 524 2557 quagiuta
539 2448 646 2527 libris
656 2449 961 2538 Turonensibus,
974 2450 1044 2557 ipsi
1056 2447 1240 2541 distritio,
1255 2449 1405 2526 racione
1420 2447 1698 2538 demoliciouis,
1714 2452 1771 2529 vel

348 2578 556 2658 diruciouis
574 2578 760 2686 predicte,
782 2579 969 2658 solvendis
993 2581 1127 2657 taxavit
1152 2596 1192 2657 et
1211 2565 1393 2687 judicavit
1416 2578 1618 2656 emendam
1642 2597 1772 2658 contm

348 2707 468 2788 dictos
486 2709 684 2820 religiosos
701 2727 741 2788 et
760 2737 893 2789 eorum
913 2712 1056 2788 curiam
1076 2711 1300 2800 secularem,
1323 2727 1361 2788 et
1381 2735 1557 2816 expensas
1576 2709 1675 2786 dicte
1695 2711 1772 2790 litis

348 2837 473 2917 eidem
490 2839 657 2919 Arualdo
665 2840 911 2948 adjudicavit,
932 2858 971 2918 et
986 2839 1247 2950 pronunciavit
1264 2839 1430 2918 eundem
1450 2867 1530 2917 essa
1549 2855 1586 2917 et
1598 2838 1713 2920 fuisse
1731 2843 1771 2918 in

348 2970 580 3077 possessione
605 2970 697 3048 dicti
723 2973 796 3048 orti
818 2989 990 3079 tempore
1015 2970 1279 3049 demolicionis
1303 2970 1488 3076 predicte,
1510 2972 1773 3076 pronunciavit

349 3100 467 3180 eciam
481 3102 606 3208 ipsum
622 3103 881 3182 reducendum
898 3131 979 3182 esse
998 3103 1038 3179 in
1058 3101 1293 3210 possessione
1315 3100 1405 3179 dicti
1424 3101 1515 3192 orti,
1537 3119 1575 3178 et
1593 3101 1698 3208 quod
1716 3103 1773 3209 ip-

349 3259 433 3309 sum
456 3231 615 3312 trolimu
640 3231 858 3311 reedificare
883 3250 921 3311 et
944 3234 983 3309 in
1006 3232 1124 3340 priori
1152 3248 1249 3310 statu
1276 3259 1459 3338 reponere
1484 3250 1629 3338 posset;
1655 3262 1675 3309 a
1699 3263 1772 3340 qua

349 3361 552 3451 sentencia,
572 3378 752 3469 tauquam
771 3362 916 3469 iniqua,
936 3381 1095 3470 utraque
1113 3362 1298 3469 parcium,
1319 3363 1361 3437 iu
1381 3378 1565 3468 quantum
1584 3380 1713 3440 contra
1733 3391 1772 3442 se

349 3491 523 3580 faciebat,
547 3494 595 3570 ad
621 3521 693 3571 uos
718 3492 935 3600 appellavit,
957 3493 1129 3601 partibus
1151 3492 1266 3601 igitur
1284 3492 1324 3568 iu
1345 3509 1473 3570 nostra
1497 3493 1599 3569 curia
1623 3521 1773 3599 compa-

351 3621 540 3716 rentibus,
564 3623 678 3730 peciit
700 3624 823 3702 dictus
841 3642 1063 3732 procurator
1080 3641 1224 3712 noster,
1247 3651 1335 3700 cum
1354 3639 1518 3711 constet,
1544 3639 1588 3700 ut
1608 3623 1771 3710 dicebat,

351 3771 494 3860 partem
515 3754 704 3833 dictorum
726 3755 991 3863 religiosortun
1007 3757 1085 3833 vim
1103 3754 1296 3863 publicam
1315 3755 1355 3832 iu
1376 3754 1595 3862 hujusmodi
1617 3754 1777 3831 commi-

351 3883 457 3973 sisse,
475 3885 575 3993 ipsos
588 3885 628 3961 in
645 3885 847 3966 amissione
861 3886 1035 3966 omnium
1049 3887 1240 3965 bonorum
1255 3912 1412 3964 suorum
1429 3884 1695 3992 temporalium
1712 3901 1777 3962 aut

354 4013 452 4093 dicte
471 4015 731 4123 jurisdiciouis
755 4045 822 4096 sue
845 4017 1080 4125 temporalis,
1107 4017 1239 4094 saltem
1264 4016 1391 4123 quoad
1416 4016 1528 4092 uitam
1552 4045 1658 4093 snam
1687 4044 1777 4095 cou-

354 4144 565 4253 dempuari,
583 4164 622 4223 et
634 4146 758 4253 quom
776 4147 873 4225 hauc
885 4147 1271 4253 condempnacionem
1286 4174 1355 4253 per
1370 4145 1512 4224 dictum
1529 4146 1775 4224 senescallum

352 4273 486 4354 factam
514 4278 765 4384 augmentari,
787 4294 1029 4384 procuratore
1052 4277 1199 4355 abbatis
1222 4293 1261 4354 et
1287 4294 1490 4356 conventus
1519 4293 1671 4382 petente
1697 4278 1776 4355 dic·

353 4421 429 4483 tam
448 4409 676 4486 sentenciam
688 4407 830 4486 nullam
843 4435 924 4486 esse
943 4407 1202 4513 pronunciari,
1217 4421 1283 4484 aut
1296 4406 1327 4484 si
1344 4423 1441 4484 esset
1460 4405 1602 4512 aliqua,
1617 4433 1698 4481 eam
1719 4407 1776 4482 in-

351 4534 490 4642 justam
510 4539 687 4617 decerni:
706 4538 856 4617 Auditis
877 4539 993 4647 igitur
1012 4538 1181 4645 parcium
1203 4534 1416 4614 racionibus
1435 4536 1525 4612 hinc
1546 4553 1583 4614 et
1609 4534 1712 4622 iude,
1739 4556 1778 4614 et

354 4665 432 4744 viso
449 4685 532 4746 toto
551 4695 728 4776 processu
747 4669 935 4776 predicto,
956 4669 1060 4746 curia
1078 4685 1206 4748 nostra
1225 4667 1454 4747 sentenciam
1475 4665 1632 4771 predicti
1653 4695 1779 4746 senas-

356 4793 453 4886 calli,
473 4798 513 4874 iu
527 4826 573 4877 eo
589 4800 694 4906 quod
711 4798 790 4906 ipse
805 4800 940 4877 taxavit
954 4816 993 4877 et
1004 4799 1245 4906 adjudicavit,
1265 4799 1417 4876 racione
1432 4797 1614 4904 predicta,
1633 4813 1780 4876 trecen·

355 4941 409 5004 tas
424 4925 538 5006 libras
549 4932 584 5007 T
584 4957 808 5020 uroueuses,
823 4957 893 5038 pra
907 4931 1070 5009 emenda
1082 4947 1228 5020 nostra,
1242 4947 1279 5008 et
1291 4947 1441 5008 centum
1457 4947 1496 5007 et
1508 4929 1779 5036 quinquaginta

357 5054 469 5134 libras
488 5060 728 5138 Turonenses
745 5061 846 5140 dicto
861 5061 1044 5152 Arualdc,
1063 5089 1134 5170 pro
1155 5062 1327 5169 dampnis
1346 5060 1392 5138 ab
1413 5087 1459 5140 eo
1479 5061 1610 5168 passis,
1629 5059 1778 5137 racione

441 5233 494 5278 tas
514 5235 597 5279 οιιιι.
619 5239 665 5281 ιιι.
1613 5215 1652 5275 to
