4450 6209
515 730 590 801 300
1095 730 1187 803 LES
1215 728 1357 803 OLlM.

287 880 418 935 perenn
430 880 475 939 tv,
513 870 613 949 dicta
628 870 817 977 inquesta,
835 870 911 948 visa
925 888 965 949 et
977 870 1179 979 diligenter
1195 870 1419 960 examinata,
1437 886 1594 976 propter
1609 868 1751 948 multos
1769 870 1931 953 delectare

350 971 413 1015 ’Μ’
514 1001 659 1079 ibidem
672 1018 856 1109 repertos,
867 1031 936 1109 per
951 1003 1054 1080 curie
1072 1020 1200 1081 nostre
1209 1002 1411 1111 judicium,
1424 1002 1547 1079 extitit
1558 1000 1738 1091 anullata,
1754 1020 1792 1080 et
1804 1002 1931 1083 iterato

516 1132 594 1210 liet.

571 1264 728 1345 Veneris
744 1280 831 1371 post
848 1265 1079 1343 andones.

569 1393 743 1473 Bocellus
765 1395 977 1501 reportavit.

570 1659 661 1735 XLl.
693 1659 830 1737 Coram
843 1659 982 1737 ballivo
998 1658 1260 1738 Matisconensi
1275 1658 1477 1747 Bererdus,
1488 1657 1665 1735 dominus
1680 1658 1729 1735 de
1741 1659 1929 1768 Salomoy,

515 1816 602 1866 oum
620 1788 840 1866 auctoritate
858 1790 1040 1871 curatoris
1057 1791 1134 1881 sui,
1155 1806 1285 1867 contra
1303 1806 1585 1895 procreatorem
1606 1804 1779 1866 nostrum
1799 1790 1840 1865 in
1859 1790 1933 1867 bal·

515 1919 601 1995 livia
621 1918 788 2026 predicta
808 1936 847 1997 et
863 1938 1144 2027 procuratorem
1165 1920 1330 2027 episcopi
1348 1920 1651 2010 Matisconensis,
1667 1917 1842 1997 libellum
1858 1920 1934 1997 edi-

517 2048 590 2139 dit,
607 2066 755 2156 petens,
772 2052 974 2157 quamdam
991 2050 1235 2138 sentenciam,
1251 2078 1320 2157 pro
1342 2048 1452 2127 dictis
1470 2048 1793 2156 procuratoribus,
1811 2066 1933 2127 contra

517 2179 681 2257 eundem
689 2183 744 2269 B.,
755 2181 942 2260 minorem
951 2182 1058 2258 annis
1067 2181 1389 2290 vigintiquinque,
1401 2180 1486 2257 etin
1495 2178 1765 2268 defensum,ut
1774 2179 1930 2267 dicebat,

516 2308 629 2387 latam
648 2312 689 2387 in
708 2311 886 2417 petitorio
902 2334 941 2392 et
953 2312 1202 2419 possessorio,
1217 2312 1359 2389 nullam
1375 2336 1456 2389 esse
1472 2310 1732 2416 pronunciari;
1752 2309 1933 2417 dictisque

515 2440 821 2546 procuratoribus
836 2444 965 2549 plures
981 2444 1150 2522 raciones
1164 2442 1464 2551 proponentibus
1480 2459 1634 2549 propter
1650 2470 1745 2550 quas
1764 2442 1934 2520 dicebant

515 2598 556 2649 se
573 2600 650 2649 non
664 2573 786 2650 teneri
798 2574 1029 2681 respondere
1046 2574 1178 2652 libello
1193 2574 1383 2681 predicto,
1401 2574 1525 2650 dictus
1538 2572 1698 2651 ballivus
1711 2574 1932 2680 pronuncia-

515 2702 586 2789 vit,
606 2731 675 2807 per
690 2731 797 2781 suam
811 2704 1153 2812 interloqutoriam,
1171 2732 1248 2783 non
1263 2703 1500 2783 obstantibus
1512 2702 1690 2810 predictis
1707 2701 1931 2794 racionibus,

518 2831 640 2909 dictos
657 2850 918 2937 procuratores
943 2835 1082 2913 debere
1108 2835 1336 2941 respondere
1361 2832 1492 2911 libello
1511 2833 1700 2939 predictn;
1721 2862 1742 2909 a
1762 2862 1837 2939 qua
1853 2860 1933 2939 pro-

518 2962 765 3039 nunciacione
783 2961 874 3039 dicti
890 2982 1151 3071 procuratores
1166 2965 1212 3041 ad
1230 2980 1394 3042 nostram
1412 2963 1552 3041 curiam
1568 2962 1829 3071 appellarunt:
1842 2964 1934 3043 Visis

517 3090 634 3198 igitur
653 3091 831 3171 omnibus
850 3093 939 3171 hinc
957 3094 1047 3174 inde
1066 3095 1285 3203 propositis,
1302 3124 1370 3201 per
1386 3094 1488 3173 curie
1503 3111 1629 3172 nostre
1644 3094 1848 3202 judicium,
1864 3096 1934 3171 dic·

517 3238 600 3297 tum
624 3220 697 3298 luit
715 3220 860 3301 dietum
877 3224 1057 3304 ballivum
1075 3225 1174 3304 bene
1193 3226 1459 3333 pronunciasse
1479 3243 1517 3304 et
1537 3225 1658 3305 dictos
1675 3242 1931 3332 procuratores

516 3351 615 3429 male
635 3351 849 3459 appellasse.

572 3484 730 3564 Veneris
748 3486 928 3589 predicta.

572 3614 677 3693 Creci
698 3616 910 3722 reportavit.

574 3878 683 3953 XLll.
714 3876 811 3954 Cum
829 3894 932 3955 mota
950 3878 1082 3957 luisset
1102 3880 1287 3959 discordia
1302 3908 1426 3959 coram
1445 3878 1580 3959 ballivo
1602 3881 1809 3960 Senonensi
1826 3882 1865 3956 in
1879 3906 1933 3957 as-

519 4005 970 4117 sisiavilleNove-Regis,
992 4011 1092 4088 inter
1110 4012 1284 4091 abbatem
1305 4029 1344 4090 et
1362 4029 1587 4089 conventum
1607 4010 1933 4090 Sancti-Michaelis

519 4135 567 4213 de
579 4137 847 4227 Thornodoro,
863 4166 908 4215 ex
921 4168 995 4216 una
1010 4158 1133 4247 parte,
1150 4160 1189 4219 et
1202 4142 1427 4220 comitissam
1441 4142 1786 4221 Autisiodorensem
1801 4158 1839 4217 et
1849 4144 1934 4217 Tor·

518 4267 786 4361 nodorensem,
808 4287 883 4346 tam
902 4271 1055 4349 nomine
1075 4302 1144 4353 suo
1164 4304 1278 4381 quam
1299 4275 1453 4351 nomine
1471 4272 1678 4351 liberorum
1698 4298 1871 4360 suorum,
1892 4298 1934 4347 cr

518 4397 648 4489 altera,
670 4426 784 4506 super
803 4427 848 4478 eo
873 4403 979 4507 quod
998 4403 1088 4481 dicti
1113 4404 1275 4512 religiosi
1302 4402 1562 4510 proponebant
1581 4402 1685 4510 quod
1703 4402 1801 4481 dicta
1821 4402 1933 4478 corni-

515 4527 605 4605 tissa
633 4544 671 4606 et
695 4546 825 4637 gentes
851 4560 919 4609 sue
942 4531 1090 4611 lucrant
1107 4534 1147 4611 in
1168 4551 1271 4612 tanto
1298 4533 1446 4613 delectu
1466 4533 1625 4611 faciendi
1645 4532 1716 4611 sibi
1732 4532 1797 4639 jus
1823 4558 1934 4638 super

516 4656 691 4763 pluribus
713 4663 834 4739 causis
855 4680 894 4739 et
912 4662 1185 4770 gravaminibus
1204 4692 1328 4743 coram
1345 4664 1434 4771 ipsis
1454 4664 1655 4771 propositis
1679 4660 1800 4769 quod,
1822 4688 1935 4767 super

516 4788 711 4893 predictis,
724 4790 911 4897 judicium
925 4812 1004 4871 erat
1018 4793 1237 4874 devolutum
1251 4796 1299 4873 ad
1308 4796 1458 4873 ›dictrrm
1472 4794 1669 4885 ballivum,
1681 4812 1873 4899 tamquam
1887 4790 1933 4868 ad

517 4918 769 5021 superiorem
788 4951 902 5029 quare
913 4922 1094 5030 petebant
1106 4926 1347 5033 pronunciari
1364 4927 1501 5005 dictam
1516 4926 1741 5005 comitissam
1755 4941 1793 5001 et
1803 4940 1933 5031 gentes

518 5070 603 5122 suas
625 5045 738 5126 fuisse
763 5049 802 5127 in
823 5052 970 5133 delectu
991 5055 1181 5161 predicto,
1204 5076 1242 5136 et
1260 5057 1364 5165 quod
1383 5084 1491 5135 cause
1510 5056 1677 5164 predicte
1696 5068 1931 5133 remanerent
