4450 6209
778 721 1137 832 saonensem
1164 731 1370 820 nnocns.
1710 754 1784 828 sos

366 883 487 989 quod,
506 883 640 960 virtute
653 880 743 960 dicti
751 881 927 989 judicati,
940 881 1111 988 predicto
1123 883 1325 992 Radulpbo
1338 913 1417 964 non
1432 887 1707 968 deliberaretur
1719 895 1786 970 sai-
1822 902 1952 960 Pmrm
1969 905 2012 969 lt,

361 1015 440 1088 sina
454 1039 568 1118 quam
586 1011 754 1119 petebat,
772 1029 811 1088 et
827 1011 932 1118 quod
947 1013 1070 1090 dictus
1088 1039 1208 1119 nepos
1225 1013 1328 1124 diem
1342 1017 1567 1096 ostensionis
1582 1047 1695 1126 super
1708 1023 1781 1100 hoe
1884 995 1948 1038 ’Μ’

359 1171 437 1220 non
452 1143 623 1232 baberet,
641 1143 759 1220 immo
771 1142 969 1249 deputaret
981 1144 1086 1220 curia
1097 1161 1355 1250 nostra-certos
1370 1146 1562 1227 auditores
1572 1149 1639 1256 qui
1655 1151 1781 1228 statim

358 1290 397 1348 et
416 1273 464 1349 de
482 1273 606 1380 plano,
621 1273 758 1352 vocatis
773 1273 956 1380 partibus,
975 1274 1211 1381 inquirerent
1228 1276 1422 1354 veritatem
1440 1278 1488 1354 de
1509 1280 1644 1356 misina
1663 1298 1701 1359 et
1720 1309 1782 1360 cc-

357 1404 561 1509 cnpacione
575 1403 753 1510 predictis
768 1431 838 1510 per
852 1403 997 1481 dictum
1011 1405 1492 1513 Raduipbum-pmpositis,
1510 1436 1659 1487 necnon
1679 1411 1780 1488 etde

356 1533 491 1611 saisina
507 1533 596 1610 dicti
610 1533 759 1639 nepotis
775 1550 813 1611 et
825 1533 1061 1640 temporibus
1073 1535 1294 1612 saisinamm
1311 1553 1348 1613 et
1362 1538 1781 1646 occupacionispredic·

355 1679 495 1756 tarum,
513 1678 552 1740 et
563 1663 744 1770 quicquid
757 1664 967 1742 invenirent
981 1665 1029 1740 ad
1040 1681 1207 1743 nosusm
1219 1666 1362 1742 curiam
1374 1668 1627 1758 remitterent,
1643 1668 1682 1746 in
1693 1697 1782 1776 par·

240 1849 246 1858 .
354 1790 520 1870 lamento
538 1794 722 1900 presenti,
740 1821 856 1899 quare
870 1793 1130 1872 mandavimus
1141 1795 1321 1902 magistro
1334 1796 1497 1874 Maltino
1513 1798 1562 1888 de
1575 1799 1777 1903 Creponic‚

353 1921 488 2000 clerico
501 1940 647 2012 nostro,
662 1939 721 2013 ut,
731 1949 844 2028 super
855 1923 1048 2028 predictis,
1067 1940 1197 2001 vocato
1208 1953 1338 2002 secrtm
1349 1926 1389 2002 in
1396 1927 1638 2005 Viromandis
1650 1927 1778 2036 aliquo

350 2052 471 2156 probo
481 2052 572 2142 viro,
590 2069 628 2130 et
638 2053 677 2128 in
690 2052 1086 2160 Belvacinioquodam
1100 2053 1175 2130 aiio
1184 2054 1311 2131 neutri
1321 2057 1503 2160 suspectis
1512 2057 1682 2163 parcium
1693 2086 1779 2164 pre-

352 2181 553 2273 dictarum,
571 2175 709 2260 vocatis
723 2183 938 2306 evocandis,
956 2210 1069 2292 super
1084 2184 1265 2287 predictis
1274 2184 1502 2290 inquireret,
1519 2215 1608 2263 eum
1622 2186 1778 2294 diligen-

350 2311 405 2386 cia
420 2313 631 2399 veritatem,
648 2327 686 2388 et
699 2312 930 2418 inquestam,
945 2338 1059 2416 super
1074 2309 1149 2389 hoc
1161 2311 1311 2400 baum,
1328 2312 1377 2389 ad
1388 2331 1555 2391 nostram
1569 2317 1710 2392 cutiam
1722 2346 1777 2393 re

351 2440 515 2518 mitteret
526 2441 792 2547 judicandam
814 2440 936 2516 dictus
946 2465 1038 2514 sero
1057 2440 1335 2518 commissarius
1349 2459 1389 2518 et
1401 2441 1578 2520 Odardus
1589 2445 1772 2537 Qucnart,

349 2570 549 2678 burgensis
563 2568 924 2658 Montis-Desiderii,
941 2595 1056 2674 quem
1071 2567 1209 2646 adhoc
1223 2571 1567 2649 secumvocavitde
1589 2599 1775 2652 consensu

349 2702 518 2806 parcium
529 2701 797 2808 predictarum,
811 2699 859 2776 de
870 2697 1051 2804 predictis
1063 2697 1356 2804 inquisiverunt,
1369 2701 1508 2779 vocatis
1520 2700 1706 2807 partibus,
1717 2731 1775 2780 ve·

234 2881 246 2890 -
347 2832 513 2940 ritatem,
532 2850 569 2909 et
588 2832 936 2938 inquestamsuper
957 2829 1031 2906 hoc
1046 2826 1180 2906 saetam
1202 2829 1429 2909 adnostram
1453 2831 1596 2908 maiam
1616 2832 1772 2910 remise·

347 2978 459 3039 runt:
476 2961 626 3041 Auditis
639 2961 755 3069 igitur
771 2959 881 3038 dictis
898 2957 1068 3064 partibus
1083 2976 1122 3036 et
1134 2960 1211 3036 vise
1225 2959 1396 3066 inquesta
1411 2959 1594 3066 predicta,
1612 2960 1701 3066 quis
1714 2990 1772 3039 re·

346 3109 498 3196 pcrtum
513 3091 688 3199 estquod
702 3088 1072 3195 dictusRadulphus,
1088 3107 1274 3196 quantum
1290 3089 1461 3200 ad'seoda
1474 3091 1517 3167 in·
1526 3091 1770 3170 Viromandis

347 3222 545 3299 existentia
570 3239 608 3298 et
632 3236 815 3328 quantum
835 3219 882 3296 ad
901 3246 1035 3298 census
1052 3218 1284 3326 ubicumque
1310 3221 1525 3308 existentes,
1551 3247 1626 3326 que
1648 3247 1770 3326 quon-

346 3352 432 3428 dam
452 3353 608 3430 fuerunt
626 3351 773 3429 comitis
794 3349 988 3440 antedicti,
1009 3368 1180 3455 tempore
1201 3377 1279 3456 quo
1299 3349 1474 3440 decessit,
1495 3376 1564 3456 pro
1578 3351 1768 3456 porcioni-

343 3480 416 3559 bus
442 3481 655 3574 antedictis,·
681 3507 784 3559 suam
811 3479 1068 3558 intencionem
1089 3479 1275 3587 probavit,
1301 3507 1370 3584 per
1393 3478 1496 3556 curie
1521 3497 1648 3556 nostre
1663 3479 1768 3586 judi·
1828 3561 1831 3565 ,

342 3614 461 3704 cium,
493 3614 636 3692 dictum
668 3611 741 3689 fuit
767 3611 873 3719 quod
900 3611 999 3689 dicto
1032 3609 1232 3716 Radulpbo
1259 3608 1392 3715 quinte
1421 3609 1537 3716 partis
1564 3609 1764 3688 feodorum
1861 3647 1864 3650 ·

341 3745 583 3825 Viromandis
614 3761 652 3823 et
677 3741 891 3821 medietatis
920 3743 1092 3821 omnium
1116 3741 1350 3818 censivarum
1377 3766 1445 3818 seu
1472 3767 1653 3818 censuum
1681 3738 1767 3816 ubi·

340 3903 501 3983 cumque
527 3875 791 3966 existencium,
816 3874 865 3953 de
886 3874 1027 3982 quibus
1046 3872 1208 3951 decessit
1228 3871 1378 3949 saisitus
1402 3897 1530 3948 comes
1551 3869 1759 3976 predictus,

340 4005 608 4082 deliberabitur
629 4006 778 4096 saisina,
801 4022 839 4082 et
857 4005 981 4082 eidem
997 4003 1223 4112 adjudicavit
1236 4003 1339 4080 curia
1358 4018 1486 4080 nostra
1504 4000 1760 4108 predictorum

338 4135 511 4212 saisinam
527 4161 601 4212 una
613 4162 700 4210 cum
718 4131 899 4212 fiuctibus
918 4150 957 4210 et
971 4133 1132 4211 exitibus
1150 4133 1240 4210 inde
1256 4132 1440 4240 perceptis
1456 4148 1663 4237 atempore
1682 4128 1760 4206 litis

337 4282 455 4358 mote,
486 4281 542 4354 et,
570 4265 601 4342 si
629 4264 751 4342 dictus
775 4261 1016 4369 badulphus,
1044 4265 1083 4340 in
1107 4261 1285 4368 predictis
1312 4261 1434 4338 feodis
1457 4259 1678 4347 Beivaoinii,
1694 4259 1758 4364 jus

336 4423 447 4475 suum
466 4397 641 4504 prosequi
654 4394 831 4489 voluerit,
850 4394 952 4472 curia
971 4409 1114 4483 nostra,
1135 4392 1274 4470 vocatis
1291 4389 1478 4497 partibus,
1495 4389 1605 4467 saciet
1632 4387 1757 4464 eidem

334 4529 437 4634 quod
456 4529 571 4607 fuerit
588 4526 759 4606 racionis.
796 4595 804 4609 ,
1681 4506 1683 4509 ’
1739 4501 1745 4512 .

390 4659 564 4737 Mercurii
582 4675 669 4765 post
687 4659 972 4736 Penthecosten.
1028 4647 1032 4656 ’

388 4790 430 4863 R.
449 4789 496 4867 de
511 4787 869 4868 Sancto-Benedieto
887 4785 1098 4892 reportavit.

387 5048 591 5127 LXXXVII.
622 5048 738 5139 Cum,
756 5073 869 5153 super
878 5045 1029 5155 justicie
1042 5043 1204 5122 terre-de
1220 5040 1387 5122 Moleriis
1403 5041 1503 5120 etde
1519 5034 1750 5118 Pedio-Cor-

1550 5195 1599 5276 7⁵.
