4450 6209
751 753 1019 863 rnoutvns
1046 768 1109 842 nr
1136 752 1343 842 rnoons.
1687 762 1758 837 tor

392 910 485 989 CIV.
516 911 614 988 Cum
624 912 987 1021 Margareta,relicta
999 939 1123 1018 nuper
1132 908 1299 987 defuncti
1312 890 1459 987 comitis
1470 907 1759 997 Attrebatensis,
1800 912 1986 978 rmnmtv.

337 1041 479 1119 diceret
497 1043 618 1148 quod,
640 1044 680 1121 in
698 1045 823 1124 assisia
846 1043 1010 1125 dotalicii
1035 1044 1110 1133 sui,
1131 1043 1201 1122 sibi
1218 1072 1287 1150 per
1307 1041 1529 1120 defunctum
1548 1040 1763 1147 predictum
1863 1006 1926 1049 Μ’

335 1174 517 1262 concessi,
541 1173 615 1252 alta
633 1175 782 1283 justicia
811 1175 975 1255 debebat
999 1174 1071 1254 sibi
1101 1192 1141 1252 et
1166 1176 1247 1253 sine
1276 1174 1403 1280 precio
1429 1172 1600 1260 assideri,
1631 1200 1765 1249 secun·
1869 1182 1872 1191 '

336 1304 427 1381 dum
455 1305 768 1385 consuetudinem
795 1292 996 1387 comitatus
1021 1305 1307 1394 Attrebatensis,
1334 1302 1522 1393 Mathildi,
1545 1302 1623 1381 filia
1646 1320 1684 1381 et
1703 1304 1766 1381 he

334 1436 427 1512 rede
452 1435 543 1513 dicti
568 1439 735 1530 comitis,
761 1438 991 1519 contrarium
1015 1458 1225 1531 asserente,
1252 1437 1420 1546 partibus
1449 1436 1628 1542 predictis
1655 1438 1766 1544 plura

335 1565 430 1644 facta
447 1583 485 1644 et
501 1570 797 1649 consuetudines
820 1600 934 1679 super
958 1572 1031 1649 hoc
1052 1569 1371 1677 proponentibus,
1394 1584 1432 1647 et
1451 1565 1629 1675 inquisita
1653 1598 1767 1675 super

337 1697 407 1790 eis,
422 1699 562 1776 vocatis
574 1700 761 1805 partibus,
778 1702 931 1780 veritate
947 1731 956 1776 t
972 1700 1161 1790 Tandem,
1178 1701 1253 1778 visa
1268 1701 1442 1807 inquesta
1459 1728 1573 1807 super
1587 1699 1767 1806 predictis

335 1829 446 1929 facta,
461 1860 530 1935 per
546 1833 647 1909 curie
663 1850 791 1911 nostre
805 1834 1009 1942 judicium,
1027 1833 1172 1911 dietim
1187 1832 1260 1910 fuit
1275 1832 1380 1939 quod
1394 1832 1519 1908 eidem
1541 1832 1765 1938 Margarete,

334 1961 374 2036 in
398 1961 523 2039 assisia
544 1961 635 2039 dicti
654 1964 837 2056 dotalicii,
859 1964 933 2042 alta
943 1962 1096 2072 justicia
1112 1963 1294 2053 tradetur,
1312 1980 1350 2039 et
1365 1963 1477 2040 etiam
1493 1962 1620 2041 eidem
1639 1991 1769 2069 appre-
1894 2032 1902 2037 .

335 2092 495 2170 ciabitur
504 2110 619 2199 prout
641 2094 756 2173 fuerit
779 2097 955 2187 racionis,
978 2098 1051 2173 hoc
1070 2097 1267 2174 observato
1287 2095 1409 2202 quod,
1428 2110 1611 2201 qnantum
1634 2094 1681 2170 ad
1699 2110 1770 2171 ter-

335 2252 416 2299 ram
438 2223 485 2301 de
502 2224 537 2301 la
554 2225 769 2334 Montoyre,
790 2226 1039 2304 servabuntur
1055 2226 1297 2305 condiciones
1315 2227 1354 2301 in
1376 2225 1499 2305 littera
1517 2226 1768 2305 concessionis

336 2355 428 2432 dicti
448 2354 615 2432 dotalicii
635 2375 822 2435 contente.

393 2488 501 2565 Lune
521 2507 607 2594 post
626 2490 758 2567 Letare
776 2490 995 2569 Jerusalem.

392 2755 467 2833 CV.
499 2757 596 2835 Cum
616 2758 784 2836 Johanna
809 2758 846 2835 la
869 2759 1044 2847 Ramere,
1071 2759 1201 2837 relicta
1225 2757 1393 2836 defuncti
1411 2757 1512 2835 Petri
1536 2756 1583 2833 de
1607 2757 1698 2845 an,
1722 2755 1769 2832 de

337 2903 458 2963 morte
479 2885 568 2965 dicti
585 2889 710 2966 mariti
726 2891 783 2968 sui
800 2889 1086 2982 denunciando,
1104 2892 1370 2998 insequeretur
1382 2889 1538 2966 Petrum
1554 2888 1602 2965 de
1621 2888 1772 2966 Sancta—

337 3014 547 3111 Genovefa,
576 3021 802 3101 servientem
827 3023 973 3102 domini
998 3024 1109 3134 Regis
1132 3026 1171 3101 in
1197 3022 1433 3131 prepositura
1455 3012 1770 3128 Compendie'nsi,

337 3165 387 3241 et,
401 3150 519 3228 adsui
534 3152 814 3248 defensionem,
827 3155 951 3234 dictus
960 3157 1125 3235 serviens
1135 3171 1382 3264 proponeret,
1397 3154 1649 3243 insectatore,
1666 3152 1771 3258 quod

336 3279 568 3359 Guillelmus
591 3284 804 3373 Thiboudi,
826 3304 918 3363 tunc
933 3286 1094 3364 ballivus
1120 3284 1422 3376 silvanectensis,
1447 3284 1575 3362 eidem
1595 3283 1771 3361 servienti

286 3499 289 3506 ¹
337 3430 375 3487 et
403 3414 587 3491 consociis
613 3417 691 3494 suis
715 3434 933 3524 preceperat
952 3418 1057 3524 quod
1075 3419 1147 3525 ipsi
1169 3418 1314 3495 dictum
1344 3418 1498 3493 Petrum
1519 3416 1567 3493 de
1592 3416 1683 3504 Bus,
1704 3416 1772 3522 qui

335 3542 516 3623 bannitus
536 3565 616 3623 erat
635 3549 683 3625 de
703 3576 838 3657 regno,
859 3567 1036 3658 caperent
1053 3551 1180 3628 vivum
1201 3548 1259 3626 vel
1276 3547 1489 3637 mortuum,
1511 3564 1550 3625 et
1568 3547 1773 3625 redderent

338 3674 463 3752 eidem
487 3675 641 3767 ballivo,
665 3697 704 3756 et
720 3682 826 3787 quod
853 3699 983 3789 postea
1005 3684 1110 3759 idem
1138 3682 1302 3758 serviens
1321 3678 1535 3785 predictum
1553 3677 1770 3768 bannitum,

336 3806 531 3885 inventum
542 3810 581 3885 in
591 3838 709 3916 regno
728 3829 820 3889 etse
835 3811 1124 3901 defendentem,
1143 3812 1278 3890 virtute
1295 3810 1459 3888 mandati
1474 3810 1651 3916 predicti,
1665 3839 1773 3917 cepe-

336 3956 395 4014 rat
419 3955 471 4027 et,
495 3941 692 4046 capiendo,
712 3944 984 4034 vulneraverat,
1005 3944 1302 4050 reddideratque
1318 3943 1442 4050 ipsum
1462 3960 1611 4048 captum
1631 3940 1771 4020 ballivo

336 4069 524 4175 predicto,
540 4100 769 4180 quamquam
781 4091 911 4180 postea
925 4094 1099 4155 mortuus
1114 4076 1229 4155 fuerit
1244 4103 1287 4153 ex
1301 4072 1567 4153 vulneracione
1582 4073 1770 4180 predicta:

338 4201 525 4290 Tandem,
547 4204 722 4311 inquesta
741 4233 856 4313 super
875 4206 949 4284 hiis
969 4207 1017 4284 de
1039 4207 1219 4284 mandato
1239 4206 1343 4282 curie
1360 4221 1487 4283 nostre
1505 4203 1617 4295 facta,
1640 4206 1713 4281 visa
1735 4222 1774 4281 et

338 4331 541 4443 diligenter
556 4336 779 4427 examinata,
801 4338 1003 4444 auditaque
1022 4366 1137 4445 super
1155 4338 1230 4415 hoc
1248 4334 1438 4414 relacione
1454 4335 1543 4412 dicti
1557 4333 1770 4426 Guillelmi,

339 4491 407 4569 per
421 4464 612 4573 judicium
632 4469 737 4547 curie
756 4487 901 4559 nostre,
925 4468 1048 4547 dictus
1065 4469 1199 4547 Petrus
1220 4467 1269 4544 de
1286 4464 1624 4545 Sancta-Genovefa
1645 4493 1664 4540 a
1685 4493 1772 4569 pre-

327 4595 439 4675 -dicto
460 4598 635 4694 crimine,
658 4599 733 4679 sibi
755 4601 949 4708 imposito,
972 4600 1046 4678 fnit
1063 4600 1232 4679 totaliter
1253 4596 1457 4675 absolutus.
1535 4695 1537 4698 Ι

394 4728 501 4807 Lune
519 4731 700 4838 predicta.

396 4992 488 5073 CVI.
519 4997 728 5090 Questione
748 5017 866 5091 mota,
887 5000 1051 5079 incuria
1070 5017 1214 5093 nostra,
1239 4998 1362 5107 primo
1386 4996 1485 5074 inter
1504 4994 1623 5073 Adam
1643 4995 1770 5087 Halot,

340 5124 432 5202 dum
456 5126 609 5220 viveret,
632 5150 671 5208 et
690 5132 848 5221 deinde,
870 5148 957 5237 post
975 5133 1095 5239 ipsius
1118 5131 1284 5220 obitum,
1304 5131 1403 5208 inter
1421 5125 1641 5216 Ysabellim,
1664 5124 1773 5202 relic-

425 5302 477 5345 us
499 5302 583 5348 orna.
606 5308 655 5354 m.
1606 5280 1646 5343 63
