4450 6209
750 723 1018 831 nuoutrss
1043 740 1108 813 ar
1134 720 1340 815 ruccas.
1683 739 1754 814 aar

384 880 497 958 ›llLV.
527 878 625 959 (lum
643 882 1049 989 procuratoreplsecpi
1070 880 1476 981 Lodorensis,nomiue
1496 912 1567 961 suo
1585 902 1625 963 et
1642 884 1756 963 eecle-
1794 898 1924 955 Passim
1935 897 1978 958 rt,

333 1006 682 1117 sieeueprudicte,
698 1029 823 1095 coram
843 1014 955 1092 nobis
971 1030 1203 1120 proponeret
1220 1014 1327 1120 qnod
1348 1014 1472 1092 dictus
1493 1016 1690 1123 episcopus
1717 1034 1756 1095 et
1856 993 1919 1037 Μ’

333 1136 487 1237 ecelesia
508 1137 737 1226 bddorlsusis
755 1144 938 1251 predicta,
961 1170 1109 1241 necnon
1128 1145 1291 1222 barones
1312 1162 1351 1223 et
1363 1144 1431 1222 alii*
1444 1146 1592 1223 nobiles
1612 1148 1756 1255 episooe

331 1288 441 1375 patus
454 1272 631 1378 predicti,
648 1292 725 1351 tarn
742 1276 790 1353 de
801 1275 904 1382 jure,
918 1300 1098 1383 quamsit
1112 1274 1240 1382 uigore
1255 1274 1441 1383 privilegii
1461 1277 1554 1384 regii
1570 1294 1608 1355 et
1626 1282 1755 1357 arresti

332 1401 594 1501 curie'rrostfre,
610 1406 790 1511 quamde
801 1432 873 1484 uso
889 1420 928 1483 et
939 1406 1214 1485 consuetudine
1225 1407 1268 1484 in
1282 1406 1614 1516 dicto'episcopatu
1629 1410 1756 1507 obser

330 1528 437 1623 vius,
453 1551 590 1629 etanta
601 1516 774 1645 tempore
788 1534 1087 1646 cujusicontrarii
1107 1538 1380 1635 memorianus
1393 1539 1533 1629 existit,
1550 1538 1705 1619 fuerunt
1718 1560 1757 1619 et

331 1680 421 1741 sunt
433 1665 478 1741 in.
489 1660 796 1779 possessioneosl
811 1666 917 1776 quasi
931 1668 1042 1745 leuda
1054 1669 1185 1746 suain
1202 1668 1369 1763 solidum
1386 1669 1449 1747 rel
1460 1670 1500 1745 in
1513 1688 1618 1776 parte
1635 1689 1756 1767 retro·

329 1793 501 1885 feudare,
520 1824 586 1875 seu
604 1798 686 1875 aliis
698 1798 1017 1894 in'ratrofcudnm
1038 1798 1247 1897 concedere
1268 1816 1308 1877 et
1320 1798 1499 1891 alienare,
1517 1830 1559 1877 ac
1578 1798 1696 1878 eciam
1715 1803 1754 1879 in

331 1925 503 2005 ecclesias
523 1924 562 2005 et
578 1927 842 2007 ecclesiumcas
857 1928 1002 2008 stulius
1014 1955 1259 2037 quascunque
1272 1956 1468 2035 personas,
1483 1928 1753 2038 quovis'titnlo,

329 2072 597 2162 transpsortare,
623 2086 772 2137 necnon
796 2076 973 2140 essenus
999 2058 1247 2151 surerenas
1272 2078 1308 2137 et
1328 2060 1507 2153 incultas,
1528 2061 1611 2156 aliis
1637 2062 1755 2141 eciam

308 2220 312 2226 ·
329 2186 570 2265 ruralibuset
587 2188 823 2286 innobilibus¹
839 2173 1012 2296 personis
1031 2192 1071 2267 in
1092 2191 1357 2297 emphiteosim
1373 2192 1423 2269 ad
1437 2209 1583 2270 eertum
1596 2222 1754 2271 censum

330 2315 551 2397 saucertam
566 2318 760 2399 furcarum
780 2321 999 2428 porcionem
1016 2322 1223 2401 concedere
1238 2341 1277 2400 et
1289 2323 1453 2430 majores
1462 2322 1654 2401 fructum
1668 2350 1755 2433 por·

329 2448 455 2530 dones
473 2450 523 2531 ad
540 2448 714 2529 minores
724 2452 783 2530 rel
802 2452 850 2529 ad
871 2479 1026 2531 censum
1046 2451 1246 2541 reducere,
1264 2469 1303 2529 et
1317 2452 1494 2530 homines
1512 2480 1603 2531 suos
1621 2452 1755 2531 affran-

330 2580 432 2659 cbire
452 2599 526 2679 sta
545 2578 788 2661 servitutibus
802 2582 978 2678 liberam
1007 2600 1045 2661 et
1057 2584 1227 2689 predicta
1242 2583 1370 2660 omnis
1387 2600 1427 2661 et
1445 2582 1592 2689 singula
1610 2584 1752 2675 facere,

329 2710 481 2818 recepta¹
491 2712 549 2790 uel
564 2740 641 2791 non
654 2730 803 2821 recepta
821 2714 998 2819 pecunia,
1012 2712 1071 2791 rel
1085 2711 1161 2791 alio
1176 2711 1397 2801 commodet
1411 2740 1481 2819 pro
1491 2714 1630 2793 eorum
1644 2715 1754 2813 libito

328 2840 552 2933 voluntatis,
566 2842 708 2952 abque
725 2846 842 2924 nostri
865 2844 926 2921 rel
946 2842 1162 2922 officialium
1183 2860 1402 2921 nostrorum
1419 2843 1577 2921 licencia
1592 2845 1652 2923 vel
1665 2874 1754 2925 eon·

329 2997 460 3065 sensu,
484 2992 523 3051 et
539 2974 682 3083 absque
700 2972 823 3083 aliqua
842 2974 1004 3056 licencia
1015 2973 1074 3052 uel
1089 2972 1309 3051 redevanciu
1324 2974 1435 3053 nobis
1445 2975 1511 3066 ¹vel
1522 2975 1754 3057 'officialibus

330 3106 483 3195 nostris,
508 3103 812 3211 pro'premissis,
838 3106 1057 3213 prestanda,
1080 3104 1350 3182 nichilominus
1375 3106 1549 3184 nonnulli
1577 3106 1754 3187 officiales

330 3237 446 3313 nostri
462 3236 631 3314 indebite
646 3251 684 3315 et
703 3238 751 3315 de
770 3264 886 3325 novo,
905 3253 950 3315 ut
964 3237 1157 3325 dicebant,
1174 3254 1304 3313 contra
1320 3234 1481 3315 formam
1495 3237 1753 3345 predictorum

329 3366 511 3475 privilegii
532 3385 569 3444 et
588 3368 717 3446 arresti
738 3368 830 3447 etin
844 3366 1096 3474 prejudicium
1114 3367 1277 3474 episcopi
1294 3385 1332 3443 et
1353 3366 1508 3446 ecclesie
1522 3367 1750 3473 supradicte,

330 3526 475 3578 necnon
491 3514 619 3578 contra
629 3501 733 3608 jura,
748 3499 941 3577 libertates
955 3516 996 3576 et
1015 3497 1291 3587 immunitates,
1309 3497 1606 3597 consuetudines
1621 3518 1660 3577 et
1673 3529 1754 3607 pos

328 3632 528 3722 sessiones,
541 3629 598 3710 vel
613 3634 737 3738 quasi,
755 3630 919 3739 episcopi
938 3647 976 3709 et
990 3627 1146 3707 ecclesie
1160 3629 1435 3735 predictorum,
1450 3660 1470 3706 a
1485 3628 1648 3709 subditis
1662 3631 1752 3708 dicti

329 3762 492 3871 apscopi
505 3780 545 3841 et
558 3762 713 3843 ecclesie
729 3763 1006 3842 todmmmm
1024 3778 1067 3839 et
1084 3760 1328 3840 vassallorum
1348 3759 1590 3851 eorumdem,
1607 3760 1753 3871 exigere
1839 3771 1844 3777 “

328 3892 507 3972 financius
520 3922 589 4002 pro
601 3894 794 4003 premissis
808 3892 1057 3972 mittebantur
1070 3892 1230 4001 injuste;
1243 3920 1360 3999 quara
1371 3890 1524 3997 petebat
1533 3911 1754 3999 procurator

328 4025 536 4131 predictus,
554 4022 777 4104 nominibus
796 4024 939 4131 quibus
955 4051 1084 4129 supra,
1101 4023 1411 4132 pernospreeipi
1428 4021 1652 4102 officialibus
1666 4052 1753 4103 nos-

327 4155 397 4231 tris
414 4155 517 4262 quod
533 4156 604 4263 ipsi
620 4183 641 4232 a
660 4154 760 4231 dicta
780 4153 972 4231 exactione
1008 4153 1191 4236 dictarum
1210 4154 1455 4233 linauciarum
1476 4154 1516 4229 in
1535 4152 1753 4260 episcopatu

327 4284 557 4392 predictae
579 4313 599 4363 a
622 4283 785 4365 subditis
805 4284 1041 4391 episcopatus
1067 4284 1257 4390 ejusdem,
1279 4312 1349 4389 pro
1373 4284 1490 4364 rebus
1508 4284 1591 4361 sitis
1614 4285 1653 4360 in
1674 4286 1755 4391 epi·

330 4436 483 4525 scopatu
497 4418 705 4503 antedicto,
728 4432 877 4495 cessent
891 4413 1060 4493 totaliter
1079 4430 1123 4491 et
1141 4412 1339 4503 desistant,
1357 4431 1398 4490 et
1415 4414 1537 4520 quod,
1560 4414 1754 4491 occasione

328 4548 512 4655 predicta,
529 4548 650 4647 dictos
665 4544 887 4654 episcopum
904 4562 941 4645 et
956 4544 1151 4623 ecclesiam
1166 4545 1407 4623 Lcdoveuses
1426 4559 1464 4619 et
1478 4536 1649 4622 subditos
1663 4543 1754 4621 dieti

330 4680 580 4787 episcopatus,
605 4678 767 4757 ulterius
791 4677 840 4755 de
864 4692 991 4755 cetero
1017 4703 1095 4754 non
1122 4674 1606 4781 molestent;›procurstore
1625 4692 1755 4753 nostro

332 4811 546 4889 senescallie
560 4807 865 4891 Carcassouensis
881 4806 1172 4910 subterrenas,
1188 4805 1364 4913 pluribus
1380 4805 1608 4894 racionibus,
1631 4832 1677 4883 ex
1690 4806 1755 4883 ad-

331 4968 437 5018 verso
452 4940 601 5019 dicente
616 4940 724 5049 quud
737 4968 810 5023 nus¹
823 4955 862 5017 et
880 4937 1194 5017 officiales-nostri
1207 4936 1425 5015 senescallie
1440 4937 1609 5042 predicte
1624 4964 1757 5039 suiuus

332 5090 370 5149 et
385 5072 433 5151 ab
454 5072 609 5179 antiquo
629 5071 776 5150 luirmss⁴
791 5072 829 5147 in
844 5068 997 5176 pacifica
1015 5068 1150 5147 saisina
1166 5066 1320 5145 levandi·
1332 5086 1371 5145 et
1382 5067 1615 5175 percipiendi
1635 5064 1757 5141 fiuan-
