4450 6209
528 720 602 793 352

301 875 432 933 Partim
444 876 488 939 tv,
582 864 682 943 Jovis
696 865 876 975 predicta,

363 972 426 1017 ius.
528 975 534 983 ·

585 1128 627 1208 C.
658 1126 757 1207 Cum
778 1126 925 1205 ducissa
939 1126 1186 1235 Lothoringie
1205 1128 1308 1206 curie
1328 1142 1454 1206 nostre
1469 1142 1674 1235 conquesta
1689 1125 1821 1207 brisset
1833 1128 1943 1236 quod,

528 1276 674 1365 postet
697 1276 824 1337 contra
845 1257 1142 1366 appellacionem
1167 1256 1214 1335 ab
1239 1258 1318 1364 ipsa
1339 1257 1388 1337 ad
1412 1257 1610 1336 dominum
1630 1259 1771 1367 Regem
1791 1258 1946 1365 interpo

526 1389 636 1468 sitam
664 1418 686 1465 a
710 1391 814 1467 curia
838 1388 1119 1478 d’Audenarde,
1143 1388 1290 1469 comitis
1314 1386 1506 1479 Flandrie,
1533 1416 1554 1464 a
1580 1386 1746 1497 quodam
1760 1387 1943 1497 judicato,

526 1549 595 1627 per
615 1520 791 1599 homines
816 1521 914 1598 dicte
941 1520 1044 1599 curie
1065 1548 1180 1627 super
1199 1522 1272 1599 hoc
1298 1520 1441 1599 adicto
1460 1519 1597 1600 comite
1618 1520 1848 1629 conjuratos,
1869 1546 1946 1599 con

527 1668 584 1727 tra
602 1652 722 1757 ipsam
740 1651 838 1729 sacto
856 1678 926 1759 pro
950 1650 1063 1729 fratre
1082 1652 1253 1731 iohanne
1273 1649 1321 1728 de
1340 1652 1473 1741 Berre,
1495 1650 1645 1729 racione
1664 1652 1772 1729 castri
1795 1666 1835 1728 et
1851 1665 1945 1728 terre

529 1781 577 1858 de
597 1782 730 1871 Revre,
752 1780 876 1860 dictus
900 1808 1028 1860 comes
1051 1799 1091 1859 et
1109 1782 1192 1889 ejus
1211 1782 1313 1858 curia
1332 1780 1499 1889 predicta
1518 1778 1626 1889 plura
1648 1796 1947 1886 attemptaverant

530 1928 660 1989 contra
683 1911 822 2017 ipsam,
848 1912 888 1988 in
913 1915 996 2019 ejus
1016 1910 1274 2019 prejudicium
1298 1927 1337 1987 et
1361 1910 1461 1990 dicte
1484 1908 1751 2019 appeliacionis
1772 1936 1839 1988 sue
1864 1938 1946 1987 con·

529 2057 738 2147 temptum,
754 2059 793 2120 et
806 2059 934 2120 contra
952 2041 1257 2150 prohibicionem
1276 2042 1471 2121 servientis
1490 2040 1635 2120 domini
1652 2039 1762 2149 Regis
1778 2038 1946 2119 habentis

529 2170 976 2279 superbocpotestatem,
988 2174 1073 2281 qui,
1089 2172 1215 2251 statim
1228 2189 1314 2281 post
1325 2172 1621 2280 appellacionem
1636 2170 1861 2278 predictam,
1879 2170 1947 2249 dic

529 2320 606 2378 tam
627 2301 814 2381 ducissam
836 2321 875 2381 et
898 2304 980 2411 ejus
1002 2302 1103 2382 bona
1128 2304 1271 2411 recepit
1288 2302 1328 2380 in
1352 2303 1467 2412 garda
1491 2320 1528 2381 et
1546 2302 1780 2411 protectione
1805 2302 1945 2381 domini

530 2433 654 2540 Regis,
673 2431 883 2513 inhibendo
900 2434 971 2527 eis,
988 2451 1150 2542 exparte
1166 2434 1311 2512 domini
1327 2434 1454 2543 Regis,
1469 2462 1517 2512 ne
1533 2432 1678 2542 aliquid
1688 2447 1818 2511 contra
1831 2433 1945 2540 ipsam

529 2580 811 2670 attemptarent,
828 2565 1025 2673 requirens
1043 2565 1142 2643 dicta
1159 2581 1375 2673 attemptata
1397 2565 1552 2644 omnino
1572 2563 1753 2656 revocari,
1770 2562 1872 2641 etad
1887 2562 1947 2641 de

465 2731 467 2734 ·
529 2694 654 2771 bitum
680 2711 817 2772 statum
837 2696 970 2774 reduci
991 2728 1001 2773 ι
1021 2697 1131 2773 Facta
1151 2722 1264 2803 snper
1287 2694 1361 2772 hiis
1383 2695 1493 2773 certis
1519 2692 1756 2773 auditoribus
1779 2693 1948 2775 commis·

531 2825 658 2916 sione,
681 2842 720 2901 et
738 2825 909 2933 inquesta
927 2855 1041 2934 super
1058 2825 1254 2935 predictis,
1274 2826 1412 2905 uocatis
1431 2825 1616 2936 partibus,
1634 2824 1728 2905 facta
1743 2843 1781 2903 et
1799 2826 1849 2903 ad
1868 2854 1948 2904 nos·

530 2972 627 3031 tram
651 2955 795 3033 curiam
817 2974 1027 3065 reportata,
1047 2957 1124 3035 visa
1148 2974 1185 3034 et
1209 2956 1409 3065 diligenter
1432 2956 1655 3045 omninum,
1679 2956 1871 3035 inventum
1897 2972 1947 3033 est

531 3083 761 3164 sufficienter
776 3085 980 3194 probatum
995 3086 1100 3195 quod
1117 3087 1240 3165 dictus
1259 3116 1384 3166 comes
1402 3104 1440 3166 et
1454 3088 1628 3166 homines
1647 3086 1747 3165 dicte
1766 3086 1887 3175 curie,
1903 3086 1945 3163 ab

531 3244 576 3294 eo
597 3216 800 3325 conjurati,
813 3214 950 3327 postet
964 3236 1092 3297 contra
1106 3218 1404 3329 appellacionem
1418 3219 1643 3326 predictam,
1657 3217 1766 3326 plura
1781 3216 1946 3297 fecerunt

530 3348 568 3421 in
588 3346 759 3453 predicto
778 3347 937 3458 negocio
952 3348 1121 3456 judicata
1145 3349 1336 3458 predicto
1356 3349 1468 3427 fratre
1488 3349 1658 3427 iohanne
1678 3364 1807 3426 contra
1830 3348 1945 3425 ducis·

529 3506 607 3554 sam
627 3477 853 3584 predictam,
874 3476 1049 3559 videlicet
1062 3479 1272 3587 judicando
1293 3480 1439 3557 dicturn
1459 3478 1611 3557 fratrem
1633 3478 1844 3557 Johannem
1863 3506 1947 3557 con·

527 3625 582 3683 tra
603 3607 741 3685 dictam
762 3609 950 3687 ducissam
968 3609 1156 3687 lucratum
1180 3608 1297 3687 fuisse
1316 3638 1466 3689 causam
1484 3637 1612 3698 suam,
1633 3610 1747 3698 item,
1770 3608 1874 3715 quod
1891 3637 1947 3686 re·

530 3736 717 3842 ciperetur
732 3737 780 3814 ad
802 3739 976 3816 saisinam
995 3756 1096 3816 terre
1117 3738 1164 3818 de
1179 3739 1318 3832 Bevre,
1337 3740 1450 3836 item,
1467 3740 1571 3847 quod
1592 3739 1725 3817 saisina
1735 3738 1835 3817 dicte
1854 3757 1945 3817 terre

531 3865 806 3945 deliberaretur
821 3868 966 3960 eidem,
985 3868 1094 3961 item,
1112 3869 1235 3975 quod,
1253 3898 1321 3975 per
1339 3898 1454 3947 unam
1470 3869 1652 3949 festucam
1668 3897 1737 3948 scu
1752 3869 1943 3977 virgum,

531 3994 602 4073 suit
613 3996 661 4073 de
679 4025 722 4074 ea
741 3998 953 4089 investitus,
969 3999 1149 4107 quodque
1167 3998 1290 4079 dictus
1307 4028 1435 4080 comes
1449 4001 1509 4081 vel
1520 4002 1602 4110 ejus
1615 4018 1762 4111 gentes,
1777 4000 1825 4079 de
1838 4000 1946 4107 ipsius

531 4128 730 4219 mandato,
753 4128 897 4207 dictum
919 4129 1072 4209 fratrem
1091 4131 1304 4209 Johannem
1324 4132 1533 4239 posuerunt
1553 4131 1594 4209 in
1611 4132 1746 4211 saisina
1764 4131 1943 4209 dictorum

530 4259 637 4335 castri
659 4276 697 4336 et
717 4279 835 4353 terre,
851 4261 940 4365 licet
960 4263 1093 4340 eadem
1112 4261 1261 4352 ducissa
1280 4263 1424 4341 ibidem
1440 4262 1598 4341 haberet
1613 4279 1651 4343 et
1663 4278 1810 4343 teneret
1825 4278 1945 4370 gentes

529 4417 632 4481 suas,
649 4391 747 4469 sicut
764 4393 960 4472 inventum
976 4411 1034 4471 est
1046 4421 1116 4500 per
1130 4394 1341 4501 inquestam
1356 4393 1581 4501 predictam,
1598 4394 1778 4502 quodque
1798 4392 1943 4501 quidam

529 4519 578 4595 de
597 4520 818 4619 bominibus
839 4523 938 4603 dicte
962 4524 1065 4603 curie
1084 4541 1369 4632 procuratorem
1390 4522 1488 4602 dicte
1514 4523 1678 4617 ducisse,
1701 4524 1784 4631 ejus
1800 4520 1945 4631 negocia

529 4670 845 4757 prosequentem,
870 4654 1160 4733 verberaverunt
1187 4671 1225 4732 et
1248 4655 1386 4732 multas
1412 4655 1539 4733 eidem
1564 4654 1720 4763 injurias
1743 4652 1944 4733 intulerunt

529 4784 609 4883 ipsa
620 4780 681 4859 die
698 4813 772 4891 qua
787 4784 909 4863 extitit
922 4785 1174 4895 appellatum3
1191 4785 1396 4875 etidcirco,
1408 4814 1478 4893 per
1492 4786 1594 4863 curie
1606 4782 1939 4893 nostrejudicium,
1980 4770 1982 4777 ¹

529 4926 604 4985 tam
625 4908 723 4987 dicta
740 4913 906 5020 judicata
933 4944 1048 5023 quam
1066 4916 1287 4995 investitura
1307 4934 1346 4993 et
1367 4915 1496 4994 missio
1521 4916 1612 4993 dicti
1631 4914 1755 4993 fratris
1772 4910 1942 4993 Jcbnnnis

529 5038 567 5111 in
588 5036 721 5117 saisina
743 5042 932 5122 dictorum
955 5046 1063 5125 castri
1090 5063 1129 5124 et
1147 5063 1247 5125 terre
1273 5046 1320 5125 de
1341 5046 1472 5134 Bene,
1493 5064 1534 5125 et
1552 5045 1735 5153 quioquid
1755 5074 1798 5123 er
1823 5045 1876 5123 eis
1890 5068 1942 5119 se-
