4450 6209
510 686 582 758 632
890 625 896 638 ι
1092 687 1181 759 LES
1210 685 1348 761 OLIM.

283 836 412 890 rernm
425 833 468 896 W·
504 840 545 902 et
557 841 777 932 procurator
790 825 1110 936 Petragoricenses
1126 853 1195 934 pro
1207 826 1361 905 domino
1373 829 1486 937 Rege,
1503 855 1546 904 ex
1560 826 1691 915 altera,
1708 825 1758 902 de
1771 823 1927 931 quibus·

342 928 406 971 ”¹¹⁰
505 955 592 1032 darn
603 955 718 1035 rebus
731 976 768 1035 et
778 955 1106 1067 jurisdicionibus,
1121 958 1194 1036 sub
1206 960 1318 1036 certis
1336 957 1560 1037 condicione
1574 975 1612 1036 et
1624 958 1757 1044 lorma,
1772 984 1924 1061 permu-

503 1087 688 1166 tacioncm
709 1087 898 1179 fecissent,
920 1105 1064 1167 retente
1079 1117 1193 1196 super
1203 1090 1277 1168 boc
1291 1088 1439 1169 domini
1453 1090 1564 1199 Regis
1574 1091 1784 1176 voluntate,
1807 1087 1922 1164 stdo-

500 1218 629 1296 minus
651 1220 728 1297 Rex
751 1219 876 1298 eidem
897 1218 1103 1298 senescallo
1122 1219 1337 1300 mandasset
1355 1237 1399 1298 nt
1420 1220 1517 1326 ipse,
1538 1236 1666 1300 vocato
1682 1233 1920 1325 procuratore

499 1377 567 1425 suo
591 1365 629 1426 et
645 1349 726 1428 aliis
749 1350 961 1444 evocandis,
987 1351 1195 1458 inquireret
1211 1350 1415 1458 diligenter
1433 1351 1465 1428 si
1485 1350 1583 1429 diota
1600 1349 1835 1458 permutacio
1853 1347 1919 1426 sibi

498 1497 597 1558 esset
611 1481 730 1574 utilis,
754 1500 792 1560 et
811 1483 882 1562 sibi
903 1483 1113 1561 remitteret
1133 1482 1317 1592 quicquid
1336 1511 1451 1589 super
1469 1483 1543 1560 hoc
1566 1481 1768 1569 inveniret,
1791 1497 1835 1557 ut
1857 1508 1920 1586 per

496 1608 569 1688 hoc
595 1631 787 1719 appareret
809 1602 843 1692 *si
876 1614 1014 1692 dictam
1040 1613 1363 1720 permutacionem
1394 1612 1616 1692 confirmare
1643 1612 1703 1690 vel
1731 1611 1918 1690 infirmare

496 1738 670 1820 deberet:
681 1745 767 1824 Visa
785 1745 957 1852 inquesta
973 1773 1086 1851 super
1098 1744 1172 1822 hoc
1186 1772 1255 1851 per
1268 1743 1425 1852 Helyam
1441 1743 1490 1821 de
1503 1743 1717 1831 Creicbaco,
1729 1740 1915 1831 clericum,

497 1877 546 1954 ad
555 1870 644 1966 hoc,
660 1902 728 1984 per
740 1876 885 1954 dictum
896 1873 1164 1964 senescallum,
1180 1873 1539 1982 deputatum,facta,
1550 1889 1706 1981 propter
1717 1872 1847 1979 plures
1858 1873 1918 1950 de·

496 2007 614 2086 lectus
626 2007 664 2082 in
680 2033 723 2084 ea
734 2022 915 2114 repertos,
929 2006 1032 2083 curia
1045 2023 1174 2084 nostra
1186 2033 1264 2084 non
1273 2005 1457 2113 judicavit
1468 2005 1681 2111 inquestam
1695 2004 1914 2112 predictam

496 2139 563 2216 ssd
575 2139 709 2216 iterato
721 2138 815 2216 lacta
826 2155 882 2216 est
896 2165 1010 2244 super
1022 2138 1098 2216 hoc
1110 2136 1327 2215 commissio
1337 2137 1459 2245 judici
1479 2137 1672 2215 ordinario
1686 2136 1913 2222 Caturcensi,

495 2271 655 2378 quodde
665 2269 842 2378 predictis
854 2270 1030 2377 inquirat,
1044 2269 1255 2348 secundum
1266 2286 1440 2348 tenorem
1447 2268 1721 2347 commissionis
1732 2267 1803 2346 sibi
1812 2266 1914 2346 lacte.

549 2403 590 2477 ln
607 2401 757 2480 octabas
773 2399 874 2479 beati
891 2399 1266 2505 lobannis-baptiste.

550 2667 610 2743 XI.
641 2663 802 2742 Rutulus
832 2664 1031 2742 continens
1059 2680 1274 2770 requestam
1305 2661 1520 2741 francorum
1549 2662 1748 2741 hominum
1778 2663 1915 2742 Sancti·

491 2794 879 2872 Amancii-in-Pabula
898 2823 1134 2873 cumeorum
1156 2792 1290 2871 cedula
1310 2793 1487 2903 sigillata,
1508 2811 1653 2872 etcum
1674 2795 1913 2902 responsione

492 2955 559 3033 per
576 2925 718 3004 curiam
733 2926 787 3003 eis
798 2925 909 3014 lacta,
932 2925 1045 3003 estin
1062 2954 1168 3004 sacco
1188 2925 1446 3032 inquestarum
1463 2924 1577 3033 hujus
1588 2924 1823 3031 parlamenti.

547 3059 594 3134 Et
604 3057 702 3135 dicta
714 3057 908 3162 responsio
922 3057 1096 3134 similiter
1108 3074 1165 3136 est
1175 3057 1310 3164 scripta
1324 3052 1435 3164 supra
1445 3057 1485 3133 in
1497 3057 1569 3136 isto
1582 3055 1697 3146 libro,
1715 3057 1755 3134 in
1769 3058 1913 3135 arrectis

491 3187 578 3265 dicti
598 3188 832 3294 parlamenti.

844 3675 1118 3790 ruounsra
1147 3678 1218 3764 nr
1248 3677 1557 3769 processus

608 3933 675 3984 ssu
693 3933 823 3984 Gustata
843 3933 1001 3985 JUDlGlTl
1022 3933 1056 3984 ΙΝ
1076 3933 1308 3987 remansuro
1328 3935 1536 3988 OCTABARUH
1555 3932 1789 4001 sumnonem,

787 4147 862 4192 tutto
883 4148 991 4192 votnm
1014 4148 1181 4198 tttttnsnto
1202 4148 1426 4194 'mmmm
1449 4149 1612 4193 nanterus.

537 4365 565 4441 l.
597 4347 679 4444 Lite
694 4383 812 4456 mota,
830 4393 956 4444 coram
970 4367 1164 4474 preposito
1184 4365 1469 4458 silvanectensi,
1490 4368 1590 4445 inter
1604 4367 1822 4474 episcopum
1836 4367 1905 4446 Sil-

480 4513 759 4586 vanectensem,
781 4525 825 4574 ex
845 4514 951 4603 parte
971 4524 1063 4586 nna,
1080 4515 1119 4576 et
1132 4498 1315 4606 majorem
1334 4515 1373 4576 et
1384 4499 1529 4607 juratos
1544 4498 1853 4588 silvanectenses,
1864 4528 1904 4576 er

481 4623 610 4718 altera,
628 4655 741 4734 super
760 4629 893 4706 saisina
910 4628 1106 4736 cujusdam
1125 4629 1283 4707 latronis
1302 4629 1398 4736 capti
1414 4630 1453 4706 in
1472 4631 1640 4736 quodam
1661 4629 1756 4721 loco,
1771 4631 1903 4736 dequo

481 4756 645 4833 ostensio
664 4756 757 4834 facts
776 4758 915 4847 fuerat,
933 4776 976 4837 ut
993 4759 1204 4850 dicebatur,
1227 4776 1266 4837 et
1285 4760 1374 4867 quia
1394 4760 1485 4838 dicti
1505 4761 1626 4868 major
1645 4776 1683 4838 et
1697 4760 1830 4868 jurati,
1847 4789 1903 4837 co-

478 4913 558 4963 ram
583 4887 685 4966 dicto
709 4891 920 4996 preposito,
946 4891 986 4967 in
1008 4891 1260 4982 dictamum,
1286 4908 1372 4999 post
1396 4892 1655 4970 ostencionem
1682 4891 1901 4999 hujusmodi

478 5014 627 5110 factam,
647 5019 758 5124 positi
778 5019 925 5099 luserant
943 5023 983 5099 in
1005 5021 1172 5116 defectu,
1192 5022 1340 5102 dicebat
1359 5023 1462 5102 idem
1483 5024 1679 5132 episcopus
1697 5024 1819 5131 quod,
1837 5050 1900 5129 pro
