4450 6209
440 677 512 746 172
600 621 609 639 ⁸
1005 673 1098 745 cns
1124 671 1265 744 3131.

209 823 396 888 emnam,
492 815 605 892 XXX.
636 816 734 895 Cum
758 833 890 922 gentes
915 813 1144 891 dilectorum
1162 814 1283 890 Bichii
1304 831 1343 890 et
1362 813 1572 904 Moucheti‚
1590 813 1757 889 militum
1777 841 1863 891 nos·

269 916 333 960 Μ’
437 964 602 1035 trorum,
620 947 669 1024 de
683 946 862 1023 mandato
878 974 1011 1022 eorum
1026 961 1072 1022 ut
1087 943 1238 1032 dicitur,
1254 944 1448 1021 occasione
1462 942 1565 1020 tallie
1580 944 1738 1051 singulis
1751 945 1864 1021 Lum-

436 1078 564 1156 bardis
584 1078 777 1185 imposito,
796 1078 969 1154 elaeoho
986 1075 1164 1184 Cypriani
1180 1075 1229 1152 de
1247 1075 1459 1164 Florencia,
1477 1103 1623 1150 moram
1636 1075 1810 1152 trahente
1822 1076 1863 1151 in

436 1209 645 1300 Britannia,
666 1210 709 1285 in
731 1208 819 1287 villa
839 1237 916 1314 que
936 1209 1076 1286 dicitur
1094 1206 1332 1296 Villa-Hates,
1353 1207 1558 1314 quamdam
1576 1207 1737 1311 pecunie
1760 1235 1864 1284 sum-

436 1368 537 1416 mam
555 1340 702 1449 exigere
716 1341 941 1429 niterentur,
963 1340 1097 1416 313313
1116 1337 1227 1414 certis
1242 1334 1468 1414 Lumbardis
1486 1336 1809 1414 commorantibus
1823 1338 1864 1413 in

433 1499 550 1578 regno
571 1489 717 1561 nostro,
741 1471 843 1548 dicto
860 1470 1001 1547 lacobo
1021 1467 1320 1558 contradicente,
1343 1483 1381 1544 et
1396 1467 1525 1573 plures
1543 1469 1713 1544 raciones
1732 1496 1865 1575 propo

433 1619 546 1680 nante
572 1632 689 1709 quare
717 1602 857 1677 dictam
881 1628 1069 1676 summam
1095 1598 1256 1705 pecunie
1282 1598 1442 1675 minime
1465 1599 1609 1676 solvere
1632 1599 1859 1676 tenebatur:

434 1735 622 1825 Tandem,
648 1730 787 1809 auditis
810 1729 998 1834 partibus,
1019 1743 1058 1804 et
1077 1728 1247 1833 inquesta
1270 1728 1318 1805 de
1338 1727 1516 1805 mandato
1537 1745 1666 1805 nostro
1688 1727 1783 1806 13313
1802 1757 1865 1806 su-

432 1893 502 1971 per
513 1867 605 1953 hoc,
622 1863 700 1939 visa
713 1876 752 1938 et
769 1859 971 1965 diligenter
987 1860 1209 1948 exaurinata,
1224 1889 1293 1966 per
1307 1859 1413 1939 curie
1429 1876 1555 1940 nostre
1566 1859 1775 1966 judicium,
1792 1859 1866 1936 dic

433 2014 516 2074 tum
538 1993 612 2076 1311
630 1989 845 2098 predictum
864 1990 1046 2069 Jacobum
1068 1991 1324 2072 intencionem
1351 2019 1458 2068 suam
1478 1989 1709 2068 sufficienter
1728 1993 1865 2098 proba-

433 2127 544 2214 visse,
563 2141 601 2202 et
615 2123 738 2198 dictos
752 2118 894 2201 milites
912 2119 959 2198 ab
977 2123 1168 2202 exactione
1183 2122 1352 2230 predicta
1367 2149 1511 2200 cessare
1530 2116 1683 2200 debere.

489 2252 666 2332 Mercurii
685 2267 772 2356 post
789 2250 1027 2330 Trinitatem.

489 2387 539 2464 Μ.
560 2386 685 2462 1)3333
705 2381 919 2491 reportavit.

488 2651 614 2728 XXXI.
626 2663 630 2670 '
644 2649 745 2733 Cum
764 2649 866 2729 inter
883 2649 1079 2757 religiosos
1092 2652 1192 2730 viros
1204 2650 1434 2730 abbatem-et
1453 2669 1680 2730 conventum
1699 2651 1864 2729 11311113-

431 2781 583 2871 331333,
599 2810 652 2876 Ι33
676 2810 751 2859 333
771 2793 893 2887 perte,
918 2799 958 2858 31
978 2782 1153 2860 homines
1172 2783 1261 2860 ville
1287 2784 1335 2860 de
1361 2783 1718 2870 Cheroinon-Villa,
1746 2812 1790 2859 ex
1811 2781 1864 2858 al-

431 2929 534 3002 tera,
555 2913 808 2992 controversia
832 2930 931 2990 33331
952 2941 1066 3021 super
1089 2940 1137 2990 33
1162 2915 1266 3019 quod
1288 2915 1378 2992 dicti
1402 2914 1568 3023 religiosi
1588 2911 1804 2992 asserebant
1822 2941 1862 2991 se

433 3072 513 3122 esse
532 3044 639 3123 etab
659 3045 816 3151 antiquo
835 3043 951 3124 luisse
971 3043 1011 3122 in
1027 3043 1181 3152 pacifice
1199 3046 1434 3153 possessione
1452 3046 1512 3124 vel
1529 3046 1636 3154 quasi
1656 3043 1804 3125 levandi
1824 3061 1863 3122 et

429 3175 641 3281 recipiendi
668 3192 974 3256 manusmortuas
1001 3175 1047 3255 ab
1072 3177 1293 3255 hominihus
1317 3195 1356 3256 et
1380 3177 1606 3255 mulieribus
1632 3176 1729 3254 dicte
1753 3175 1859 3264 ville,

431 3308 480 3384 de
507 3336 640 3389 eorum
667 3308 944 3389 hereditatibus
970 3310 1217 3390 existentibus
1245 3312 1285 3390 in
1312 3311 1541 3404 dintavilla,
1568 3312 1645 3390 sive
1669 3310 1860 3388 territorio

428 3415 622 3548 ejusdem,
644 3443 991 3550 quocienscumque
1012 3443 1101 3521 dicti
1123 3444 1298 3522 homines
1318 3444 1393 3522 sive
1414 3444 1594 3521 mulieres
1614 3444 1695 3521 sine
1718 3441 1860 3519 herede

429 3570 477 3650 de
502 3601 573 3652 suo
593 3573 749 3680 proprio
772 3601 930 3680 corpore
954 3576 1181 3664 moriuntur,
1207 3575 1316 3653 dictis
1337 3575 1558 3652 hominibus
1578 3592 1617 3650 et
1636 3573 1861 3651 mulieribus

428 3703 469 3780 in
497 3703 728 3780 centrarium
756 3702 1010 3781 asserentibus
1036 3731 1076 3782 se
1101 3732 1183 3783 esse
1207 3721 1246 3782 31
1269 3705 1316 3782 ab
1341 3705 1498 3810 antiquo
1519 3703 1634 3780 131333
1655 3703 1696 3778 13
1713 3731 1861 3809 posses-

428 3835 535 3912 sione
561 3833 621 3910 vel
647 3833 773 3939 quasi,
800 3861 921 3940 usque
949 3835 997 3911 ad
1022 3836 1095 3912 hec
1116 3853 1303 3942 tempora,
1334 3835 1518 3914 libertatis
1547 3852 1585 3912 et
1609 3833 1861 3913 immunitatis

432 3963 573 4040 dictam
592 3983 939 4044 manummortuam
952 3995 1032 4046 uon
1050 3968 1280 4076 prestando:
1302 3968 1491 4059 Tandem,
1511 3966 1650 4044 auditis
1668 3963 1857 4074 partibus,

430 4112 469 4174 et
492 4095 665 4201 inquesta
689 4097 736 4172 de
764 4097 942 4176 mandato
966 4116 1095 4178 nostro
1122 4099 1218 4178 13313
1242 4129 1356 4207 super
1383 4101 1476 4189 hoc,
1497 4099 1572 4177 visa
1596 4114 1636 4176 et
1659 4098 1860 4206 diligenter

430 4227 653 4318 examinata,
675 4229 764 4334 quia
787 4229 983 4308 inventum
1002 4251 1059 4325 est
1079 4250 1118 4311 et
1140 4233 1344 4338 probatum
1365 4232 1484 4309 dictos
1504 4231 1700 4338 religiosos
1719 4257 1799 4306 esse
1820 4246 1859 4307 et

337 4447 341 4452 ,
429 4358 476 4436 ab
497 4359 651 4466 antiquo
665 4360 778 4440 131333
798 4362 839 4438 13
854 4365 1088 4471 possessione
1103 4365 1163 4442 vel
1179 4365 1285 4472 quasi
1301 4362 1511 4472 recipiendi
1527 4379 1565 4440 et
1578 4362 1742 4450 levandi,
1761 4361 1859 4440 sicut

428 4491 654 4594 premissum
677 4509 751 4586 est,
768 4513 1073 4575 manusmortuas
1093 4497 1141 4574 de
1157 4497 1337 4604 predictis
1361 4493 1637 4574 hereditatibus
1655 4493 1856 4570 hominum

427 4638 467 4698 et
492 4623 701 4702 mulierum
727 4626 827 4704 dicte
849 4627 955 4718 ville,
983 4629 1138 4734 quando
1158 4629 1229 4734 ipsi
1249 4629 1329 4706 sine
1360 4628 1502 4704 herede
1531 4627 1578 4702 de
1606 4653 1675 4703 suo
1702 4624 1856 4734 proprio

426 4782 586 4859 corpore
604 4756 829 4850 moriuntur,
853 4788 921 4867 per
941 4761 1043 4837 curie
1067 4773 1196 4838 nostre
1215 4759 1422 4866 judicium,
1446 4758 1589 4836 dictum
1611 4755 1685 4833 1311
1707 4767 1856 4862 et'pro-

426 4884 791 4969 nunciatumdictos
820 4890 1019 5000 religiosos
1043 4891 1083 4967 in
1107 4891 1280 4998 predicta·
1303 4889 1540 4998 possessione
1564 4889 1623 4965 vel
1655 4888 1760 4996 quasi
1788 4888 1856 4965 de-

425 5017 516 5094 bere
530 5045 745 5110 remanere,
767 5038 805 5098 31
818 5022 1139 5128 impedimentum
1154 5051 1268 5130 super
1284 5022 1359 5100 hoc
1380 5021 1434 5099 eis
1453 5019 1668 5128 appositum
1688 5049 1733 5098 ex
1749 5035 1854 5126 parte
