4450 6209
756 750 1024 858 nuoutrss
1050 766 1112 841 rr
1139 750 1343 844 procus.
1713 764 1759 832 ra

340 909 506 1014 recipere
530 906 578 985 de
605 926 731 986 cetero
752 910 988 989 tenebuntur
1012 910 1150 989 dictam
1180 941 1333 990 avenam
1362 912 1410 989 ad
1438 935 1653 988 mensuram
1681 937 1763 985 om·
1798 904 1984 1038 ΡἭΕΝ·

341 1040 442 1116 nino'
456 1038 619 1115 similem
644 1055 682 1116 ct
702 1058 876 1147 equatam
898 1041 997 1118 dicte
1021 1070 1197 1120 mensure
1219 1042 1355 1149 prioris
1376 1028 1554 1150 predicti,
1579 1057 1616 1117 et
1638 1039 1759 1145 quod,
1918 1025 1924 1039 ⁵

342 1169 387 1246 ad
417 1196 529 1245 omne
557 1170 775 1276 scrupulum
797 1200 911 1278 super
930 1174 1001 1250 hoc
1025 1174 1063 1249 in
1090 1191 1285 1279 posterum
1309 1174 1542 1264 evitandum,
1571 1172 1646 1248 due
1669 1169 1763 1247 tales

341 1301 434 1377 fient
456 1328 633 1378 mensure
656 1300 890 1390 consimiles,
912 1332 1073 1410 quarum
1097 1332 1212 1381 unam
1238 1304 1361 1381 dictus
1379 1305 1571 1381 lohannes
1590 1300 1761 1393 habebit,

343 1431 518 1509 etaltera
545 1432 584 1506 in
612 1431 813 1510 Castelleto
838 1433 1034 1511 Parisiensi
1060 1434 1306 1513 custodienda
1331 1451 1516 1542 perpetuo
1539 1434 1761 1539 deponetur.

342 1563 384 1639 In
404 1562 527 1668 cujus,
549 1579 618 1639 etc.

399 1692 498 1770 Jovis
517 1712 602 1802 post
621 1696 893 1803 Magdalenam.

398 1825 574 1931 Magister
592 1827 795 1934 Dyonisius
816 1829 863 1905 de
884 1829 1050 1909 Senouio
1069 1832 1279 1936 reportavit.

400 2090 475 2167 XV.
508 2091 684 2196 lnquesta
707 2088 800 2167 facta
827 2091 927 2168 inter
952 2090 1153 2169 dominum
1180 2091 1570 2171 Montis-Morenciaci
1601 2108 1639 2169 et
1661 2092 1769 2169 balli-

345 2248 432 2295 vum
452 2220 642 2328 Gysorcii,
669 2248 783 2325 super
801 2220 913 2327 prisia
933 2221 1094 2299 duarum
1114 2224 1336 2313 Judearum,
1363 2223 1511 2301 reddita
1527 2242 1564 2301 et
1579 2224 1765 2331 expedita,

345 2369 460 2454 prout
479 2352 694 2428 continetur
713 2351 752 2428 in
772 2351 899 2429 rotulo
919 2353 1033 2459 hujus
1052 2353 1286 2460 parlamenti.

401 2612 492 2690 XVI.
525 2614 699 2719 lnquesta
727 2612 821 2690 laeta
852 2640 921 2719 pro
956 2611 1090 2690 abbate
1125 2614 1474 2704 Sancti—Maxencii,
1509 2640 1623 2719 super
1655 2613 1769 2690 feodo

346 2740 536 2831 Amiable,
555 2741 702 2819 reddita
718 2760 755 2820 et
769 2771 845 2820 non
862 2742 935 2821 suit
941 2742 1125 2852 judicata,
1144 2743 1232 2853 quia
1248 2772 1326 2822 non
1340 2743 1530 2822 invenitur
1544 2746 1665 2852 quod,
1683 2774 1770 2821 cum

347 2889 470 2980 tangat
490 2873 691 2950 dominum
711 2876 870 2983 Regem,
893 2892 1113 2982 procurator
1133 2876 1213 2983 ejus
1234 2875 1407 2953 fueritin
1428 2904 1471 2952 ea
1489 2893 1652 2954 vocatus.

403 3005 452 3081 M.
475 3004 687 3081 Ludovicus
709 3006 755 3081 de
775 3006 964 3084 Voisserio
983 3008 1196 3113 reportavit.

664 3600 970 3716 moussru
1007 3600 1081 3687 ur
1118 3598 1465 3689 raooussus

541 3840 626 3905 ΛΗῙ,
659 3840 817 3892 tuolcarl
847 3842 879 3891 lN
916 3838 1149 3892 rAuLAuEtt‘ro
1185 3838 1592 3902 ouulou-slucrouutt,

871 4056 960 4100 ΔΝΜ)
982 4056 1114 4101 ΒΟΙΠΗ
1137 4056 1249 4101 Ιῦῦῦῐ.

406 4312 431 4388 Ι.
464 4312 563 4390 Cum
591 4310 751 4390 dilectus
779 4329 817 4391 et
838 4310 962 4389 fidelis
982 4327 1111 4389 noster
1131 4310 1361 4401 Ludovicus,
1381 4310 1619 4387 Nivemensis
1648 4327 1685 4384 et
1704 4312 1775 4386 Re·

350 4442 558 4549 gistetensis
577 4470 719 4535 comes,
741 4470 957 4550 proponens
978 4443 1142 4519 voeriam
1163 4442 1211 4519 de
1227 4440 1710 4545 Doucheri-superllosam
1727 4442 1776 4519 ad

352 4573 490 4680 ipsum,
513 4576 662 4653 racione
682 4576 771 4652 dicti
792 4575 988 4653 comitatus
1008 4574 1065 4651 sui
1085 4572 1367 4683 Registetensis‚
1386 4571 1591 4680 pertinere,
1615 4571 1774 4649 maxime

352 4733 436 4781 cum
455 4705 658 4796 Robertus,
678 4706 871 4813 quondam
892 4733 1017 4783 comes
1036 4704 1289 4791 Nivernensis,
1310 4703 1390 4810 ejus
1414 4702 1573 4812 genitor,
1600 4720 1774 4808 tempore

351 4864 425 4941 quo
441 4837 521 4942 ipsc
533 4836 679 4915 ballum
696 4836 786 4915 dicti
800 4835 978 4915 Ludovici
992 4836 1163 4927 tenebat,
1181 4833 1494 4912 dictamvoeriam
1505 4833 1770 4941 acquisivisset,

352 4984 394 5044 ut
415 4966 577 5057 dicebat,
601 4996 644 5047 ex
663 4969 946 5075 permutacione
970 4966 1065 5045 lacta
1084 4995 1153 5074 pro
1176 4968 1253 5073 ipsa
1270 4968 1395 5045 voeria
1419 4964 1597 5045 debonis
1617 4967 1777 5073 quibus-

356 5100 441 5176 dam
457 5100 504 5176 ad
522 5100 666 5179 dictum
681 5100 902 5178 comitatum
918 5099 1214 5207 Registeteusem
1232 5098 1526 5205 pertinentibus,
1542 5115 1687 5204 peteret
1702 5128 1778 5175 ma-

437 5278 490 5321 LBS
511 5278 594 5320 oum.
618 5279 663 5319 111.
1614 5276 1650 5316 10
