4450 6209
826 732 1096 842 avouarss
1122 751 1188 824 nr
1214 734 1422 826 raucas.
1630 695 1664 712 ”
1757 755 1834 826 m

411 892 502 970 dato
526 892 631 970 curie
653 909 783 970 nostre
802 921 916 1000 super
932 894 1132 1001 predictis,
1151 896 1226 972 visa
1246 913 1285 972 et
1303 895 1507 1004 diligenter
1528 893 1751 986 examinata,
1773 925 1841 973 au·
1880 900 2012 960 aarum
2024 903 2069 969 Π,

411 1024 577 1130 ditisque
586 1025 803 1102 nacionibus
815 1026 905 1103 hinc
917 1044 956 1103 et
968 1027 1057 1104 iude
1065 1025 1286 1134 propositis,
1299 1056 1367 1135 per
1379 1027 1621 1104 curieuostre
1632 1025 1838 1135 judicium,
1941 994 2004 1040 m

411 1155 556 1233 motum
581 1155 654 1232 luit
675 1173 717 1232 et
737 1158 1029 1262 pronunciatum
1053 1187 1125 1236 nos
1149 1177 1186 1236 et
1206 1160 1397 1267 predictos
1417 1158 1592 1237 homines
1604 1156 1842 1238 sufficienter

404 1286 588 1392 probasse
613 1287 871 1366 intencionem
892 1291 1082 1382 nostram,
1103 1309 1144 1368 et
1167 1291 1307 1370 debere
1327 1296 1523 1368 remanere
1543 1287 1736 1368 in'sais'iua
1755 1315 1841 1396 pre—

412 1419 623 1508 dictorum,
648 1420 749 1498 salvo
770 1412 965 1500 tamenin
988 1421 1168 1530 predictis
1187 1424 1275 1530 -jure
1300 1420 1539 1531 proprietatis
1561 1421 1841 1529 archiepiscopo

411 1549 593 1655 predicto.
712 1610 718 1622 .

468 1683 644 1759 Mercurii
661 1667 749 1788 post
766 1682 1067 1762 Penthecostem.

468 1944 627 2025 XXVlll.
658 1948 700 2022 ln
720 1971 830 2023 causa
850 1973 924 2054 que
940 1973 1065 2026 coram
1087 1947 1213 2052 priore
1234 1947 1282 2023 de
1301 1949 1437 2054 Brapo,
1459 1975 1578 2053 super·
1596 1948 1730 2026 saisina
1743 1973 1844 2052 quo—

413 2076 589 2154 rumdam
608 2077 799 2182 bonorum
822 2075 1097 2168 immobilium,
1121 2077 1335 2156 vertebatur
1353 2077 1455 2154 inter
1472 2101 1640 2158 sororem
1660 2075 1775 2155 Evam
1796 2078 1844 2156 de

413 2208 531 2284 Ponte
555 2226 593 2285 et
616 2209 699 2316 ejus
719 2235 884 2300 sorores,
907 2237 951 2286 ex
973 2236 1049 2286 uua
1068 2228 1192 2316 parte,
1214 2227 1263 2286 et'
1272 2224 1423 2286 tutores
1448 2207 1656 2287 liberorum
1676 2210 1842 2288 defuncti

414 2339 610 2445 Reginaldi
629 2339 755 2430 Ridet
779 2369 823 2417 ex
846 2340 979 2430 altera,
1003 2341 1126 2418 dictus
1150 2341 1254 2446 prior
1274 2340 1447 2416 saisinam
1461 2342 1677 2447 predictam
1697 2341 1846 2447 adjudi-

414 2470 508 2546 cavit
524 2471 719 2549 tutoribus
734 2471 928 2577 predictis3
950 2499 1066 2578 aquo
1081 2471 1268 2579 judicato,
1290 2487 1483 2575 tamquam
1503 2498 1525 2551 a
1544 2471 1638 2548 lalso
1658 2489 1696 2546 et
1714 2499 1842 2577 pravo,

415 2600 513 2678 dicte
532 2629 679 2679 sorores
698 2604 981 2711 appellaverunt
999 2603 1047 2680 ad
1069 2603 1305 2710 prepositum
1325 2602 1659 2691 Silvanectensem,
1680 2602 1745 2708 qui
1766 2631 1845 2707 pre·

414 2731 560 2837 positus
581 2733 726 2811 dictum
740 2733 955 2842 judicatum
973 2733 1254 2813 sentencialiter
1274 2732 1527 2825 confirmavit3
1547 2729 1694 2841 acujus
1708 2731 1845 2810 confir-

415 2865 585 2942 macione
606 2865 706 2942 dicte
722 2894 872 2944 sorores
891 2868 941 2944 ad
953 2864 1136 2946 ballivum
1155 2865 1471 2945 silvanectensem
1487 2867 1623 2944 iterato
1637 2865 1845 2972 appellare

407 3014 521 3085 runt,
540 2998 606 3103 qui
625 2997 786 3075 ballivus
796 2998 1010 3105 judicatum
1031 3017 1069 3075 et
1086 2998 1418 3076 confirmacionem
1438 2997 1635 3104 predictos
1645 3023 1715 3103 per
1733 3019 1845 3076 suam

411 3127 600 3235 judicium
612 3129 824 3206 infirmavit.
838 3130 870 3206 A
883 3129 990 3238 cujus
1002 3131 1130 3208 ballivi
1139 3131 1324 3239 judicato;
1339 3147 1519 3236 tanquam
1530 3157 1556 3206 a
1563 3127 1656 3206 salso
1668 3146 1706 3206 et
1715 3157 1844 3236 pravo,

417 3259 507 3336 dicti
525 3276 672 3340 tutores
689 3260 745 3338 ad'
758 3278 925 3338 nostram
945 3263 1088 3340 curiam
1108 3262 1411 3368 appellaverunt:
1429 3259 1653 3338 Constitutis
1673 3259 1787 3366 igitur
1807 3261 1846 3335 in

418 3391 521 3467 curia
532 3409 660 3468 nostra
672 3392 782 3470 dictis
794 3394 963 3499 partibus
977 3394 1017 3469 in
1031 3422 1140 3470 causa
1154 3391 1435 3500 appellacionis‚
1449 3392 1617 3498 predicte
1632 3391 1846 3502 auditisque

415 3523 632 3601 nacionibus
652 3526 891 3608 earumdem.
909 3543 950 3603 et
965 3527 1052 3603 visis
1070 3524 1310 3632 processibus
1326 3523 1540 3613 antedictis,
1554 3549 1625 3629 per
1641 3522 1847 3600 cumanos

415 3672 475 3732 tre
488 3655 693 3761 judicium,
716 3657 861 3734 dictum
881 3657 954 3734 luit
972 3659 1163 3764 predictos
1181 3658 1347 3764 priorem
1365 3671 1403 3731 et
1421 3654 1656 3762 prepositum
1667 3651 1774 3728 male
1789 3651 1847 3758 ju-

418 3785 559 3869 dicasse
568 3844 583 3874 ,·
601 3803 640 3864 et
660 3787 778 3867 dictas
796 3816 944 3867 sorores
965 3789 1065 3868 bene
1086 3789 1307 3897 appellasse,
1333 3787 1552 3894 dictumque
1574 3784 1756 3862 ballivum
1779 3809 1846 3888 pro

418 3917 530 3995 dictis
543 3919 738 3998 sororibus
751 3922 851 3999 bene
865 3920 1070 4028 judicasse,
1088 3939 1128 4000 ot
1143 3921 1332 4029 predictos
1345 3935 1492 4001 tutores
1506 3918 1605 3996 male
1623 3915 1845 4026 appellasse,

419 4065 459 4124 et
477 4048 583 4155 quod
599 4050 689 4127 dicti
709 4053 814 4157 prior
833 4069 872 4129 et
888 4069 1035 4132 tutores
1053 4054 1127 4132 hoc
1147 4051 1417 4130 emendabunt.
1528 4111 1532 4118 .

476 4183 633 4264 Veneris
650 4201 736 4290 post
754 4185 1055 4264 Pentbecostem.

476 4313 603 4391 Monci
617 4314 830 4422 reportavit.

478 4577 605 4654 XXIX.
625 4578 826 4655 Processus
838 4576 878 4652 in
892 4605 1000 4656 causa
1014 4577 1281 4685 appellacionis
1296 4573 1608 4655 interYsabcllim
1620 4601 1769 4681 parvam
1785 4575 1850 4653 do

421 4707 581 4801 minam,
598 4726 639 4786 et
649 4712 694 4788 ll.
711 4708 932 4788 Barbetium
948 4727 987 4787 et
1002 4710 1084 4819 ejus
1098 4709 1324 4819 garandum,
1342 4709 1393 4787 Μ.
1411 4705 1645 4814 Stephanum
1660 4706 1708 4784 de
1723 4705 1847 4785 Acon:

422 4838 658 4945 pacificatum
680 4858 736 4919 est
758 4841 961 4933 intereos,
984 4859 1099 4950 prout
1118 4843 1169 4922 M.
1190 4843 1233 4920 R.
1261 4841 1308 4919 de
1328 4840 1484 4949 Folleyo
1510 4839 1625 4918 michi
1650 4841 1850 4947 reportavit

421 4970 472 5048 de
489 4973 675 5078 nequeatis
690 5002 785 5081 quas
804 4975 998 5064 audiebam
1020 4993 1059 5054 et
1078 4974 1193 5052 michi
1213 4974 1388 5052 redditus
1407 4972 1480 5051 luit
1498 4971 1622 5050 dictus
1640 4996 1848 5078 processus.

481 5102 551 5181 Die
565 5101 699 5181 ultima
720 5106 820 5185 Maii.
