4450 6209
512 714 558 789 tt
1085 714 1177 787 LES
1212 712 1355 788 OLIM.

274 865 406 1000 Fut-pp
424 864 469 931 Ν,
508 874 548 933 et
572 855 901 948 Lornbardellum,
930 854 1133 933 servientes
1161 855 1468 944 Meledunenses,
1499 853 1725 933 dictumest
1747 854 1851 964 quod
1876 856 1936 936 isti

400 987 406 998 '
508 987 587 1065 suis
606 986 770 1065 serviciis
788 988 993 1095 priventur.

566 1120 760 1213 Quantum
780 1118 829 1196 ad
848 1119 1024 1226 Egidium
1044 1117 1081 1196 le
1099 1116 1235 1209 Grant,
1252 1116 1462 1195 lohannenv
1479 1117 1513 1195 la
1527 1117 1669 1207 Vache,
1687 1116 1936 1227 Reginaldum

508 1250 687 1339 Faintart,
709 1251 919 1337 lohannem
940 1251 1073 1327 Lescot
1086 1266 1124 1325 et
1138 1248 1355 1326 Richerium
1371 1248 1419 1327 de
1434 1246 1720 1337 Petra-Galteri,
1741 1263 1936 1329 tenentem

508 1379 633 1458 locum
655 1380 833 1487 prepositi
849 1381 898 1458 de
917 1378 1135 1469 Chasdelle,
1159 1380 1300 1457 dictum
1319 1378 1390 1456 luit
1409 1380 1514 1486 quod
1533 1379 1593 1457 isti
1606 1408 1743 1485 penam
1761 1383 1938 1486 pecunia-

506 1512 601 1588 riam
630 1511 884 1599 sustinebunt,
915 1527 952 1586 et
980 1510 1086 1616 quod
1113 1508 1272 1587 ballivus
1295 1509 1522 1589 Senonensis
1545 1509 1710 1617 inquirat
1736 1526 1773 1588 et
1800 1511 1937 1591 referat

506 1642 672 1720 valorem
699 1641 747 1719 de
779 1639 1017 1719 facultatibus
1052 1668 1185 1720 corum
1215 1668 1283 1746 pro
1314 1639 1473 1718 emenda
1502 1639 1645 1717 cercius
1678 1656 1806 1719 contra
1835 1642 1936 1747 ipsos

506 1773 678 1850 manda.

563 1904 623 1982 De
640 1904 751 1981 Petro
771 1900 948 1980 Conversi
967 1900 1084 1980 nichil
1104 1898 1355 1995 misdictum,
1377 1898 1466 2009 quia
1483 1928 1616 2008 parurn
1636 1898 1806 2011 deliquit.

563 2035 621 2112 De
640 2032 1046 2125 GnillelmoMonachi,
1063 2033 1259 2110 inventurn
1281 2032 1392 2110 estin
1408 2033 1578 2139 inquesta
1595 2033 1700 2141 quod
1714 2032 1794 2140 ipse
1806 2060 1934 2111 emen-

510 2166 626 2255 davit,
656 2194 781 2244 coram
807 2164 1057 2255 auditoribus,
1083 2164 1125 2242 id
1152 2162 1327 2242 videlieet
1353 2164 1457 2271 quod
1488 2162 1568 2270 ipse
1597 2164 1834 2243 dearrestavit
1861 2182 1933 2243 tres

508 2297 658 2376 modios
669 2296 772 2375 bladi
785 2312 982 2373 arrestatos
994 2324 1063 2402 pro
1075 2292 1357 2374 municionibus
1372 2294 1524 2385 nostris,
1538 2312 1590 2385 et,
1602 2310 1757 2402 propter
1767 2292 1857 2387 boc,
1873 2296 1935 2373 ha·

507 2427 594 2506 buit
615 2427 692 2504 duo
718 2426 874 2503 sentenia
897 2426 1085 2532 pisorum3
1108 2426 1251 2504 dictum
1277 2424 1350 2502 fuit
1378 2426 1484 2531 quod
1508 2424 1577 2504 iste
1600 2424 1851 2532 pecunialiter
1873 2454 1936 2532 pu·

508 2560 644 2649 niatur,
667 2577 705 2635 et
724 2557 828 2666 quod
846 2558 984 2636 sciatur
1002 2558 1135 2637 veritas
1157 2558 1204 2635 de
1223 2556 1346 2635 valore
1366 2554 1558 2635 bonorum
1577 2584 1745 2637 suornm.

564 2690 733 2798 lnjuncta
751 2688 824 2767 luit
842 2688 977 2767 ballivo
999 2688 1208 2768 Senonensi
1236 2687 1410 2767 excrucio
1436 2688 1517 2797 ejus
1530 2686 1706 2796 judicati,
1729 2703 1767 2765 et
1785 2714 1935 2794 procep-

508 2840 591 2899 tum
612 2820 737 2898 eidem
762 2818 897 2897 ballivo
922 2820 1027 2927 quod
1053 2837 1182 2897 contra
1209 2816 1397 2926 predictos
1423 2820 1627 2927 Symonem
1649 2834 1686 2897 et
1712 2818 1933 2907 Robertum,

509 2951 600 3056 ipsis
619 2948 770 3037 vocatis,
799 2949 964 3054 inquirat
983 2977 1097 3055 super
1116 2951 1190 3026 hoc
1210 2966 1247 3025 et
1266 2948 1417 3039 reserat,
1440 2966 1484 3027 ut
1502 2951 1533 3028 si
1559 2949 1629 3056 ipsi
1650 2950 1690 3027 in
1715 2946 1932 3058 hujusmodi

510 3080 768 3186 deliquerunt,
790 3079 1042 3184 pecuniariter
1060 3079 1276 3186 puniantur.

566 3340 675 3419 XXX.
707 3340 803 3419 Cum
824 3338 1044 3450 Radulphus
1064 3341 1113 3419 de
1135 3338 1360 3436 Meullento,
1383 3338 1505 3431 miles,
1526 3338 1750 3421 obtinuisset
1774 3338 1932 3420 litteram

511 3501 532 3548 a
550 3472 650 3581 Rege
669 3471 774 3579 quod
793 3473 833 3549 in
852 3472 938 3550 villa
957 3502 1023 3551 sua
1041 3474 1089 3551 de
1109 3473 1535 3579 Buieres-supra·Mare,
1560 3470 1707 3550 ballivis
1729 3472 1933 3551 Cadomen-

509 3605 576 3693 sis,
604 3604 652 3681 de
672 3632 769 3681 novo
789 3602 908 3682 lacere
934 3621 1061 3710 posset
1080 3620 1288 3681 mercatum
1308 3633 1382 3681 una
1403 3604 1465 3681 die
1486 3604 1525 3682 in
1545 3602 1766 3710 septimana,
1789 3605 1819 3681 si
1841 3618 1933 3683 esset

509 3733 649 3810 utilitas
667 3734 779 3841 Regis
803 3750 840 3810 et
864 3734 1001 3839 patrie3
1023 3752 1061 3812 et
1078 3763 1193 3842 super
1211 3735 1286 3813 hoc
1306 3764 1344 3814 se
1364 3752 1573 3841 opponeret
1592 3736 1718 3813 eidem
1738 3736 1931 3841 Radulpho

509 3864 747 3971 Radulphus,
762 3864 938 3942 dominus
951 3866 999 3943 de
1012 3865 1196 3955 Croeslio,
1213 3865 1343 3969 miles:
1362 3866 1550 3957 Tandem,
1570 3866 1709 3945 auditis
1721 3866 1931 3945 nacionibus

509 3993 676 4100 parcium
697 3993 787 4072 hinc
805 4012 843 4072 et
862 3995 951 4074 inde
971 4015 1010 4075 et
1025 3998 1101 4075 visa
1117 3998 1388 4077 informacione
1410 4026 1522 4106 super
1540 4000 1613 4076 hoc
1632 3999 1725 4077 faeta
1742 4028 1811 4105 per
1828 3996 1932 4076 balli-

508 4154 598 4202 vum
629 4126 859 4231 predictum,
890 4158 959 4234 per
979 4128 1168 4237 judicium
1196 4130 1316 4220 curie,
1340 4129 1483 4209 dictum
1511 4128 1597 4223 suit,
1625 4131 1711 4239 quia
1738 4129 1811 4210 hoc
1837 4140 1930 4208 esset

509 4257 716 4365 dampnum
734 4258 845 4367 Regis
861 4276 897 4337 et
907 4261 1042 4366 patrie,
1058 4260 1163 4366 quod
1177 4262 1256 4367 ipse
1269 4290 1346 4340 non
1364 4260 1472 4339 faciet
1489 4280 1696 4339 mercatum
1707 4260 1926 4367 predictum·

564 4520 690 4598 XXXI.
721 4521 819 4602 Cum
839 4522 936 4603 inter
960 4521 1140 4602 ballivum
1168 4519 1499 4614 Silvanectensem,
1530 4519 1753 4630 pronubis,
1786 4550 1829 4602 ex
1858 4544 1928 4602 una

508 4668 629 4756 parte,
659 4670 696 4732 et
715 4652 898 4733 decanum
924 4673 962 4734 et
989 4655 1196 4763 capitulum
1225 4652 1378 4733 ecclesie
1408 4654 1710 4748 Silvanectcnsis,
1732 4684 1776 4734 ex
1800 4656 1925 4741 altera,
1979 4730 1983 4737 .

509 4783 706 4862 contencio
726 4803 932 4864 verteretur
951 4814 1064 4893 super
1083 4815 1129 4864 eo
1150 4786 1253 4894 quod
1269 4782 1360 4863 dicti
1377 4783 1541 4865 decanus
1561 4798 1601 4865 et
1613 4782 1817 4894 capitulum
1836 4812 1928 4865 asse·

508 4912 642 4992 rebant
669 4942 710 4991 se
738 4944 820 4993 esse
852 4934 889 4993 et
915 4915 1029 4995 baisse
1054 4918 1092 4993 in
1122 4915 1255 4996 saisina
1283 4913 1405 4994 tocius
1430 4916 1537 4995 basse
1562 4918 1712 5025 justicie
1737 4915 1925 5023 hospitum

508 5071 680 5134 suorum,
697 5045 1014 5123 commorancium
1030 5048 1068 5123 in
1083 5047 1166 5124 villa
1179 5046 1226 5126 de
1238 5046 1429 5135 Verrines,
1451 5064 1494 5125 et·
1502 5077 1542 5126 se
1558 5049 1605 5126 ds
1617 5076 1716 5126 novo
1730 5048 1925 5154 impeditos
