4450 6209
515 677 589 752 tte
1092 676 1184 749 bns
1214 674 1356 749 OLIM.

287 832 419 887 mnan
431 826 475 892 W·
513 820 585 898 but
602 816 870 897 communibus
893 814 994 893 inter
1011 842 1094 893 eam
1120 834 1158 893 et
1182 816 1327 895 dictum
1350 812 1585 923 Pbilippmn,
1607 813 1782 891 meritum
1804 842 1928 906 uuum,

349 920 413 965 m
510 948 828 1057 temporemortia
842 944 1934 1055 ejuscommunibua,tacnerateteeinverntquadringentas

513 1081 592 1160 duo
611 1098 651 1160 et
667 1080 869 1187 nonaginta
886 1078 1002 1157 librae
1020 1078 1239 1185 quindecim
1258 1077 1400 1157 oolidou
1419 1080 1660 1155 Turonenoee
1674 1093 1828 1155 monete
1847 1094 1934 1155 tunc

514 1212 713 1301 otrrrentis,
726 1240 819 1319 quae
830 1210 908 1316 ipsa
918 1208 1355 1316 receperataGniileimo
1368 1208 1575 1315 Fiamingo,
1588 1207 1765 1315 magistro
1775 1226 1935 1289 moneta-

512 1372 600 1421 rum
617 1361 828 1421 nostrarum
842 1402 851 1431 ,
865 1359 903 1418 et
911 1369 1004 1447 quas
1017 1342 1232 1447 prepositus
1241 1339 1472 1428 tuiciensis,
1485 1358 1570 1446 poet
1586 1338 1734 1417 obitum
1750 1339 1842 1416 dicti
1857 1341 1936 1417 Phi·

512 1475 621 1581 lippi,
635 1503 746 1581 supra
763 1472 901 1549 dictam
919 1473 1162 1578 Margaretam
1173 1530 1182 1561 ‚
1194 1488 1349 1578 propter
1368 1469 1548 1549 debatunr
1565 1470 1733 1579 parcium
1752 1470 1934 1576 predicta-

511 1634 598 1683 rum
610 1664 619 1694 ,
631 1606 669 1681 in
680 1634 797 1681 manu
816 1619 943 1681 nostra
952 1603 1122 1694 tenebat,
1141 1618 1310 1708 tempore
1322 1600 1407 1680 iacti
1422 1601 1618 1679 inventarii
1632 1601 1809 1706 predicti;
1828 1601 1932 1688 item,

512 1734 802 1841 quadringentas
815 1761 951 1811 novena
971 1749 1011 1810 et
1029 1732 1273 1839 quadraginta
1289 1731 1404 1809 libras
1418 1760 1541 1810 unum
1561 1748 1598 1809 et
1616 1731 1746 1839 viginti
1764 1731 1934 1809 denarios

512 1868 750 1944 Turonenaes
766 1863 938 1970 ejusdem
956 1878 1129 1955 moneta,
1142 1890 1262 1970 quara
1274 1862 1375 1941 dicto
1384 1862 1561 1969 magistro
1576 1878 1836 1950 monetarum,
1853 1882 1935 1967 post

513 2013 676 2076 mortem
698 1994 787 2073 dicti
806 1994 991 2100 Philippi,
1013 1996 1093 2099 ipaa
1113 1993 1161 2071 de
1183 1994 1291 2072 dictis
1314 1994 1425 2071 bonis
1445 1991 1713 2071 communibus
1732 1992 1933 2083 babuerat,

513 2144 556 2205 ut
574 2126 725 2205 dicebat
743 2126 845 2205 idem
866 2126 1043 2231 magister
1057 2125 1213 2233 Halym
1235 2125 1345 2213 item,
1368 2124 1547 2203 ducentas
1567 2122 1682 2203 libras
1694 2125 1935 2203 Turonenoee

512 2274 664 2338 monete
677 2256 862 2364 predicte,
875 2284 984 2364 quas,
1002 2286 1047 2335 ex
1056 2256 1276 2335 vendicione
1290 2256 1526 2365 quarundam
1538 2257 1733 2335 vinearum
1746 2257 1838 2335 dicti
1852 2259 1936 2337 Pbi-

512 2390 625 2495 lippi,
646 2389 741 2467 circa
756 2388 897 2467 sautum
916 2388 1363 2478 Omnium-Sanctorum,
1384 2404 1472 2467 ante
1492 2388 1640 2467 obitum
1661 2388 1833 2496 ejandem
1849 2390 1934 2467 Phi·

493 2516 496 2520 ’
512 2521 627 2627 lippi,
649 2520 698 2597 de
718 2520 830 2599 bonis
846 2518 1026 2625 predictis
1045 2520 1328 2611 communibus,
1350 2519 1430 2625 ipsa
1443 2518 1615 2597 similiter
1633 2538 1842 2625 receperat;
1863 2549 1935 2627 que

511 2652 611 2733 bona
622 2651 1028 2757 omninipsarecelaaoa
1038 2651 1246 2741 dicebatur,
1258 2669 1388 2729 contra
1395 2652 1652 2758 juramentum
1662 2650 1859 2757 proprium
1870 2712 1879 2741 ,
1891 2652 1936 2729 ab

513 2811 557 2861 ea
571 2782 815 2888 corporaliter
832 2783 1110 2888 pmatitum,de
1123 2783 1235 2862 bonis
1248 2782 1424 2863 omnibns
1436 2782 1537 2861 inter
1550 2810 1633 2861 eum
1647 2798 1686 2861 et
1698 2783 1845 2862 dictum
1856 2782 1937 2861 Pbi·

513 2910 679 3017 lippum,
698 2938 766 2989 oue
782 2911 915 2989 mortis
925 2928 1098 3017 tempore
1113 2910 1397 3001 communibus,
1415 2912 1675 3003 ostendendis,
1698 2911 1936 2999 nominandis

513 3058 553 3118 et
565 3042 605 3120 iu
616 3041 823 3121 inventario
839 3042 1010 3147 predicto
1023 3041 1189 3123 fideliter
1201 3042 1438 3151 redigendiot
1454 3042 1688 3149 proponebat
1699 3042 1819 3121 eciam
1834 3043 1937 3150 quod

513 3170 612 3249 dicta
628 3173 834 3277 Margareta
849 3200 1021 3278 exprooae
1036 3190 1279 3261 convenerat,
1296 3202 1366 3253 eeu
1381 3190 1635 3263 conuenserat,
1650 3192 1824 3279 presente
1838 3173 1936 3251 dicto

512 3301 689 3410 magistro
700 3302 819 3409 Helya
832 3321 872 3381 et
879 3302 1053 3409 pluribus
1067 3304 1151 3383 aliia
1170 3302 1246 3383 fide
1263 3303 1402 3412 dignis,
1414 3332 1453 3383 ee
1464 3303 1560 3383 velle
1573 3304 1730 3411 perdere
1745 3304 1847 3383 buna
1861 3330 1937 3382 om·

511 3432 591 3524 nia,
604 3449 775 3539 tempore
791 3435 925 3513 mortio
939 3434 1029 3513 dicti
1043 3434 1168 3513 mariti
1186 3434 1247 3513 aui
1266 3433 1500 3523 eommunia,
1513 3462 1581 3541 per
1600 3462 1682 3515 eam
1698 3463 1775 3515 non
1791 3452 1936 3513 ostensa

511 3590 673 3643 aennon
694 3592 865 3669 expressa
883 3580 922 3641 et
941 3592 1009 3669 per
1028 3564 1146 3672 ipsam
1167 3564 1206 3643 in
1227 3563 1329 3643 dicto
1348 3563 1558 3645 inventario
1577 3592 1655 3659 nnn
1674 3565 1842 3657 redacta,
1861 3565 1937 3645 dic-

511 3693 560 3773 tia
571 3695 747 3803 magistro
758 3694 876 3801 Helye
889 3696 1015 3773 etauio
1027 3694 1277 3774 coheredibus
1287 3694 1523 3802 applicanda3
1535 3713 1587 3785 et,
1603 3712 1757 3803 propter
1767 3698 1857 3785 boc,
1873 3726 1936 3803 pe-

435 3865 439 3871 ·
512 3822 615 3900 tebat
632 3824 733 3901 idem
756 3825 933 3930 magister
949 3825 1085 3931 Helyas
1100 3823 1238 3901 dictam
1252 3826 1516 3932 Margaretam,
1533 3826 1687 3903 nomine
1708 3855 1785 3934 quo
1804 3842 1933 3934 supra,

512 3971 589 4029 tam
604 3953 652 4031 de
667 3955 832 4043 racione,
850 3982 964 4061 quam
979 3954 1116 4031 virtute
1133 3956 1395 4037 convencionio
1409 3956 1593 4061 predicte,
1610 3958 1877 4065 condempnari
1889 3960 1934 4037 ad

512 4082 753 4161 reddendum
781 4085 852 4161 sibi
878 4085 1030 4191 suisque
1058 4086 1309 4163 coheredibus
1332 4087 1370 4161 in
1396 4085 1581 4175 solidum,
1610 4087 1724 4165 dictas
1751 4115 1933 4176 summam

514 4215 611 4296 dicta
623 4215 768 4307 relicta,
786 4215 961 4323 pluribus
975 4215 1207 4305 racionibus,
1224 4244 1264 4293 se
1281 4216 1320 4295 in
1336 4218 1562 4297 contrarium
1579 4216 1830 4297 defendente:
1851 4220 1935 4297 Visa

512 4346 627 4454 igitur
642 4348 811 4453 inqueota
826 4348 874 4427 de
890 4347 1066 4429 mandato
1082 4348 1185 4427 curie
1201 4364 1328 4427 nostre
1344 4376 1456 4455 cuper
1470 4350 1543 4430 boc
1558 4348 1667 4439 tacu,
1683 4378 1751 4457 per
1766 4350 1934 4458 ejusdem

512 4478 615 4568 curie
635 4495 760 4563 nostre
775 4477 983 4587 judicium,
1005 4479 1149 4560 dictum
1171 4478 1244 4557 tuit
1261 4480 1469 4585 predictam
1490 4480 1734 4589 Margaretam
1752 4480 1934 4587 predictas

511 4608 802 4717 quadringentas
821 4638 956 4695 novem
973 4627 1013 4688 et
1024 4610 1270 4717 quadraginta
1290 4610 1403 4691 librae
1422 4639 1543 4689 unum
1558 4627 1597 4689 et
1614 4610 1744 4719 viginti
1764 4610 1934 4689 denarios

512 4740 750 4827 Turonensea
769 4759 920 4826 monete
937 4740 1123 4847 predicte,
1140 4769 1234 4847 quas
1248 4741 1327 4848 ipsa
1343 4726 1428 4848 poet
1442 4742 1590 4822 obitum
1604 4742 1694 4821 dicti
1709 4741 1874 4849 Philippi
1885 4740 1931 4819 de

512 4868 690 4973 predictis
703 4870 813 4951 bonis
829 4871 1094 4956 communibus
1105 4873 1266 4982 recepit,
1284 4872 1393 4961 item,
1411 4873 1527 4953 dictas
1541 4873 1719 4953 ducentas
1732 4872 1845 4953 libras
1858 4874 1933 4951 Tu·

512 5026 692 5081 roaonses
703 5019 857 5083 monete
871 5003 1056 5109 predicte,
1075 5032 1168 5110 quaa
1181 5003 1268 5085 lieet
1280 5020 1364 5089 ante
1382 5004 1531 5087 obitum
1548 5004 1637 5083 dicti
1652 5002 1815 5109 Philippi
1832 5030 1934 5082 reee-
