4450 6209
495 729 568 801 522
1074 728 1166 805 LES
1195 725 1336 801 OLIM.

270 878 400 934 Parum
412 877 455 941 tv,
549 868 648 948 Iovis
666 886 753 976 post
769 867 998 949 Brandones.

331 968 395 1013 ¹³¹⁰·
550 1002 594 1076 a.
616 999 664 1076 ae
682 998 877 1107 rysourot
895 997 1021 1075 anet.

550 1129 717 1208 Remissa
737 1127 808 1205 fuit
827 1130 882 1211 ad
893 1126 1086 1205 ballivum.

550 1392 644 1468 XXI.
676 1391 775 1470 Cum
786 1388 1016 1469 Guillelmus
1029 1389 1077 1465 de
1087 1386 1333 1479 Grandelain,
1350 1389 1514 1466 serviens
1527 1406 1656 1468 noster
1664 1389 1713 1467 de
1727 1388 1913 1483 Calniacq

493 1551 562 1629 per
574 1521 817 1629 inquisitores
830 1548 945 1627 super
958 1517 1139 1599 officiales
1153 1535 1302 1601 nostros
1313 1519 1353 1597 in
1363 1519 1651 1600 viromandensi
1665 1520 1815 1599 ballivis
1824 1540 1916 1603 tuuc

495 1655 729 1759 deputatos'a
745 1651 871 1742 nobis,
890 1652 929 1728 in
945 1650 1097 1729 duobus
1112 1649 1282 1731 millibus
1297 1649 1477 1735 librarum
1492 1652 1776 1731 Turonensium
1789 1653 1914 1741 nobis,

481 1801 533 1861 ·et
544 1783 718 1890 pluribus
732 1782 919 1891 personis,
933 1782 973 1861 in
989 1799 1143 1861 centum
1159 1782 1311 1890 triginta
1325 1780 1433 1863 libris
1448 1799 1487 1859 et
1498 1800 1661 1890 quatuor
1674 1782 1807 1862 solidis
1818 1786 1918 1862 Pari·

494 1915 698 2004 siensibus,
720 1941 795 2019 que
814 1913 862 1990 de
882 1914 965 2020 ipso
985 1930 1190 2020 conquesta
1208 1911 1374 2004 fueraut,
1396 1913 1527 1993 hustet
1547 1915 1860 2021 condempnatus,
1882 1933 1919 1993 et

494 2048 575 2151 ipse
589 2064 736 2152 postea,
757 2074 871 2151 super
890 2044 963 2123 hoc
982 2072 1233 2152 conquerens,
1254 2046 1512 2151 proposuisset
1532 2045 1638 2153 quod
1658 2044 1748 2122 dicti
1767 2044 1917 2153 inquisi-

493 2194 595 2253 tores
615 2178 698 2283 ejus
716 2176 833 2255 bonas
852 2176 1123 2266 deffensiones,
1144 2205 1237 2285 quas
1256 2204 1380 2255 coram
1402 2176 1455 2255 cis
1477 2193 1723 2282 proposuerat
1742 2191 1839 2253 etse
1859 2206 1919 2254 eas

495 2308 702 2387 obstulerat
727 2308 913 2414 legittime
940 2308 1207 2413 probaturum,
1237 2308 1371 2387 audire
1398 2324 1436 2385 ct
1462 2308 1661 2387 admittere
1682 2327 1915 2399 recusarunt,

494 2441 692 2545 requirens
708 2438 781 2517 sibi
801 2466 916 2546 super
934 2438 1008 2519 boo
1026 2440 1233 2545 provideri,
1254 2466 1400 2545 nosque
1416 2437 1556 2517 ballivo
1579 2455 1708 2516 nostro
1722 2440 1919 2518 Viroman-

496 2572 619 2661 densi,
642 2571 760 2649 dictas
776 2570 1029 2649 deffensiones
1045 2570 1132 2661 sibi,
1150 2570 1222 2651 sub
1243 2587 1372 2649 nostro
1389 2569 1530 2649 clausas
1548 2568 1817 2675 coutrasigillo‚
1835 2571 1920 2647 mit·

495 2720 633 2794 tentes,
664 2703 946 2783 mandassemus
970 2703 1166 2807 quatinus,
1188 2701 1364 2809 adjuncto
1384 2727 1513 2779 seeum
1541 2700 1668 2806 aliquo
1694 2700 1817 2805 probo
1841 2702 1918 2779 viro

495 2834 618 2937 perito
633 2851 670 2911 et
685 2861 762 2910 non
776 2849 969 2938 suspecto,
991 2860 1060 2937 per
1074 2860 1114 2907 se
1133 2832 1192 2909 vel
1207 2830 1406 2938 paralium
1425 2858 1493 2911 sau
1506 2830 1598 2909 alios
1613 2830 1802 2937 ydoneos,
1820 2860 1919 2911 voca

495 2965 620 3068 tisque
635 2962 804 3069 partibus
817 2980 856 3039 et
867 2962 1072 3053 constituto
1082 2990 1153 3067 pro
1166 2962 1281 3041 nobis
1290 2962 1424 3041 adhoc
1436 2962 1622 3069 legittimo
1637 2960 1853 3053 defensore,
1869 2964 1919 3041 di

497 3094 658 3199 ligenter
672 3094 880 3200 inquireret
892 3092 1102 3182 veritatem,
1121 3093 1152 3169 si
1169 3092 1292 3171 dietus
1305 3092 1539 3174 Guillelmus
1551 3093 1667 3171 dictas
1680 3093 1919 3172 defensiones

497 3252 583 3314 suas
597 3242 844 3330 proposuerat
860 3241 900 3300 et
914 3251 977 3299 eas
991 3222 1183 3301 obtulerat
1197 3252 1236 3303 se
1252 3224 1436 3333 legittime
1451 3222 1718 3331 probaturum,
1741 3242 1779 3301 et
1795 3227 1828 3303 si
1848 3227 1917 3333 ipsi

497 3384 558 3462 eas
589 3356 786 3433 admittere
812 3372 1047 3444 recusarunt,
1078 3371 1116 3431 et
1142 3370 1272 3433 utrum
1300 3372 1425 3435 essent
1452 3382 1538 3433 vere
1566 3353 1803 3434 defensiones
1833 3384 1918 3462 prc-

497 3488 617 3563 dicte:
632 3486 824 3579 Tandem,
839 3486 934 3565 facta
948 3485 1167 3592 superbiis,
1185 3503 1228 3563 ut
1240 3488 1467 3593 premissum
1482 3502 1554 3578 est,
1571 3487 1745 3594 inquesta
1757 3486 1804 3564 de
1820 3514 1919 3565 man-

496 3617 582 3695 dato
596 3634 728 3695 nostro
743 3645 811 3721 per
823 3616 1004 3695 ballivum
1021 3617 1269 3704 antedictum,
1283 3617 1530 3725 remissaque,
1546 3616 1722 3707 Parisius,
1740 3618 1786 3693 ad
1799 3620 1920 3724 parla-

495 3764 668 3828 mentum
694 3764 868 3824 nostrum
891 3747 1117 3852 judicanda,
1142 3748 1219 3824 visa
1247 3748 1380 3829 eadem
1406 3766 1444 3827 et
1469 3748 1668 3855 diligenter
1692 3748 1915 3838 examinata,

495 3878 584 3982 quia
603 3878 799 3953 inventum
817 3876 993 3983 estquod
1012 3876 1136 3955 dictus
1149 3878 1325 3969 ballivus,
1343 3905 1469 3957 coram
1488 3878 1667 3985 predictis
1687 3879 1918 3986 inquisitori-

496 4008 584 4094 bus,
599 4007 859 4085 ·deffensiones
877 4035 962 4086 snas
980 4010 1178 4115 proposuit
1198 4027 1236 4087 et
1255 4038 1294 4087 se
1315 4010 1454 4091 obtulit
1472 4008 1737 4115 probaturum,
1756 4027 1794 4087 et
1812 4011 1917 4117 quod

497 4138 566 4243 ipsi
591 4166 652 4215 aas
674 4137 873 4216 admittere
892 4156 1127 4228 recusarunt,
1151 4168 1300 4221 necnon
1325 4140 1429 4247 quod
1451 4139 1551 4217 dicte
1573 4137 1809 4221 defensiones
1828 4158 1918 4219 sunt

494 4296 580 4361 vere
602 4284 640 4345 et
658 4267 858 4376 legittime,
878 4298 946 4374 per
959 4271 1062 4348 curie
1081 4287 1209 4349 nostre
1225 4270 1431 4378 judicium,
1456 4269 1600 4349 diuum
1616 4268 1689 4349 suit
1703 4270 1916 4377 predictum

493 4397 742 4491 Guillelmum
762 4399 811 4477 de
830 4400 1056 4479 Graudslain
1082 4430 1151 4508 per
1172 4402 1291 4481 dictos
1316 4396 1565 4507 inquisitores
1578 4402 1617 4479 in
1636 4400 1747 4478 dietis
1765 4398 1918 4479 duobus

493 4530 663 4608 millibus
675 4531 857 4610 librarum
870 4534 1150 4616 Turonensium
1161 4560 1360 4639 parvorum
1375 4533 1502 4613 minus
1510 4532 1796 4624 racionabiliter,
1812 4534 1917 4641 seju-

493 4661 544 4737 ris
560 4661 693 4739 ordine
710 4663 971 4768 pretermisso,
991 4663 1314 4770 condempnatum
1333 4662 1468 4754 fuisse,
1487 4688 1558 4742 neo
1574 4662 1817 4741 mandabitur
1831 4690 1917 4741 exe-

495 4792 641 4869 cueioni
660 4792 954 4899 coudempuacio
972 4794 1165 4902 predicta;
1189 4797 1257 4875 sed
1277 4796 1366 4904 quia
1383 4794 1506 4873 dictus
1524 4793 1752 4873 Guillelmus
1771 4794 1916 4900 pluries

494 4920 685 5022 confessus
698 4921 771 5000 fuit
787 4952 827 5001 se
844 4924 955 5003 nobis
968 4927 1092 5012 teneri
1104 4926 1146 5004 in
1160 4954 1236 5005 uua
1251 4944 1289 5005 et
1301 4927 1451 5037 triginta
1464 4923 1571 5003 libris
1591 4943 1678 5005 omo
1698 4924 1830 5004 solidis
1848 4926 1914 5001 Pa-

493 5051 729 5145 risiensibus‚
748 5056 884 5134 dictam
899 5085 1087 5137 summam
1101 5059 1239 5136 reddet
1255 5060 1385 5154 uobis,
1400 5074 1453 5147 et,
1468 5075 1654 5165 quantum
1670 5058 1717 5135 ad
1728 5058 1916 5165 predictas
