4450 6209
750 725 1016 834 snoutrns
1040 742 1103 814 nr
1130 724 1335 847 esoces
1682 744 1754 816 sss
1845 682 1849 689 ⁴

337 890 377 965 in
400 914 444 964 ea
465 884 659 991 ponendo,
680 903 824 991 septem
843 886 976 963 domos
997 884 1451 973 ibidemcombuxerunt,
1472 900 1598 987 portas
1621 881 1756 960 domo·
1793 884 1980 953 Parnreclv,

335 1046 420 1095 rum
435 1016 525 1093 ville
538 1016 748 1124 fregerunt,
765 1044 866 1092 arcas
880 1017 920 1091 iu
935 1015 1081 1093 eisdem
1095 1017 1296 1093 exist-entes
1311 1014 1540 1123 frangentes,
1557 1014 1756 1121 pecuniam
1855 982 1919 1025 Μ’

335 1164 374 1227 et
392 1164 513 1226 vestes
538 1164 577 1223 et
594 1147 695 1225 bona
721 1146 792 1223 alia
814 1145 978 1252 plurima
991 1174 1123 1223 secum
1142 1163 1353 1252 portantes,
1373 1145 1483 1251 plura
1508 1146 1757 1224 instrumenta

334 1278 616 1383 possessionum
635 1293 906 1371 sustraxerunt,
923 1252 1115 1354 doliavini
1131 1275 1241 1382 plena
1257 1272 1492 1365 effuderunt,
1509 1275 1688 1371 karellos‚
1706 1306 1758 1355 sa-

336 1408 447 1515 gittas
466 1425 506 1485 et
523 1406 667 1514 lapides
686 1424 814 1485 contra
838 1406 1049 1495 ecclesiam,
1070 1407 1286 1513 ubiplures
1310 1406 1571 1515 confugerant,
1593 1408 1759 1515 projece-

336 1556 447 1629 runt,
465 1555 503 1615 et
519 1536 628 1644 plura
647 1536 719 1614 alia
737 1538 855 1615 eciam
874 1539 1040 1644 graviora
1058 1552 1343 1645 perpetrarunt;
1366 1565 1479 1643 quare
1503 1537 1760 1643 supplicabant

337 1670 428 1747 dicti
439 1686 713 1774 conquerentes
720 1668 905 1775 predicta,
916 1687 993 1747 tam
1006 1669 1164 1746 domino
1173 1668 1264 1775 Regi
1276 1694 1391 1775 quam
1402 1670 1490 1756 sibi,
1503 1686 1760 1775 competenter

338 1799 549 1894 emendari,
565 1818 604 1877 ct
616 1801 780 1906 dampna
791 1799 958 1906 predicta
974 1800 1046 1876 sibi
1057 1799 1181 1877 reddi.
1202 1800 1383 1905 inquisita
1402 1800 1517 1907 igitur
1537 1802 1584 1877 de
1603 1800 1760 1905 premis-

337 1933 388 2010 sis
410 1932 580 2020 veritate,
606 1946 645 2008 et
667 1930 805 2007 auditis
826 1928 1041 2007 nacionibus
1061 1930 1231 2035 parcium
1253 1929 1526 2035 predictarum,
1554 1929 1681 2009 locum
1704 1950 1760 2009 te-

326 2046 433 2157 nens
445 2061 534 2138 dicti
544 2060 734 2138 senescalli
742 2060 964 2148 Thclosani,
977 2088 1045 2137 seu
1056 2062 1137 2167 ejus
1149 2050 1443 2149 commissarius,
1455 2060 1577 2137 dictos
1587 2063 1760 2141 consules

338 2211 377 2271 et
396 2191 653 2269 universitates
673 2189 762 2267 dicti
783 2189 1024 2267 Castri-Novi
1052 2206 1090 2267 et
1113 2190 1196 2297 ejus
1217 2188 1357 2297 bajulis
1384 2189 1432 2265 ad
1451 2189 1673 2269 solvendum
1694 2194 1760 2269 do-

338 2322 446 2402 mino
460 2322 563 2429 Regi,
576 2350 645 2428 pro
656 2318 818 2399 emenda
828 2348 908 2409 sua,
923 2336 1085 2427 quatuor
1093 2318 1214 2396 millia
1227 2319 1343 2397 libras
1355 2345 1556 2425 parvorum
1566 2322 1761 2399 Turonen-

339 2456 437 2532 sium
460 2454 669 2542 benorum,
690 2450 840 2529 racione
864 2438 1055 2529 dictorum
1079 2476 1315 2540 excessuum,
1342 2468 1381 2528 et
1404 2451 1452 2527 ad
1470 2450 1760 2531 satisfactionem

340 2586 528 2663 dictomm
555 2584 808 2689 dampnorum
825 2579 1006 2688 predictis
1028 2580 1250 2660 hominibus
1269 2580 1357 2659 tille
1376 2580 1530 2661 Galliaci
1550 2581 1758 2674 illatorum,

341 2744 473 2796 eorum
484 2716 675 2793 taracicne
690 2713 763 2792 sibi
779 2731 980 2803 reservata,
996 2711 1276 2790 sentencialiter
1293 2713 1568 2803 condemnavit,
1587 2742 1608 2789 a
1628 2715 1760 2822 majori

339 2876 435 2953 pena
448 2844 677 2923 absolvendo
692 2844 867 2936 eosdem3
882 2872 991 2950 aqua
1006 2842 1196 2920 sentencia
1206 2844 1255 2920 ad
1271 2861 1437 2921 nostram
1454 2844 1596 2922 curiam
1614 2844 1687 2923 fuit
1699 2874 1762 2951 ap-

339 2978 519 3085 pellatum
539 2975 663 3056 :Visis
686 2976 802 3084 igitur
825 2974 865 3051 in
890 2974 989 3053 dicte
1007 2973 1406 3081 ‚appellacionis'causa
1420 2974 1661 3079 processibus
1678 3003 1763 3080 par-

340 3111 440 3187 cium
456 3107 727 3215 predictarnm,
742 3133 811 3211 per
825 3105 928 3183 curie
942 3122 1070 3183 nostre
1080 3103 1289 3214 judicium,
1307 3104 1452 3182 dictum
1465 3103 1538 3181 fuit
1548 3104 1762 3211 predictum

335 3240 505 3348 judicem
522 3267 590 3316 seu
608 3236 909 3315 commissarium
928 3236 1028 3315 benc
1044 3235 1248 3343 judicasse,
1275 3252 1313 3313 et
1328 3235 1448 3313 dictos
1468 3236 1764 3341 condempnatos

341 3368 438 3449 male
457 3369 680 3476 appellasse,
695 3383 734 3445 ct
746 3365 818 3443 fuit
836 3366 926 3443 dicti
940 3365 1082 3474 judicis
1096 3366 1282 3443 sententia
1300 3364 1535 3457 confirmatu,
1556 3365 1763 3471 condemp-

340 3502 515 3607 navitque
539 3500 643 3577 curie
660 3514 787 3575 nostra
806 3496 961 3575 eosdem
987 3495 1160 3575 consules
1185 3512 1224 3572 et
1241 3494 1497 3573 universitates
1517 3494 1608 3572 dicti
1628 3494 1765 3573 Castri-

340 3632 433 3711 Novi
448 3648 487 3708 et
500 3630 582 3736 ejus
593 3628 736 3736 bajulie
754 3628 801 3705 ad
814 3626 1055 3705 reddendum
1070 3626 1234 3733 dampna
1244 3626 1413 3733 predicta
1425 3643 1463 3702 et
1477 3616 1632 3733 injurias
1647 3628 1765 3733 passis
1889 3652 1893 3661 ·

270 3833 279 3838 .
340 3762 427 3839 ville
447 3759 598 3841 Galliaci
612 3757 784 3866 predicte
799 3776 986 3837 trecentas
1001 3757 1116 3836 libras
1131 3784 1331 3864 parvorum
1347 3757 1625 3835 Turonensium
1643 3757 1765 3837 bono-

293 3996 298 4005 ·
341 3922 445 3982 rum,
466 3921 540 3998 pro
554 3891 729 3997 dampnis
748 3910 787 3968 et
804 3890 952 3999 injuriis
967 3857 1199 3994 supradictis.

398 4024 596 4103 Dominica
615 4022 793 4129 predicta.

401 4155 507 4235 Greci
527 4153 738 4261 reportavit.

398 4422 555 4499 LXXIV.
586 4421 684 4499 Cum
705 4436 809 4498 mota
826 4417 957 4497 fuisset
976 4418 1164 4502 discordia
1183 4418 1223 4495 in
1243 4418 1346 4495 curia
1364 4434 1491 4497 nostra
1511 4416 1610 4494 inter
1629 4413 1767 4521 episco-

341 4579 433 4656 pum
446 4551 726 4640 Bclvacsnsem,
744 4580 789 4628 ex
799 4578 875 4647 una
889 4567 1011 4656 parte,
1027 4566 1066 4626 et
1080 4549 1261 4656 majorem
1279 4564 1318 4625 et
1331 4574 1438 4653 pares
1451 4545 1708 4635 Belvacenses,
1724 4574 1768 4623 ex

343 4682 474 4770 altera,
496 4711 609 4789 super
629 4683 674 4761 eo
695 4682 801 4789 quod
820 4681 911 4758 dicti
930 4680 1052 4788 major
1070 4694 1108 4756 et
1127 4706 1255 4787 pares,
1278 4706 1350 4757 suo*
1375 4694 1412 4754 et
1431 4676 1645 4754 communie
1666 4675 1766 4753 dicte

343 4811 427 4887 ville
445 4813 616 4901 nomine,
634 4811 811 4890 dicebant
823 4829 862 4890 ct
872 4810 1137 4917 proponebant
1154 4810 1260 4917 quod
1279 4809 1350 4915 ipsi
1369 4810 1427 4886 usi
1447 4806 1597 4886 fuerant
1612 4824 1648 4884 et
1663 4824 1770 4885 crant

344 4943 384 5018 in
396 4940 532 5019 saisina
543 4944 708 5047 ponendi
720 4943 852 5049 gardas
867 4971 934 5020 seu
948 4942 1124 5020 custodes
1138 4941 1177 5018 in
1192 4941 1292 5031 lana,
1305 4940 1383 5028 filo,
1398 4937 1626 5017 tincturariis
1639 4956 1677 5015 et
1686 4936 1769 5014 aliis

282 5098 292 5113 ⁶
344 5072 563 5153 necessariis
581 5075 628 5152 ad
648 5101 790 5180 pannos
808 5074 1000 5156 faciendos
1018 5073 1058 5151 in
1077 5090 1156 5152 tota
1174 5071 1261 5152 villa
1277 5069 1508 5161 belvacensi,
1527 5098 1568 5149 ac
1582 5060 1767 5175 puniendi
