4450 6209
749 737 1018 850 55555555
1044 758 1108 829 55
1135 738 1340 832 555555.
1683 762 1756 836 555

334 922 409 972 una
427 911 548 1001 parte,
565 912 603 974 et
613 897 869 977 Veneencium
882 897 1049 975 Bernerii
1060 957 1070 987 ,
1083 897 1292 1002 Feliseturn
1303 899 1511 978 Clementis
1523 916 1562 977 55
1572 899 1757 1007 quosdam
1795 913 1927 968 555555
1938 911 1985 973 tv,

333 1026 429 1104 51155
439 1026 490 1104 de
501 1027 701 1106 Cerasariis
718 1029 789 1108 sibi
807 1030 1051 1118 adherentes,
1068 1057 1112 1106 ex
1128 1029 1260 1119 altera,
1279 1059 1395 1137 super
1409 1030 1576 1137 quodam
1589 1029 1758 1137 judicato
1858 1004 1922 1050 Μ’

310 1159 565 1265 ’5555155555
585 1159 1012 1255 1551115555,·55(1151555,
1039 1161 1127 1238 dato
1149 1179 1278 1239 contra
1296 1162 1417 1240 dictos
1440 1162 1616 1242 homines
1632 1179 1674 1240 et
1690 1189 1759 1269 pro

333 1289 435 1367 dicto
453 1308 694 1398 preceptore,
714 1292 808 1370 sacta
828 1293 901 1371 luit
916 1321 1031 1400 super
1048 1293 1123 1370 hoc
1139 1293 1354 1371 commissio
1370 1323 1440 1401 per
1456 1311 1602 1372 nostras
1617 1293 1761 1371 litteras

332 1421 444 1498 certis
463 1423 714 1514 auditoribus,
742 1424 791 1500 ad
816 1424 1079 1531 recipiendum
1098 1441 1137 1500 55
1156 1424 1446 1503 examinandum
1469 1442 1584 1502 testes
1604 1424 1761 1501 indicta

332 1579 458 1642 causa,
472 1552 577 1630 nulla
590 1555 791 1632 moncione
803 1553 898 1631 faeta
909 1555 956 1631 de
971 1554 1073 1631 dicto
1084 1552 1242 1644 ballivm
1258 1554 1467 1660 eademque
1476 1553 1540 1631 die
1552 1554 1650 1630 dicta
1664 1582 1762 1632 oom-

334 1683 464 1761 missio
486 1684 630 1762 eisdem
659 1684 896 1762 auditoribus
919 1702 1091 1762 renovata
1116 1685 1205 1774 fuit,
1233 1701 1390 1791 propter
1415 1684 1655 1762 addicionem
1675 1685 1764 1762 bal·

333 1813 412 1903 livi,
435 1832 680 1922 partemoum
699 1816 800 1893 dicto
817 1814 1243 1924 preceptorefacicntis,
1257 1816 1298 1891 in
1312 1833 1497 1922 quantum
1516 1844 1604 1893 eum
1619 1817 1760 1925 tangit:

333 1946 494 2053 Visaque
514 1946 613 2024 dicta
633 1948 823 2053 inquestn,
848 1948 936 2053 quia
954 1964 1147 2053 repertum
1176 1963 1234 2023 555
1253 1946 1376 2025 dictos
1395 1947 1606 2035 auditores,
1627 1948 1763 2024 virtute

335 2077 521 2154 dictarum
539 2077 709 2184 priorum
730 2077 940 2155 litterarum
957 2095 1172 2156 nostrarum
1190 2107 1266 2155 non
1282 2077 1507 2156 faciencium
1524 2079 1763 2156 mencionem

336 2210 383 2286 de
410 2209 511 2287 dicto
536 2209 684 2298 ballivo,
709 2211 947 2315 processisse,
975 2238 1046 2286 nec
1069 2228 1222 2317 apparet
1241 2211 1366 2317 ipsum
1387 2209 1569 2288 ballivum
1593 2225 1765 2288 vocatum

334 2339 461 2428 fuisse,
477 2369 546 2448 per
558 2341 660 2417 curie
674 2356 800 2417 nostre
806 2341 1014 2446 judicium,
1027 2341 1125 2417 dicta
1139 2341 1312 2448 inquesta
1325 2339 1397 2417 fuit
1407 2341 1574 2417 totaliter
1586 2341 1762 2430 anullare,

336 2489 375 2548 et
388 2471 534 2548 dictum
547 2469 619 2548 luit
630 2471 752 2577 quod,
769 2470 816 2547 de
830 2498 943 2559 novo,
962 2470 1023 2549 alii
1038 2471 1322 2579 deputabuntur
1334 2471 1527 2549 auditores
1539 2471 1587 2547 ad
1599 2469 1767 2549 reficien-

337 2603 430 2679 dum
456 2602 666 2709 inquestam
685 2599 904 2708 predictam.

393 2733 523 2812 Martis
546 2749 632 2839 post
655 2731 1002 2810 Annunciacionem
1029 2733 1269 2811 dominicam.

392 2865 439 2942 P:
454 2865 619 2972 Mangon
637 2861 890 2971 {reportavit}

393 2996 548 3076 Tradita
566 2994 640 3074 tuit
659 2994 907 3073 auditoribus.

395 3261 437 3336 L.
470 3257 567 3336 Cum
583 3259 821 3336 ·Vsncencius
839 3259 1025 3349 Bernerii,
1047 3256 1231 3334 Felisetus
1250 3257 1459 3335 Clementis
1478 3274 1518 3334 55
1534 3259 1690 3364 quidam
1704 3259 1768 3336 alii

339 3390 388 3465 de
414 3389 615 3467 Cerasariis
641 3387 720 3466 sihi
744 3389 989 3480 adherentes,
1018 3389 1057 3466 in
1084 3416 1195 3465 55555
1220 3388 1487 3494 appellacionis
1511 3389 1701 3496 litigantes
1728 3391 1768 3466 in

339 3521 442 3597 cur-ia
463 3535 589 3598 nostra
607 3537 734 3597 contra
753 3535 1015 3626 preceptorem
1031 3517 1233 3626 Hospitalis
1253 3520 1303 3596 de
1319 3517 1536 3608 Cerasariis,
1553 3520 1665 3598 nobis
1678 3521 1769 3600 luis·

336 3669 424 3731 sent
442 3651 637 3758 conquesti
658 3651 709 3727 de
734 3651 836 3727 dicto
858 3666 1096 3757 preceptore,
1115 3677 1297 3756 supereo
1319 3651 1425 3756 quod
1447 3648 1551 3727 idem
1570 3667 1771 3758 preceptor

339 3801 381 3860 et
402 3786 482 3893 ejus
503 3783 707 3890 complices
728 3783 947 3890 magistrum
964 3782 1199 3860 Bernardum
1220 3783 1269 3859 de
1285 3782 1527 3890 Villa-Regia,
1548 3784 1769 3862 advocatum

341 3915 531 3994 dictorum
553 3917 951 4023 conquerencinm,tut
967 3915 1118 4008 dicitur,
1139 3916 1355 3993 invaserunt
1371 3934 1411 3993 et
1423 3916 1548 3994 eidem
1560 3933 1682 3994 tantas
1699 3917 1771 3993 rni-

342 4075 407 4122 nas
426 4045 635 4122 intulerunt
660 4046 764 4152 quod
782 4073 860 4121 555
881 4045 953 4122 1515
972 4075 1085 4124 55555
1105 4075 1230 4124 coram
1249 4046 1508 4140 auditoribus,
1533 4075 1603 4156 per
1626 4049 1769 4126 curiam

343 4191 506 4254 nostram
522 4173 636 4264 datis,
651 4175 690 4250 in
704 4174 803 4252 dicta
816 4173 1083 4282 appellacionis
1096 4205 1220 4265 causa,
1236 4205 1303 4283 pro
1320 4178 1429 4254 dictis
1444 4179 1665 4256 homiuibus
1683 4208 1771 4286 pos·

342 4308 479 4397 tulare,
500 4335 592 4413 que,
620 4306 651 4383 si
676 4333 760 4382 vera
786 4325 928 4396 essent,
957 4307 1050 4385 lacta
1071 4326 1197 4385 essent
1220 4309 1260 4384 in
1281 4308 1510 4415 vituperium
1534 4325 1708 4386 nostrum
1733 4326 1771 4386 et

344 4441 534 4517 dictorum
559 4439 877 4544 conquerencium
907 4437 1161 4546 prejudicium
1186 4454 1225 4514 et
1247 4467 1460 4545 gravamen,
1487 4441 1771 4546 propterquod

344 4571 501 4648 fecimus
515 4570 563 4647 de
573 4569 753 4676 predictis
765 4570 914 4678 inqusri
925 4571 1137 4647 veritatem:
1147 4569 1235 4650 Visa
1247 4569 1474 4676 igitur‘dicta
1485 4569 1669 4676 inquesta,
1682 4571 1771 4676 quia

344 4718 536 4808 repertum
563 4717 618 4778 est
643 4700 786 4776 dictum
806 4717 1066 4808 preceptorem
1091 4699 1364 4780 dismentivisse
1385 4699 1529 4777 dictum
1550 4702 1770 4807 magistrum

346 4833 593 4921 Bernardum,
604 4859 733 4910 coram
744 4832 856 4910 dictis
865 4832 1120 4922 auditoribus,
1136 4849 1371 4940 proponente
1380 4849 1418 4909 et
1427 4832 1608 4940 loquente
1617 4859 1688 4939 pro
1698 4833 1772 4910 die

345 4965 393 5040 tis
411 4961 646 5054 hominibus,
663 4963 847 5072 pluraque
865 4961 1068 5070 obprobria
1086 4963 1435 5056 dixissemidem,·et
1451 4965 1708 5042 eciamminas
1720 4962 1773 5040 ei-

347 5095 435 5172 dem
450 5093 640 5185 intulisse,
659 5121 809 5173 necnon
818 5094 1127 5202 dictumllupin,
1138 5093 1424 5174 tuuoclericum
1438 5095 1772 5202 dictipoeceptoris

1616 5271 1665 5333 70.
