4450 6209
749 695 1015 807 scontros
1041 714 1104 787 ur
1129 692 1333 788 raocts.
1682 715 1752 790 aar

335 856 394 935 dis
405 854 645 966 pignoribus,
667 856 817 936 racione
833 855 932 933 dicte
947 853 1051 946 tallia
1069 856 1186 961 captis
1201 855 1241 931 in
1255 854 1339 933 loco
1351 855 1523 962 predicto
1539 856 1588 936 de
1604 856 1758 936 Alman-
1796 868 1926 925 Parum
1940 868 1982 930 u,

334 988 394 1065 nis
406 1014 474 1092 per
486 960 801 1095 super-bajullum
815 985 864 1064 de
878 984 998 1075 Arrio,
1011 984 1267 1091 pendentibus
1275 984 1513 1092 processibus
1524 985 1673 1093 primis,
1692 985 1759 1066 lac·
1809 1007 1814 1015 '
1858 963 1921 1005 Μ’

334 1134 434 1211 tum,
447 1118 693 1197 reduceretur
708 1117 747 1195 in
762 1134 900 1205 statum
918 1116 1118 1223 pristinum
1130 1116 1171 1194 in
1182 1144 1260 1225 quo
1271 1134 1351 1193 erat
1359 1132 1530 1224 tempore
1542 1146 1620 1226 quo
1633 1118 1760 1225 primo

337 1248 460 1327 littera
477 1247 566 1327 dicti
581 1248 778 1327 senescalli
793 1275 907 1355 super
920 1247 992 1325 hoc
1010 1247 1059 1325 ad
1071 1246 1216 1325 dictum
1230 1247 1402 1356 judicem
1424 1250 1626 1339 emanavit,
1637 1250 1760 1329 atalia

336 1381 376 1457 in
398 1379 508 1459 dictis
528 1378 662 1458 litteris
679 1378 873 1459 senescalli
892 1378 1053 1487 predicti
1072 1394 1249 1457 contenta
1262 1379 1302 1455 in
1320 1406 1390 1457 suo
1409 1379 1547 1459 robore
1563 1408 1761 1487 permane-

335 1526 438 1599 rent3
460 1538 578 1615 aqua
595 1510 785 1589 sentencia
804 1538 887 1617 pars
910 1526 1089 1616 utraque,
1112 1509 1153 1587 in
1178 1526 1362 1616 quantum
1387 1527 1517 1589 contra
1533 1512 1658 1617 ipsum
1685 1512 1760 1591 lata

338 1660 433 1731 erat,
448 1641 498 1720 ad
509 1657 675 1720 nostram
691 1640 831 1720 curiam
846 1639 1045 1746 appellavit
1060 1672 1070 1717 a
1085 1641 1258 1719 Partibus
1276 1621 1392 1747 igitur
1408 1641 1588 1748 predictis
1607 1644 1647 1720 in
1664 1643 1763 1722 dieta

337 1772 604 1880 appellacionis
619 1801 728 1851 causa
738 1772 778 1849 in
792 1788 919 1851 nostra
937 1772 1043 1851 curia
1056 1772 1363 1877 comparentibus
1379 1789 1419 1850 et
1432 1772 1587 1863 auditis,
1599 1774 1761 1881 visisque

336 1903 573 2011 processibus
592 1902 772 1981 omnibus
790 1901 1030 2008 supradictis,
1047 1930 1117 2007 per
1135 1900 1239 1979 carie
1262 1918 1390 1981 nostre
1403 1902 1596 2010 judicium
1618 1904 1763 1983 dictum

339 2036 409 2114 luit
418 2035 633 2141 predictum
647 2034 1032 2141 judicem,quantum
1051 2031 1101 2109 ad
1117 2032 1403 2113 restitucionem
1423 2032 1612 2115 dictorum
1630 2036 1765 2143 pigno·

339 2197 425 2245 rum
446 2168 486 2245 in
506 2166 706 2275 pristinum
731 2182 870 2246 statum
895 2162 1122 2257 faciendam,
1144 2164 1244 2244 bene
1269 2166 1557 2273 pronunciasse,
1584 2183 1624 2245 et
1646 2166 1765 2247 dictos

342 2296 514 2377 consules
531 2295 579 2374 de
598 2297 729 2377 Mauso
743 2294 912 2403 predicto
930 2293 1027 2371 male
1046 2294 1270 2402 appellasse3
1286 2314 1571 2405 quantum'vcro
1581 2297 1630 2373 ad
1643 2296 1714 2375 alia
1724 2298 1764 2375 in

343 2429 442 2509 dicto
454 2428 625 2536 judicato
641 2444 831 2515 contante,
844 2426 967 2533 ipsum
976 2425 1148 2533 judicem
1161 2428 1261 2506 male
1269 2427 1475 2536 judicasse,
1487 2444 1526 2505 et
1540 2426 1661 2506 dictos
1674 2456 1765 2507 con-

341 2559 443 2639 sules
458 2558 506 2639 de
521 2558 631 2637 Arrio
652 2586 765 2665 super
784 2555 858 2635 hoc
875 2554 975 2639 bcae
995 2557 1213 2665 appellasse.

395 2689 594 2771 Dominica
612 2706 697 2797 post
714 2687 973 2769 Candelosam.
1032 2778 1037 2789 ¹
1081 2792 1086 2803 ¹

399 2822 505 2901 Greci
524 2822 738 2928 reportavit.

399 3088 557 3171 XXXIV.
590 3088 670 3167 Lite
694 3106 797 3169 mota
814 3116 940 3168 coram
963 3082 1102 3167 ballivo
1129 3085 1299 3195 lingonis
1320 3089 1370 3167 de
1394 3088 1553 3179 Bovilla,
1575 3090 1707 3170 militia
1731 3107 1769 3169 et

344 3220 564 3299 canabellaui
579 3218 723 3297 domini
743 3221 871 3327 Regis,
885 3220 986 3298 inter
999 3219 1229 3310 lohannam,
1243 3218 1412 3297 relictam
1428 3219 1597 3299 defuncti
1617 3222 1717 3299 Petri
1732 3222 1769 3300 le

345 3353 471 3460 Coup,
498 3352 545 3429 de
565 3350 734 3458 Capella,
762 3350 955 3458 armigeri,
979 3348 1196 3431 Mathildim
1216 3367 1255 3426 et
1270 3350 1500 3443 Johanuam,
1523 3351 1619 3429 [ilias
1644 3368 1681 3429 et
1700 3351 1781 3465 ¹¹⁰⁶,

343 3484 454 3561 redes
474 3482 564 3561 dicti
585 3480 753 3561 defuncti
773 3482 889 3572 Petri,
908 3497 1074 3588 exparte
1095 3507 1187 3571 una,
1204 3496 1244 3557 et
1262 3478 1474 3583 Guarinum
1492 3480 1637 3586 metum
1659 3483 1768 3560 Mou-

345 3632 428 3705 net,
448 3615 604 3693 nomine
623 3642 692 3693 suo
706 3630 745 3693 et
756 3613 911 3692 nomine
922 3610 1183 3719 procuratorio
1197 3609 1453 3717 quorumdam
1467 3610 1628 3691 aliorum
1646 3612 1770 3691 homi-

346 3773 438 3823 num
448 3744 533 3823 ville
548 3745 596 3823 de
617 3744 771 3852 Capella
785 3745 824 3822 in
845 3772 979 3821 eorum
997 3740 1258 3849 procuratorio
1277 3758 1561 3831 contentorum,
1576 3770 1621 3819 er
1636 3742 1768 3832 altera,

345 3904 516 3985 supereo
529 3877 637 3985 quod
655 3874 830 3954 dicebant
842 3874 940 3954 dicte
954 3872 1155 3952 domicella
1169 3871 1292 3980 quod,
1305 3900 1392 3949 cum
1413 3870 1513 3951 dicto
1533 3874 1662 3963 Petro,
1674 3892 1773 3951 tem-

346 4034 438 4114 pore
456 4034 532 4113 quo
551 4008 632 4115 ipse
651 4006 812 4115 vivebat,
832 4024 1011 4113 tanquam
1029 4004 1190 4111 prodigo
1210 4020 1250 4081 et
1273 4000 1464 4081 bonomm
1487 4030 1645 4081 suorum
1664 4004 1773 4083 dissi·

347 4154 494 4244 patore,
516 4136 565 4213 ad
574 4134 865 4243 requisicionem
882 4136 1089 4212 amicorum
1106 4134 1300 4242 ejusdem,
1313 4162 1357 4210 ex
1368 4152 1476 4240 parte
1491 4132 1636 4212 domini
1646 4136 1770 4244 Regis,

348 4265 627 4347 administracio
643 4265 833 4343 bonorum
845 4292 1000 4343 suorum
1011 4262 1144 4341 luisset
1157 4262 1323 4343 totaliter
1338 4264 1557 4356 interdicta,
1570 4281 1611 4342 et
1621 4264 1773 4372 publice

349 4416 387 4479 et
406 4396 651 4505 solempniter
668 4396 709 4473 in
729 4395 825 4474 villis
845 4394 891 4473 de
908 4392 1142 4501 Capella,'de
1163 4393 1364 4473 Gressibus
1381 4411 1420 4472 et
1432 4394 1515 4473 aliis
1532 4394 1625 4472 loeis
1643 4394 1773 4474 vicinis

348 4530 618 4639 proclamatum
637 4556 686 4605 ne
706 4527 792 4635 quis
812 4526 914 4604 diac
928 4526 1039 4603 Petro
1054 4524 1235 4603 venderet
1249 4552 1316 4603 seu
1336 4525 1384 4603 ab
1404 4525 1541 4603 codem
1558 4542 1703 4603 emeret
1715 4528 1773 4603 vel

254 4734 258 4739 .
349 4663 438 4743 alias
457 4660 696 4741 conueheret
719 4656 1012 4765 quomodolibet
1033 4684 1121 4734 cum
1141 4656 1298 4745 eodema
1316 4653 1573 4761 petebantque
1594 4654 1692 4733 dicte
1712 4656 1775 4733 do

351 4792 499 4869 micelle
515 4791 773 4881 vendiciones,
786 4788 1089 4895 permutaciones
1102 4816 1170 4865 scu
1184 4786 1436 4865 alienaciones
1450 4784 1700 4893 quarumdam
1713 4788 1775 4865 he·

322 4963 323 4967 ¹
351 4922 574 5012 reditatum,
588 4921 635 4999 de
658 4920 798 5029 quibus
815 4920 910 4999 lacta
927 4918 1001 4997 luit
1014 4918 1206 5011 ostendo,
1221 4944 1315 5024 quas
1333 4915 1581 5007 hereditates,
1598 4933 1774 5023 tanquam

353 5082 449 5142 suaa,
464 5054 616 5132 tenebat
626 5070 665 5133 et
675 5052 905 5161 possidebat,
917 5068 1087 5158 tempore
1102 5050 1193 5129 dicti
1207 5048 1415 5161 interdicti,
1427 5049 1620 5156 pradictus
1631 5050 1773 5139 Petrus,
