4450 6209
510 753 532 826 l
1093 750 1185 827 LES
1211 748 1354 827 OLlM.

281 902 473 982 neaeman,
510 923 673 1005 cumque
705 910 829 1003 partes
854 894 935 1003 ipse
959 918 1173 1002 proponere
1204 890 1409 971 voluerunt
1434 904 1472 971 et
1498 918 1574 1001 que
1600 908 1767 972 nostram
1795 896 1943 974 curiam

343 998 407 1043 lm.

509 1053 660 1105 movere
678 1039 855 1133 poterant
874 1040 913 1101 et
931 1022 1138 1119 debebant,
1160 1052 1229 1131 per
1248 1023 1367 1131 ipsius
1381 1021 1483 1101 curie
1499 1040 1629 1103 nostre
1643 1022 1835 1131 judicium
1850 1054 1945 1135 pro-

508 1156 729 1236 nunciatum
746 1155 867 1235 extitit
878 1184 992 1263 supra
1011 1155 1133 1237 dictos
1147 1155 1330 1264 majorem
1349 1170 1388 1235 et
1396 1154 1561 1264 juratos,
1580 1156 1736 1237 nomine
1751 1184 1819 1237 sue
1833 1186 1943 1239 com·

509 1288 640 1369 munic
658 1289 756 1368 dicte
773 1286 879 1377 ville,
900 1314 979 1365 esse
996 1286 1044 1365 de
1061 1286 1163 1365 dicto
1183 1284 1407 1395 prisionario
1424 1284 1676 1377 rescsiendos,
1695 1285 1942 1367 salvatamen

508 1422 707 1531 questione
725 1419 966 1529 proprietatis
984 1448 1054 1527 pro
1072 1418 1184 1497 nobis
1201 1434 1330 1497 contra
1346 1417 1463 1525 ipsos,
1483 1419 1513 1497 si
1531 1436 1571 1499 et
1586 1419 1740 1529 quando
1760 1420 1940 1529 expedire

508 1551 715 1631 viderimus
733 1550 964 1629 intentanda.

563 1818 606 1894 Π.
637 1815 725 1895 Visa
742 1816 914 1923 inquesta
932 1829 971 1891 et
985 1812 1246 1891 instrumentis
1260 1812 1455 1921 productis
1470 1842 1514 1891 ex
1529 1828 1634 1923 parte
1651 1813 1852 1893 hominum
1868 1844 1939 1924 po-

508 1945 718 2056 pulacionis
737 1944 932 2054 parrochie
950 1944 1275 2024 Sancti-lobannis
1289 1943 1378 2023 ville
1398 1943 1610 2034 Stellensis,
1628 1944 1668 2022 in
1683 1945 1859 2039 Navarra,
1874 1976 1939 2025 su-

507 2109 576 2188 per
594 2078 898 2186 impositionibus
916 2105 1211 2185 superconsuum
1232 2104 1345 2185 super
1366 2076 1544 2157 domibus
1563 2076 1809 2171 eorumdem,
1831 2106 1940 2157 man-

509 2212 642 2289 datum
654 2210 744 2304 luit,
759 2240 827 2318 per
840 2209 982 2289 litteras
993 2209 1121 2319 Regis,
1136 2208 1380 2319 gubernatori
1390 2209 1548 2287 Navarre
1561 2210 1666 2319 quod
1677 2210 1757 2318 ipse
1769 2230 1939 2290 amoveat

507 2342 827 2450 impedimentum
844 2366 959 2448 super
978 2338 1050 2419 hoc
1069 2340 1283 2448 appositum
1302 2368 1370 2449 per
1390 2356 1520 2447 gentes
1540 2340 1666 2447 Regis,
1687 2340 1795 2449 cujus
1811 2340 1936 2421 littere

506 2475 619 2583 Regis
638 2491 749 2553 tenor
766 2472 904 2583 ligatus
924 2472 1040 2551 estin
1059 2473 1233 2581 inquesta
1253 2471 1431 2581 predicta.

561 2742 620 2817 ΠΙ.
652 2740 750 2818 Cum
771 2757 852 2817 orta
873 2756 971 2817 esset
990 2738 1177 2817 discordia
1198 2738 1297 2816 inter
1315 2738 1491 2817 homines
1506 2737 1553 2815 de
1569 2735 1716 2817 Chalou
1735 2753 1775 2816 et
1794 2737 1841 2817 de
1857 2740 1938 2818 Mo-

506 2870 807 2961 lendinisNovis,
823 2898 866 2945 ex
882 2897 957 2948 una
968 2884 1091 2975 parte,
1106 2896 1149 2945 ac
1163 2885 1423 2975 preceptorem
1439 2887 1478 2947 et
1492 2886 1622 2979 gentes
1635 2867 1772 2947 domus
1785 2870 1936 2979 Templi

509 3004 557 3081 de
574 2999 742 3091 Chalou,
757 3028 801 3077 ex
814 3000 949 3091 altera,
965 3027 1138 3107 supereo
1152 2999 1258 3108 quod
1273 3000 1362 3078 dicti
1377 3003 1553 3081 homines
1567 3002 1752 3080 dictarum
1762 3000 1936 3081 villarum

509 3132 685 3211 dicebant
703 3131 809 3239 quod
828 3131 899 3239 ipsi
920 3132 977 3212 uti
996 3146 1172 3239 poterant
1189 3130 1438 3211 et-debebant
1457 3134 1505 3211 de
1525 3132 1736 3213 franchisiis
1753 3135 1937 3214 concessis

507 3296 529 3343 a
547 3263 702 3373 regibus
720 3264 874 3342 Francia
893 3262 1115 3342 hominibus
1135 3264 1183 3341 de
1204 3264 1395 3357 Lorriaco,
1418 3281 1457 3342 et
1475 3264 1579 3373 quod
1599 3265 1669 3372 ipsi
1688 3266 1835 3345 suntin
1855 3294 1935 3377 say-

508 3398 589 3477 sina
601 3398 707 3506 quod
719 3415 849 3507 gentes
857 3396 1008 3504 Templi
1020 3422 1097 3475 non
1110 3413 1269 3503 possunt
1277 3395 1400 3475 levare
1414 3398 1767 3477 acommorantibus
1778 3414 1815 3477 et
1828 3398 1936 3478 babi-

503 3528 676 3609 tantibus
694 3529 734 3607 in
755 3529 865 3607 dictis
884 3529 1001 3618 villis,
1024 3528 1055 3606 si
1075 3526 1211 3635 aliquis
1231 3556 1363 3607 eorum
1385 3528 1536 3607 caderet
1557 3529 1598 3607 in
1618 3528 1841 3623 emendam,
1862 3530 1935 3611 nisi

505 3660 685 3740 emendas
706 3659 957 3747 abbreviatas,
978 3674 1094 3765 prout
1113 3658 1154 3733 in
1174 3685 1307 3735 eorum
1326 3658 1529 3770 privilegiis
1550 3660 1775 3754 continetur,
1794 3660 1936 3741 scilicet

503 3792 555 3869 de
571 3789 744 3867 emendis
758 3818 833 3896 que
851 3806 940 3866 sunt
953 3817 1022 3895 per
1035 3802 1270 3867 constumam
1286 3804 1405 3868 taxata
1420 3791 1469 3869 ad
1482 3792 1668 3900 sexaginta
1681 3791 1845 3885 solidos,
1862 3792 1934 3873 nisi

506 3922 677 4028 qrrinque
690 3920 834 3999 solidos
847 3920 1133 4013 tantummodo,
1151 3937 1204 4010 et,
1221 3920 1268 3999 de
1285 3921 1498 4001 minoribus
1513 3952 1626 4031 quarn
1641 3924 1845 4032 sexaginta,
1861 3914 1933 4003 nisi
2032 3970 2036 3982 .

509 4052 714 4131 duodecim
729 4053 919 4142 denarios,
935 4069 988 4142 et,
1006 4053 1052 4131 de
1066 4050 1141 4131 illis
1154 4052 1202 4130 de
1217 4052 1476 4160 ajornamento
1491 4056 1537 4133 de
1552 4056 1740 4133 sexdecim
1752 4054 1931 4147 denariis,

503 4184 576 4263 nisi
589 4202 754 4293 quatuor
770 4185 945 4263 denarios
955 4184 1244 4277 tantummodo,
1266 4186 1376 4263 dictis
1393 4186 1618 4294 Templariis
1638 4189 1686 4266 de
1705 4187 1856 4268 Chalou
1875 4216 1933 4266 as·

503 4318 716 4397 serentibus
731 4318 771 4394 in
785 4317 1026 4408 contrarium,
1042 4345 1113 4423 pro
1132 4316 1313 4424 Templo,
1334 4335 1462 4396 contra
1483 4318 1603 4399 dictos
1620 4319 1807 4413 homines,
1826 4320 1931 4428 quod

502 4450 706 4557 Templum
729 4465 786 4528 est
807 4450 847 4526 in
868 4450 970 4528 bona
990 4448 1143 4537 saisina,
1168 4466 1208 4526 et
1229 4450 1334 4558 quod
1357 4450 1428 4557 ipsi
1451 4451 1508 4529 usi
1527 4467 1633 4541 sunt,
1651 4480 1673 4529 a
1693 4468 1865 4558 tempore
1884 4451 1931 4529 de

501 4610 579 4687 quo
595 4582 780 4660 memoria
795 4581 836 4658 in
852 4581 1083 4659 contrarium
1106 4608 1186 4658 non
1206 4581 1348 4674 existit,
1372 4582 1419 4659 de
1443 4582 1628 4670 tenendo,
1641 4582 1872 4689 justiciando
1894 4600 1932 4661 et

501 4710 750 4821 gubernando
770 4712 887 4791 dictas
908 4713 1003 4791 duas
1019 4714 1125 4793 villas
1141 4716 1189 4793 de
1207 4712 1355 4793 Chalou
1380 4730 1418 4791 et
1438 4714 1486 4792 de
1505 4714 1871 4795 Molendinis-Novis
1888 4744 1930 4794 ac

501 4860 779 4947 commorantes
801 4862 839 4922 et
858 4844 1070 4924 habitantes
1093 4846 1134 4923 in
1157 4844 1300 4923 eisdem
1325 4843 1441 4935 villis,
1466 4846 1514 4923 cd
1540 4874 1631 4925 usus
1656 4864 1695 4925 et
1715 4862 1929 4927 constumas

500 4974 620 5083 patrie
640 4990 679 5051 et
694 4975 867 5053 villarum
885 4975 1088 5056 vicinarum
1106 5006 1186 5057 non
1201 4976 1541 5085 privilegiatorum:
1561 4980 1755 5073 Tandem,
1775 4977 1851 5057 visa
1872 4976 1929 5055 in-

500 5124 633 5215 questa
648 5134 762 5214 super
783 5107 867 5194 hoc,
888 5108 1132 5188 demandato
1152 5126 1293 5199 nostro,
1312 5109 1421 5201 lacta,
1439 5109 1526 5189 visis
1540 5113 1659 5189 eciam
1676 5110 1786 5189 cartis
1799 5126 1841 5189 et
1852 5106 1928 5217 pri·
