4450 6209
420 646 427 657 ’
514 697 564 767 eo
760 678 763 684 ’
1098 694 1189 767 nos
1219 691 1356 767 ocur.

285 840 472 906 serumst,
512 836 647 929 baudi,
677 837 759 946 ejus
780 836 951 925 fratrem,
979 834 1136 925 exalia,
1165 862 1279 941 super
1303 862 1349 912 eo
1378 832 1484 941 quod
1509 831 1631 909 dictus
1651 828 1809 911 Colinus
1834 850 1939 939 pete·

513 969 578 1047 bat
602 998 623 1045 a
648 968 750 1046 dicto
774 968 951 1077 magistro
974 968 1145 1045 Johanna
1169 964 1252 1044 fieri
1276 965 1346 1045 sibi
1372 964 1600 1071 peticionem
1624 992 1691 1041 seu
1716 963 1935 1043 divisionem

513 1118 790 1208 conquestuum
817 1126 914 1207 quos
942 1096 1022 1205 ipse
1046 1097 1238 1176 lohannes
1262 1094 1399 1175 fecerat
1422 1124 1443 1173 a
1466 1112 1637 1202 tempore
1667 1094 1802 1172 mortis
1825 1096 1935 1204 patris

512 1231 725 1309 communis
742 1230 931 1337 ipsorum;
948 1228 1051 1307 dicto
1067 1228 1245 1339 magistro
1257 1228 1446 1319 Iohanne,
1461 1225 1635 1332 pluribus
1652 1225 1882 1315 rosionibus,
1896 1228 1932 1303 in

347 935 410 978 1³⁰⁰.

516 1361 743 1439 contrarium
759 1374 1016 1467 proponente,
1034 1377 1073 1437 et
1087 1360 1236 1439 dicente
1254 1386 1293 1437 se
1311 1358 1360 1436 ad
1378 1357 1546 1465 predicta
1564 1386 1642 1437 non
1656 1356 1801 1446 teneri,
1817 1358 1933 1437 dictus

509 1493 740 1599 prepositus,
756 1520 826 1599 pro
841 1491 943 1570 dicto
957 1492 1136 1599 magistro
1149 1489 1340 1582 Iohanne,
1359 1507 1485 1567 contra
1503 1490 1646 1569 metum
1662 1488 1840 1567 Colinum
1857 1518 1934 1567 sen-

508 1624 670 1701 tenciam
697 1622 967 1702 absolutorium
994 1622 1234 1728 protulisset3
1266 1620 1445 1729 idemque
1469 1620 1628 1699 Colinus
1652 1618 1698 1697 ab
1718 1620 1931 1727 hujusmodi

503 1755 673 1864 judicato
689 1773 819 1834 contra
838 1782 877 1832 se
892 1752 1009 1841 lacto,
1025 1772 1206 1862 tanquam
1222 1783 1242 1831 a
1256 1751 1352 1831 falso
1367 1770 1405 1831 et
1419 1780 1530 1859 pravo
1546 1752 1593 1830 ad
1610 1769 1776 1829 nostram
1796 1754 1930 1829 curiam

509 1884 752 1992 appellasset:
773 1885 962 1974 Tandem,
985 1884 1025 1963 in
1050 1914 1160 1963 causa
1179 1884 1279 1962 dicte
1299 1882 1584 1991 appellacionis,
1606 1881 1744 1961 auditis
1768 1882 1931 1988 partibus

506 2016 596 2094 hinc
616 2034 654 2094 et
674 2018 780 2107 inde,
798 2018 953 2124 visoque
973 2044 1149 2123 processu
1171 2044 1297 2094 coram
1317 2011 1418 2093 dicto
1438 2013 1630 2122 preposito
1648 2041 1761 2119 super
1780 2013 1853 2091 hoo
1873 2014 1932 2091 ha-

507 2147 604 2241 bito,
625 2149 715 2256 quia
732 2177 802 2256 per
821 2150 993 2257 ejusdcm
1008 2176 1204 2256 processus
1219 2148 1492 2255 inspectionem
1510 2146 1613 2225 curie
1628 2161 1753 2226 nostre
1769 2146 1930 2223 constitit

507 2280 612 2386 quod
629 2280 754 2358 dictus
768 2282 996 2389 prepositus,
1013 2307 1129 2387 super
1141 2280 1370 2389 quibusdam
1386 2276 1726 2357 consuetudinibus
1742 2276 1929 2354 hincinde

505 2412 710 2516 propositis
728 2411 936 2519 apartibus
955 2441 1080 2491 coram
1101 2413 1203 2519 ipso,
1226 2440 1297 2491 nec
1318 2410 1586 2519 probacionem
1607 2438 1678 2487 nec
1697 2406 1929 2487 informacio-

507 2570 596 2619 nem
608 2542 772 2649 aliquam
788 2544 945 2650 recepit,
963 2544 1066 2621 curia
1082 2560 1209 2623 nostra
1225 2570 1339 2649 super
1356 2542 1409 2621 eis
1427 2570 1466 2619 se
1483 2540 1682 2649 diligenter
1700 2539 1927 2628 informavit3

505 2673 581 2749 visa
600 2674 715 2781 igitur
736 2674 1008 2753 informacione
1028 2674 1121 2753 lacta
1141 2694 1254 2781 super
1276 2674 1369 2762 hoc,
1391 2700 1459 2780 per
1478 2674 1580 2751 curie
1603 2690 1729 2751 nostre
1744 2671 1928 2779 judicium

506 2804 626 2880 extitit
651 2805 944 2911 pronunciatum
969 2806 1114 2882 dictum
1140 2803 1373 2912 prepositum
1397 2803 1496 2882 bene
1516 2804 1703 2913 judicasse
1727 2819 1764 2879 et
1788 2803 1929 2909 predic-

504 2950 589 3010 tum
610 2931 790 3012 Colinum
810 2934 909 3013 male
930 2934 1158 3042 appellasse,
1179 2934 1278 3013 salvo
1297 2952 1423 3011 tamen
1444 2950 1483 3011 et
1501 2962 1570 3041 per
1588 2935 1745 3013 eandem
1766 2962 1928 3041 pronun·
1991 2917 1995 2925 ¹

506 3064 711 3141 ciacionem
731 3064 833 3143 dicto
853 3062 989 3144 Colino
1008 3082 1192 3143 reservato
1209 3066 1296 3173 jure
1318 3094 1387 3145 suo
1411 3066 1451 3143 in
1472 3064 1667 3160 omnibus,
1688 3066 1719 3145 si
1738 3066 1844 3172 quod
1862 3063 1927 3143 sibi

506 3212 710 3300 competat,
732 3214 861 3274 contra
883 3195 1026 3275 dictum
1046 3197 1264 3305 magistrum
1285 3197 1496 3276 iohannem
1519 3197 1667 3277 racione
1690 3196 1927 3277 successionis

505 3343 685 3405 materne.

561 3459 738 3537 Mercurii
756 3478 843 3567 post
860 3462 995 3539 Letare
1012 3462 1218 3540 Jenrsalem
1231 3468 1253 3541 ¹.

561 3724 717 3802 XXVIII.
747 3726 846 3802 Cum
866 3724 1076 3803 Richardus
1098 3726 1146 3803 de
1167 3726 1427 3817 Chambliaco,
1452 3728 1666 3835 prepositus
1683 3725 1929 3805 Silvanecten-

505 3855 574 3945 sis,
598 3854 917 3962 proquibusdam
940 3856 1214 3935 inobedienciis
1233 3874 1277 3935 'et
1300 3858 1477 3935 rescussis
1498 3888 1591 3965 quas
1613 3859 1693 3965 ipse
1717 3856 1930 3965 imponebat

504 3985 617 4063 Petro
643 3985 681 4063 le
711 3988 896 4077 Descauz,
920 3987 968 4064 de
993 3986 1145 4079 Braele,
1171 4004 1248 4065 tres
1276 3990 1453 4067 emendas
1477 4007 1624 4097 peteret
1647 3990 1693 4067 ab
1718 3990 1873 4077 eodem,
1896 4004 1931 4063 et

504 4134 660 4223 propter
679 4117 753 4195 hoc
767 4118 850 4226 ejus
865 4120 966 4197 hona
981 4120 1161 4228 cepissem
1178 4135 1217 4197 et
1236 4148 1255 4196 e
1272 4138 1401 4198 contra
1417 4120 1540 4199 dictus
1555 4123 1689 4201 Petrus
1704 4139 1931 4229 proponeret

504 4273 560 4334 se,
583 4248 735 4325 racione
762 4247 946 4327 factorum
965 4249 1038 4328 sibi
1063 4249 1344 4356 impositorum,
1373 4252 1412 4327 in
1439 4252 1610 4330 emendis
1635 4251 1826 4359 aliquibus
1855 4280 1930 4330 non

502 4380 642 4455 teneri:
656 4380 826 4457 Tandem
839 4380 1014 4489 inquesta
1025 4382 1075 4459 de
1088 4382 1264 4459 mandato
1275 4381 1403 4460 ballivi
1416 4382 1704 4463 silvanectensis
1715 4383 1808 4462 lacta
1819 4412 1930 4491 super

504 4509 594 4601 hoc,
609 4511 685 4587 visa
698 4529 736 4588 et
751 4510 953 4619 diligenter
967 4512 1194 4602 examinata,
1213 4514 1484 4622 perjudicium
1502 4532 1629 4595 nostre
1648 4515 1767 4603 curie,
1788 4515 1930 4593 dietum

503 4639 576 4716 fuit
594 4641 805 4749 predictum
821 4644 976 4721 Petrum
991 4673 1069 4722 non
1085 4646 1206 4722 teneri
1222 4647 1262 4723 in
1281 4645 1452 4724 emendis
1470 4646 1666 4753 predictis,
1686 4664 1725 4724 et
1740 4648 1845 4754 quod
1860 4646 1928 4723 sihi

548 4853 555 4881 ¹
578 4854 624 4914 On
639 4854 673 4915 lit
686 4877 724 4916 en
738 4879 839 4941 merge
853 4879 886 4919 ce
901 4858 954 4940 qui
969 4858 1042 4918 snit:
1254 4879 1369 4921 cessum
1385 4860 1475 4920 istum
1491 4859 1597 4921 tradidi
1619 4860 1658 4921 M.
1674 4861 1794 4943 Ilugoni
1810 4862 1924 4929 liotore,

547 4956 653 5018 “Anno
662 4961 827 5029 cactercio,
838 4960 914 5044 jovis
928 4971 995 5043 post
1007 4959 1179 5021 Penthecos·
1255 4961 1285 5021 in
1300 4983 1360 5045 quo
1374 4972 1470 5045 partes
1485 4962 1757 5045 compromiserunt.
1770 4990 1781 5019 ι

502 5072 566 5129 ten,
582 5061 774 5123 demandato
790 5063 816 5123 J.
835 5062 874 5122 de
898 5062 1094 5145 Montigniaeo
1113 5082 1179 5145 pro·
