<?xml version="1.0" encoding="UTF-8"?>
<!DOCTYPE html PUBLIC "-//W3C//DTD XHTML 1.0 Transitional//EN"
    "http://www.w3.org/TR/xhtml1/DTD/xhtml1-transitional.dtd">
<html xmlns="http://www.w3.org/1999/xhtml" xml:lang="en" lang="en">
 <head>
  <title>
</title>
<meta http-equiv="Content-Type" content="text/html;charset=utf-8" />
  <meta name='ocr-system' content='tesseract 3.04.00' />
  <meta name='ocr-capabilities' content='ocr_page ocr_carea ocr_par ocr_line ocrx_word'/>
</head>
<body>
  <div class='ocr_page' id='page_1' title='image "./lesolimouregist00parigoog_0219.png"; bbox 0 0 4450 6209; ppageno 0'>
   <div class='ocr_carea' id='block_1_1' title="bbox 514 721 1355 812">
    <p class='ocr_par' dir='ltr' id='par_1_1' title="bbox 514 721 1355 812">
     <span class='ocr_line' id='line_1_1' title="bbox 514 721 1355 812; baseline 0.004 -5"><span class='ocrx_word' id='word_1_1' title='bbox 514 739 584 809; x_wconf 78' lang='lat'><strong>120</strong></span> <span class='ocrx_word' id='word_1_2' title='bbox 1092 737 1185 811; x_wconf 79' lang='lat' dir='ltr'><strong>uus</strong></span> <span class='ocrx_word' id='word_1_3' title='bbox 1214 721 1355 812; x_wconf 80' lang='lat' dir='ltr'><strong>0L1t1.</strong></span> 
     </span>
    </p>
   </div>
   <div class='ocr_carea' id='block_1_2' title="bbox 280 880 1930 1092">
    <p class='ocr_par' dir='ltr' id='par_1_2' title="bbox 280 880 1930 1092">
     <span class='ocr_line' id='line_1_2' title="bbox 280 880 1930 1020; baseline 0.01 -69"><span class='ocrx_word' id='word_1_4' title='bbox 280 885 411 1020; x_wconf 39' lang='lat' dir='ltr'><strong>Paula?</strong></span> <span class='ocrx_word' id='word_1_5' title='bbox 424 885 466 950; x_wconf 76' lang='lat' dir='ltr'><strong>W·</strong></span> <span class='ocrx_word' id='word_1_6' title='bbox 565 880 702 958; x_wconf 83' lang='lat' dir='ltr'><strong>Actum</strong></span> <span class='ocrx_word' id='word_1_7' title='bbox 722 882 825 991; x_wconf 89' lang='lat' dir='ltr'><strong>apud</strong></span> <span class='ocrx_word' id='word_1_8' title='bbox 844 881 1073 972; x_wconf 85' lang='lat' dir='ltr'><strong>Vincennas‚</strong></span> <span class='ocrx_word' id='word_1_9' title='bbox 1089 881 1221 960; x_wconf 79' lang='lat' dir='ltr'><strong>martis</strong></span> <span class='ocrx_word' id='word_1_10' title='bbox 1235 897 1321 960; x_wconf 89' lang='lat' dir='ltr'><strong>aute</strong></span> <span class='ocrx_word' id='word_1_11' title='bbox 1340 882 1620 990; x_wconf 78' lang='lat' dir='ltr'><strong>Magdalenam,</strong></span> <span class='ocrx_word' id='word_1_12' title='bbox 1637 911 1735 962; x_wconf 90' lang='lat' dir='ltr'><strong>anno</strong></span> <span class='ocrx_word' id='word_1_13' title='bbox 1750 903 1930 966; x_wconf 88' lang='lat' dir='ltr'><strong>trecente-</strong></span> 
     </span>
     <span class='ocr_line' id='line_1_3' title="bbox 507 1029 874 1092; baseline 0.016 -5"><span class='ocrx_word' id='word_1_14' title='bbox 507 1040 603 1090; x_wconf 79' lang='lat' dir='ltr'><strong>simo</strong></span> <span class='ocrx_word' id='word_1_15' title='bbox 622 1029 753 1092; x_wconf 78' lang='lat' dir='ltr'><strong>tercio.</strong></span> <span class='ocrx_word' id='word_1_16' title='bbox 870 1074 874 1082; x_wconf 76' lang='lat'><strong>·</strong></span> 
     </span>
    </p>
   </div>
   <div class='ocr_carea' id='block_1_3' title="bbox 507 1143 1928 1381">
    <p class='ocr_par' dir='ltr' id='par_1_3' title="bbox 507 1143 1928 1381">
     <span class='ocr_line' id='line_1_4' title="bbox 564 1143 1928 1256; baseline 0.004 -34"><span class='ocrx_word' id='word_1_17' title='bbox 564 1147 763 1251; x_wconf 83' lang='lat' dir='ltr'><strong>Reportata</strong></span> <span class='ocrx_word' id='word_1_18' title='bbox 789 1144 905 1222; x_wconf 87' lang='lat' dir='ltr'><strong>michi</strong></span> <span class='ocrx_word' id='word_1_19' title='bbox 930 1173 998 1251; x_wconf 83' lang='lat' dir='ltr'><strong>per</strong></span> <span class='ocrx_word' id='word_1_20' title='bbox 1020 1145 1071 1223; x_wconf 88' lang='grc' dir='ltr'><strong>Μ.</strong></span> <span class='ocrx_word' id='word_1_21' title='bbox 1098 1143 1146 1224; x_wconf 89' lang='lat' dir='ltr'><strong>G.</strong></span> <span class='ocrx_word' id='word_1_22' title='bbox 1172 1143 1324 1224; x_wconf 81' lang='lat' dir='ltr'><strong>Charite</strong></span> <span class='ocrx_word' id='word_1_23' title='bbox 1345 1161 1384 1223; x_wconf 87' lang='lat' dir='ltr'><strong>et</strong></span> <span class='ocrx_word' id='word_1_24' title='bbox 1407 1145 1612 1224; x_wconf 82' lang='lat' dir='ltr'><strong>Martinum</strong></span> <span class='ocrx_word' id='word_1_25' title='bbox 1632 1147 1680 1225; x_wconf 91' lang='lat' dir='ltr'><strong>de</strong></span> <span class='ocrx_word' id='word_1_26' title='bbox 1699 1147 1866 1256; x_wconf 89' lang='lat' dir='ltr'><strong>Crepon,</strong></span> <span class='ocrx_word' id='word_1_27' title='bbox 1887 1180 1928 1228; x_wconf 87' lang='lat' dir='ltr'><strong>er</strong></span> 
     </span>
     <span class='ocr_line' id='line_1_5' title="bbox 507 1275 1130 1381; baseline 0.002 -30"><span class='ocrx_word' id='word_1_28' title='bbox 507 1292 612 1381; x_wconf 83' lang='lat' dir='ltr'><strong>parte</strong></span> <span class='ocrx_word' id='word_1_29' title='bbox 633 1275 903 1355; x_wconf 86' lang='lat' dir='ltr'><strong>archidiaconis</strong></span> <span class='ocrx_word' id='word_1_30' title='bbox 924 1275 1130 1354; x_wconf 85' lang='lat' dir='ltr'><strong>llemeusis.</strong></span> 
     </span>
    </p>
   </div>
   <div class='ocr_carea' id='block_1_4' title="bbox 504 1538 1928 3094">
    <p class='ocr_par' dir='ltr' id='par_1_4' title="bbox 504 1538 1928 2832">
     <span class='ocr_line' id='line_1_6' title="bbox 561 1538 1926 1649; baseline 0 -29"><span class='ocrx_word' id='word_1_31' title='bbox 561 1541 636 1620; x_wconf 91' lang='lat' dir='ltr'><strong>Vll.</strong></span> <span class='ocrx_word' id='word_1_32' title='bbox 668 1540 782 1630; x_wconf 90' lang='lat' dir='ltr'><strong>Cum,</strong></span> <span class='ocrx_word' id='word_1_33' title='bbox 800 1569 870 1648; x_wconf 92' lang='lat' dir='ltr'><strong>pro</strong></span> <span class='ocrx_word' id='word_1_34' title='bbox 890 1538 1100 1619; x_wconf 79' lang='lat' dir='ltr'>excessibus</span> <span class='ocrx_word' id='word_1_35' title='bbox 1116 1557 1153 1618; x_wconf 90' lang='lat' dir='ltr'><strong>et</strong></span> <span class='ocrx_word' id='word_1_36' title='bbox 1167 1539 1315 1648; x_wconf 88' lang='lat' dir='ltr'><strong>injuriis</strong></span> <span class='ocrx_word' id='word_1_37' title='bbox 1334 1540 1623 1648; x_wconf 76' lang='lat' dir='ltr'><strong>quamplurimis</strong></span> <span class='ocrx_word' id='word_1_38' title='bbox 1637 1568 1706 1649; x_wconf 91' lang='lat' dir='ltr'><strong>per</strong></span> <span class='ocrx_word' id='word_1_39' title='bbox 1721 1543 1926 1620; x_wconf 85' lang='lat' dir='ltr'><strong>lohannem</strong></span> 
     </span>
     <span class='ocr_line' id='line_1_7' title="bbox 505 1672 1927 1782; baseline 0.002 -32"><span class='ocrx_word' id='word_1_40' title='bbox 505 1673 553 1750; x_wconf 89' lang='lat' dir='ltr'><strong>de</strong></span> <span class='ocrx_word' id='word_1_41' title='bbox 578 1672 788 1782; x_wconf 83' lang='lat' dir='ltr'><strong>Chanlayo,</strong></span> <span class='ocrx_word' id='word_1_42' title='bbox 813 1701 915 1752; x_wconf 91' lang='lat' dir='ltr'><strong>nunc</strong></span> <span class='ocrx_word' id='word_1_43' title='bbox 938 1673 1117 1764; x_wconf 89' lang='lat' dir='ltr'><strong>militem,</strong></span> <span class='ocrx_word' id='word_1_44' title='bbox 1141 1701 1226 1749; x_wconf 90' lang='lat' dir='ltr'><strong>cum</strong></span> <span class='ocrx_word' id='word_1_45' title='bbox 1249 1690 1479 1752; x_wconf 86' lang='lat' dir='ltr'><strong>armatorum</strong></span> <span class='ocrx_word' id='word_1_46' title='bbox 1498 1673 1761 1764; x_wconf 89' lang='lat' dir='ltr'><strong>multitudine,</strong></span> <span class='ocrx_word' id='word_1_47' title='bbox 1784 1675 1927 1754; x_wconf 91' lang='lat' dir='ltr'><strong>dudum</strong></span> 
     </span>
     <span class='ocr_line' id='line_1_8' title="bbox 504 1803 1927 1894; baseline 0.002 -14"><span class='ocrx_word' id='word_1_48' title='bbox 504 1803 618 1881; x_wconf 87' lang='lat' dir='ltr'><strong>illatis</strong></span> <span class='ocrx_word' id='word_1_49' title='bbox 643 1803 852 1884; x_wconf 90' lang='lat' dir='ltr'><strong>Guillelmo</strong></span> <span class='ocrx_word' id='word_1_50' title='bbox 876 1804 1066 1894; x_wconf 88' lang='lat' dir='ltr'><strong>Buisardi‚</strong></span> <span class='ocrx_word' id='word_1_51' title='bbox 1093 1803 1223 1894; x_wconf 91' lang='lat' dir='ltr'><strong>militi,</strong></span> <span class='ocrx_word' id='word_1_52' title='bbox 1251 1803 1354 1881; x_wconf 88' lang='lat' dir='ltr'><strong>idern</strong></span> <span class='ocrx_word' id='word_1_53' title='bbox 1379 1803 1571 1882; x_wconf 83' lang='lat' dir='ltr'><strong>lohannes</strong></span> <span class='ocrx_word' id='word_1_54' title='bbox 1597 1804 1707 1883; x_wconf 88' lang='lat' dir='ltr'><strong>nobis</strong></span> <span class='ocrx_word' id='word_1_55' title='bbox 1734 1806 1774 1883; x_wconf 92' lang='lat' dir='ltr'><strong>in</strong></span> <span class='ocrx_word' id='word_1_56' title='bbox 1804 1835 1927 1883; x_wconf 90' lang='lat' dir='ltr'><strong>emen·</strong></span> 
     </span>
     <span class='ocr_line' id='line_1_9' title="bbox 507 1934 1928 2044; baseline 0.003 -34"><span class='ocrx_word' id='word_1_57' title='bbox 507 1935 594 2011; x_wconf 88' lang='lat' dir='ltr'><strong>dam</strong></span> <span class='ocrx_word' id='word_1_58' title='bbox 610 1953 774 2044; x_wconf 87' lang='lat' dir='ltr'><strong>quatuor</strong></span> <span class='ocrx_word' id='word_1_59' title='bbox 786 1934 951 2014; x_wconf 90' lang='lat' dir='ltr'><strong>millium</strong></span> <span class='ocrx_word' id='word_1_60' title='bbox 969 1936 1151 2014; x_wconf 91' lang='lat' dir='ltr'><strong>librarum</strong></span> <span class='ocrx_word' id='word_1_61' title='bbox 1165 1934 1446 2013; x_wconf 88' lang='lat' dir='ltr'><strong>Turonensium</strong></span> <span class='ocrx_word' id='word_1_62' title='bbox 1457 1963 1527 2042; x_wconf 87' lang='lat' dir='ltr'><strong>per</strong></span> <span class='ocrx_word' id='word_1_63' title='bbox 1540 1952 1672 2042; x_wconf 82' lang='lat' dir='ltr'><strong>gentes</strong></span> <span class='ocrx_word' id='word_1_64' title='bbox 1686 1952 1832 2014; x_wconf 88' lang='lat' dir='ltr'><strong>nostras</strong></span> <span class='ocrx_word' id='word_1_65' title='bbox 1849 1963 1928 2014; x_wconf 89' lang='lat' dir='ltr'><strong>con-</strong></span> 
     </span>
     <span class='ocr_line' id='line_1_10' title="bbox 506 2066 1928 2175; baseline 0.003 -33"><span class='ocrx_word' id='word_1_66' title='bbox 506 2067 731 2175; x_wconf 89' lang='lat' dir='ltr'><strong>dempnatus</strong></span> <span class='ocrx_word' id='word_1_67' title='bbox 754 2066 905 2158; x_wconf 80' lang='lat' dir='ltr'><strong>luisset,</strong></span> <span class='ocrx_word' id='word_1_68' title='bbox 932 2085 971 2145; x_wconf 90' lang='lat' dir='ltr'><strong>et</strong></span> <span class='ocrx_word' id='word_1_69' title='bbox 996 2067 1136 2146; x_wconf 85' lang='lat' dir='ltr'><strong>deinde</strong></span> <span class='ocrx_word' id='word_1_70' title='bbox 1162 2067 1284 2144; x_wconf 89' lang='lat' dir='ltr'><strong>dictus</strong></span> <span class='ocrx_word' id='word_1_71' title='bbox 1308 2067 1497 2144; x_wconf 86' lang='lat' dir='ltr'><strong>lohannes</strong></span> <span class='ocrx_word' id='word_1_72' title='bbox 1522 2066 1651 2174; x_wconf 91' lang='lat' dir='ltr'><strong>plures</strong></span> <span class='ocrx_word' id='word_1_73' title='bbox 1677 2069 1928 2175; x_wconf 81' lang='lat' dir='ltr'><strong>proposuisset</strong></span> 
     </span>
     <span class='ocr_line' id='line_1_11' title="bbox 505 2199 1927 2307; baseline 0.004 -33"><span class='ocrx_word' id='word_1_74' title='bbox 505 2200 675 2278; x_wconf 81' lang='lat' dir='ltr'><strong>raciones</strong></span> <span class='ocrx_word' id='word_1_75' title='bbox 689 2229 758 2307; x_wconf 88' lang='lat' dir='ltr'><strong>per</strong></span> <span class='ocrx_word' id='word_1_76' title='bbox 769 2228 864 2307; x_wconf 85' lang='lat' dir='ltr'><strong>quas</strong></span> <span class='ocrx_word' id='word_1_77' title='bbox 878 2201 958 2307; x_wconf 90' lang='lat' dir='ltr'><strong>ipse</strong></span> <span class='ocrx_word' id='word_1_78' title='bbox 972 2199 1120 2278; x_wconf 85' lang='lat' dir='ltr'><strong>dicebat</strong></span> <span class='ocrx_word' id='word_1_79' title='bbox 1133 2216 1172 2277; x_wconf 90' lang='lat' dir='ltr'><strong>et</strong></span> <span class='ocrx_word' id='word_1_80' title='bbox 1184 2199 1402 2306; x_wconf 80' lang='lat' dir='ltr'><strong>requirebat</strong></span> <span class='ocrx_word' id='word_1_81' title='bbox 1416 2199 1522 2307; x_wconf 90' lang='lat' dir='ltr'><strong>quod</strong></span> <span class='ocrx_word' id='word_1_82' title='bbox 1537 2199 1636 2277; x_wconf 89' lang='lat' dir='ltr'><strong>dicta</strong></span> <span class='ocrx_word' id='word_1_83' title='bbox 1649 2200 1811 2279; x_wconf 91' lang='lat' dir='ltr'><strong>emenda</strong></span> <span class='ocrx_word' id='word_1_84' title='bbox 1826 2201 1927 2280; x_wconf 81' lang='lat' dir='ltr'><strong>anul-</strong></span> 
     </span>
     <span class='ocr_line' id='line_1_12' title="bbox 505 2327 1924 2437; baseline 0.004 -33"><span class='ocrx_word' id='word_1_85' title='bbox 505 2327 574 2405; x_wconf 91' lang='lat' dir='ltr'><strong>lari</strong></span> <span class='ocrx_word' id='word_1_86' title='bbox 589 2330 648 2408; x_wconf 86' lang='lat' dir='ltr'><strong>vel</strong></span> <span class='ocrx_word' id='word_1_87' title='bbox 665 2330 797 2408; x_wconf 86' lang='lat' dir='ltr'><strong>saltem</strong></span> <span class='ocrx_word' id='word_1_88' title='bbox 811 2330 999 2410; x_wconf 84' lang='lat' dir='ltr'><strong>moderari</strong></span> <span class='ocrx_word' id='word_1_89' title='bbox 1014 2330 1200 2409; x_wconf 87' lang='lat' dir='ltr'><strong>debebat:</strong></span> <span class='ocrx_word' id='word_1_90' title='bbox 1215 2330 1404 2419; x_wconf 86' lang='lat' dir='ltr'><strong>Tandem,</strong></span> <span class='ocrx_word' id='word_1_91' title='bbox 1419 2329 1589 2437; x_wconf 78' lang='lat' dir='ltr'><strong>inquesta</strong></span> <span class='ocrx_word' id='word_1_92' title='bbox 1604 2356 1718 2437; x_wconf 90' lang='lat' dir='ltr'><strong>super</strong></span> <span class='ocrx_word' id='word_1_93' title='bbox 1736 2330 1809 2408; x_wconf 94' lang='lat' dir='ltr'><strong>hoc</strong></span> <span class='ocrx_word' id='word_1_94' title='bbox 1821 2331 1924 2420; x_wconf 84' lang='lat' dir='ltr'><strong>lacta,</strong></span> 
     </span>
     <span class='ocr_line' id='line_1_13' title="bbox 504 2459 1926 2573; baseline 0.001 -37"><span class='ocrx_word' id='word_1_95' title='bbox 504 2461 579 2536; x_wconf 87' lang='lat' dir='ltr'><strong>visa</strong></span> <span class='ocrx_word' id='word_1_96' title='bbox 599 2478 638 2538; x_wconf 89' lang='lat' dir='ltr'><strong>et</strong></span> <span class='ocrx_word' id='word_1_97' title='bbox 656 2461 859 2573; x_wconf 89' lang='lat' dir='ltr'><strong>diligenter</strong></span> <span class='ocrx_word' id='word_1_98' title='bbox 877 2461 1100 2553; x_wconf 83' lang='lat' dir='ltr'><strong>examinata,</strong></span> <span class='ocrx_word' id='word_1_99' title='bbox 1122 2491 1191 2570; x_wconf 89' lang='lat' dir='ltr'><strong>per</strong></span> <span class='ocrx_word' id='word_1_100' title='bbox 1210 2461 1312 2540; x_wconf 90' lang='lat' dir='ltr'><strong>curie</strong></span> <span class='ocrx_word' id='word_1_101' title='bbox 1333 2479 1459 2539; x_wconf 89' lang='lat' dir='ltr'><strong>nostre</strong></span> <span class='ocrx_word' id='word_1_102' title='bbox 1474 2459 1678 2569; x_wconf 88' lang='lat' dir='ltr'><strong>judicium,</strong></span> <span class='ocrx_word' id='word_1_103' title='bbox 1699 2462 1843 2540; x_wconf 89' lang='lat' dir='ltr'><strong>dictum</strong></span> <span class='ocrx_word' id='word_1_104' title='bbox 1861 2461 1926 2540; x_wconf 80' lang='lat' dir='ltr'><strong>luit</strong></span> 
     </span>
     <span class='ocr_line' id='line_1_14' title="bbox 506 2591 1926 2702; baseline 0.001 -34"><span class='ocrx_word' id='word_1_105' title='bbox 506 2609 543 2668; x_wconf 90' lang='lat' dir='ltr'><strong>et</strong></span> <span class='ocrx_word' id='word_1_106' title='bbox 569 2593 860 2698; x_wconf 85' lang='lat' dir='ltr'><strong>pronunciatum</strong></span> <span class='ocrx_word' id='word_1_107' title='bbox 885 2595 992 2701; x_wconf 91' lang='lat' dir='ltr'><strong>quod</strong></span> <span class='ocrx_word' id='word_1_108' title='bbox 1017 2594 1140 2672; x_wconf 87' lang='lat' dir='ltr'><strong>dictus</strong></span> <span class='ocrx_word' id='word_1_109' title='bbox 1168 2594 1358 2672; x_wconf 86' lang='lat' dir='ltr'><strong>lohannes</strong></span> <span class='ocrx_word' id='word_1_110' title='bbox 1382 2591 1499 2670; x_wconf 87' lang='lat' dir='ltr'><strong>nichil</strong></span> <span class='ocrx_word' id='word_1_111' title='bbox 1527 2591 1750 2700; x_wconf 71' lang='lat' dir='ltr'><strong>probaverat</strong></span> <span class='ocrx_word' id='word_1_112' title='bbox 1779 2612 1926 2702; x_wconf 87' lang='lat' dir='ltr'><strong>propter</strong></span> 
     </span>
     <span class='ocr_line' id='line_1_15' title="bbox 506 2723 1605 2832; baseline 0.002 -33"><span class='ocrx_word' id='word_1_113' title='bbox 506 2724 612 2829; x_wconf 87' lang='lat' dir='ltr'><strong>quod</strong></span> <span class='ocrx_word' id='word_1_114' title='bbox 630 2724 728 2802; x_wconf 90' lang='lat' dir='ltr'><strong>dicte</strong></span> <span class='ocrx_word' id='word_1_115' title='bbox 746 2727 908 2803; x_wconf 89' lang='lat' dir='ltr'><strong>emende</strong></span> <span class='ocrx_word' id='word_1_116' title='bbox 924 2727 1069 2803; x_wconf 88' lang='lat' dir='ltr'><strong>solucio</strong></span> <span class='ocrx_word' id='word_1_117' title='bbox 1085 2725 1222 2803; x_wconf 88' lang='lat' dir='ltr'><strong>debeat</strong></span> <span class='ocrx_word' id='word_1_118' title='bbox 1237 2724 1399 2832; x_wconf 90' lang='lat' dir='ltr'><strong>amplius</strong></span> <span class='ocrx_word' id='word_1_119' title='bbox 1411 2723 1605 2802; x_wconf 87' lang='lat' dir='ltr'><strong>retardari.</strong></span> 
     </span>
    </p>

    <p class='ocr_par' dir='ltr' id='par_1_5' title="bbox 508 2855 1925 3094">
     <span class='ocr_line' id='line_1_16' title="bbox 562 2855 1925 2962; baseline 0.001 -29"><span class='ocrx_word' id='word_1_120' title='bbox 562 2855 720 2933; x_wconf 89' lang='lat' dir='ltr'><strong>Veneris</strong></span> <span class='ocrx_word' id='word_1_121' title='bbox 733 2872 821 2962; x_wconf 89' lang='lat' dir='ltr'><strong>post</strong></span> <span class='ocrx_word' id='word_1_122' title='bbox 834 2863 1005 2933; x_wconf 77' lang='lat' dir='ltr'><strong>sanctuni</strong></span> <span class='ocrx_word' id='word_1_123' title='bbox 1019 2858 1174 2933; x_wconf 87' lang='lat' dir='ltr'><strong>Petrum</strong></span> <span class='ocrx_word' id='word_1_124' title='bbox 1198 2855 1246 2934; x_wconf 88' lang='lat' dir='ltr'><strong>ad</strong></span> <span class='ocrx_word' id='word_1_125' title='bbox 1260 2855 1434 2944; x_wconf 87' lang='lat' dir='ltr'><strong>Vincula,</strong></span> <span class='ocrx_word' id='word_1_126' title='bbox 1452 2883 1551 2935; x_wconf 86' lang='lat' dir='ltr'><strong>anno</strong></span> <span class='ocrx_word' id='word_1_127' title='bbox 1570 2857 1834 2938; x_wconf 87' lang='lat' dir='ltr'><strong>trecentesimo</strong></span> <span class='ocrx_word' id='word_1_128' title='bbox 1859 2877 1925 2935; x_wconf 87' lang='lat' dir='ltr'><strong>ter-</strong></span> 
     </span>
     <span class='ocr_line' id='line_1_17' title="bbox 508 2983 1204 3094; baseline 0.007 -36"><span class='ocrx_word' id='word_1_129' title='bbox 508 2985 582 3072; x_wconf 86' lang='lat' dir='ltr'><strong>cio,</strong></span> <span class='ocrx_word' id='word_1_130' title='bbox 605 2983 760 3063; x_wconf 88' lang='lat' dir='ltr'><strong>sabbato</strong></span> <span class='ocrx_word' id='word_1_131' title='bbox 780 3004 866 3093; x_wconf 90' lang='lat' dir='ltr'><strong>post</strong></span> <span class='ocrx_word' id='word_1_132' title='bbox 883 2984 1204 3094; x_wconf 82' lang='lat' dir='ltr'><strong>Assumpcionem.</strong></span> 
     </span>
    </p>
   </div>
   <div class='ocr_carea' id='block_1_5' title="bbox 505 3117 1922 3357">
    <p class='ocr_par' dir='ltr' id='par_1_6' title="bbox 505 3117 1922 3357">
     <span class='ocr_line' id='line_1_18' title="bbox 562 3117 1922 3231; baseline 0.003 -39"><span class='ocrx_word' id='word_1_133' title='bbox 562 3117 857 3197; x_wconf 81' lang='lat' dir='ltr'><strong>Pronunciatum</strong></span> <span class='ocrx_word' id='word_1_134' title='bbox 875 3117 948 3195; x_wconf 85' lang='lat' dir='ltr'><strong>fuit</strong></span> <span class='ocrx_word' id='word_1_135' title='bbox 961 3117 1067 3224; x_wconf 91' lang='lat' dir='ltr'><strong>quod</strong></span> <span class='ocrx_word' id='word_1_136' title='bbox 1086 3117 1265 3195; x_wconf 89' lang='lat' dir='ltr'><strong>dominns</strong></span> <span class='ocrx_word' id='word_1_137' title='bbox 1286 3121 1360 3196; x_wconf 81' lang='lat' dir='ltr'><strong>Rex</strong></span> <span class='ocrx_word' id='word_1_138' title='bbox 1380 3119 1489 3196; x_wconf 89' lang='lat' dir='ltr'><strong>istam</strong></span> <span class='ocrx_word' id='word_1_139' title='bbox 1512 3121 1712 3198; x_wconf 87' lang='lat' dir='ltr'><strong>emendam</strong></span> <span class='ocrx_word' id='word_1_140' title='bbox 1738 3120 1786 3198; x_wconf 90' lang='lat' dir='ltr'><strong>de</strong></span> <span class='ocrx_word' id='word_1_141' title='bbox 1812 3121 1922 3231; x_wconf 87' lang='lat' dir='ltr'><strong>gracia</strong></span> 
     </span>
     <span class='ocr_line' id='line_1_19' title="bbox 505 3248 1551 3357; baseline 0.004 -33"><span class='ocrx_word' id='word_1_142' title='bbox 505 3249 692 3327; x_wconf 80' lang='lat' dir='ltr'><strong>relaxabat</strong></span> <span class='ocrx_word' id='word_1_143' title='bbox 710 3277 830 3356; x_wconf 87' lang='lat' dir='ltr'><strong>usque</strong></span> <span class='ocrx_word' id='word_1_144' title='bbox 849 3249 897 3326; x_wconf 91' lang='lat' dir='ltr'><strong>ad</strong></span> <span class='ocrx_word' id='word_1_145' title='bbox 917 3248 1148 3357; x_wconf 87' lang='lat' dir='ltr'><strong>octingentas</strong></span> <span class='ocrx_word' id='word_1_146' title='bbox 1167 3249 1281 3328; x_wconf 87' lang='lat' dir='ltr'><strong>libras</strong></span> <span class='ocrx_word' id='word_1_147' title='bbox 1300 3251 1551 3330; x_wconf 89' lang='lat' dir='ltr'><strong>Turonenses.</strong></span> 
     </span>
    </p>
   </div>
   <div class='ocr_carea' id='block_1_6' title="bbox 503 3515 1937 5200">
    <p class='ocr_par' dir='ltr' id='par_1_7' title="bbox 503 3515 1937 5200">
     <span class='ocr_line' id='line_1_20' title="bbox 560 3515 1925 3624; baseline -0.001 -31"><span class='ocrx_word' id='word_1_148' title='bbox 560 3516 653 3593; x_wconf 89' lang='lat' dir='ltr'><strong>Vlll.</strong></span> <span class='ocrx_word' id='word_1_149' title='bbox 685 3515 785 3594; x_wconf 89' lang='lat' dir='ltr'><strong>Cum</strong></span> <span class='ocrx_word' id='word_1_150' title='bbox 804 3515 945 3594; x_wconf 83' lang='lat' dir='ltr'><strong>Alanus</strong></span> <span class='ocrx_word' id='word_1_151' title='bbox 966 3516 1140 3624; x_wconf 87' lang='lat' dir='ltr'><strong>Briquat,</strong></span> <span class='ocrx_word' id='word_1_152' title='bbox 1162 3543 1288 3593; x_wconf 90' lang='lat' dir='ltr'><strong>coram</strong></span> <span class='ocrx_word' id='word_1_153' title='bbox 1308 3515 1596 3623; x_wconf 78' lang='lat' dir='ltr'><strong>inquisitoribus</strong></span> <span class='ocrx_word' id='word_1_154' title='bbox 1615 3543 1636 3591; x_wconf 88' lang='lat' dir='ltr'><strong>a</strong></span> <span class='ocrx_word' id='word_1_155' title='bbox 1655 3515 1767 3595; x_wconf 89' lang='lat' dir='ltr'><strong>nobis</strong></span> <span class='ocrx_word' id='word_1_156' title='bbox 1788 3518 1828 3592; x_wconf 91' lang='lat' dir='ltr'><strong>in</strong></span> <span class='ocrx_word' id='word_1_157' title='bbox 1849 3544 1925 3622; x_wconf 88' lang='lat' dir='ltr'><strong>pre·</strong></span> 
     </span>
     <span class='ocr_line' id='line_1_21' title="bbox 503 3646 1924 3756; baseline -0.001 -33"><span class='ocrx_word' id='word_1_158' title='bbox 503 3646 671 3752; x_wconf 87' lang='lat' dir='ltr'><strong>positura</strong></span> <span class='ocrx_word' id='word_1_159' title='bbox 699 3646 896 3724; x_wconf 88' lang='lat' dir='ltr'><strong>Parisiensi</strong></span> <span class='ocrx_word' id='word_1_160' title='bbox 927 3647 1132 3755; x_wconf 85' lang='lat' dir='ltr'><strong>deputatis,</strong></span> <span class='ocrx_word' id='word_1_161' title='bbox 1164 3675 1270 3725; x_wconf 90' lang='lat' dir='ltr'><strong>suam</strong></span> <span class='ocrx_word' id='word_1_162' title='bbox 1302 3647 1530 3756; x_wconf 82' lang='lat' dir='ltr'><strong>exposuisset</strong></span> <span class='ocrx_word' id='word_1_163' title='bbox 1560 3647 1768 3754; x_wconf 89' lang='lat' dir='ltr'><strong>querelam,</strong></span> <span class='ocrx_word' id='word_1_164' title='bbox 1803 3647 1924 3724; x_wconf 88' lang='lat' dir='ltr'><strong>dicens</strong></span> 
     </span>
     <span class='ocr_line' id='line_1_22' title="bbox 505 3776 1937 3894; baseline -0.001 -42"><span class='ocrx_word' id='word_1_165' title='bbox 505 3776 611 3881; x_wconf 91' lang='lat' dir='ltr'><strong>quod</strong></span> <span class='ocrx_word' id='word_1_166' title='bbox 629 3776 804 3854; x_wconf 89' lang='lat' dir='ltr'><strong>Matheus</strong></span> <span class='ocrx_word' id='word_1_167' title='bbox 821 3777 994 3855; x_wconf 89' lang='lat' dir='ltr'><strong>Galerani</strong></span> <span class='ocrx_word' id='word_1_168' title='bbox 1015 3778 1062 3854; x_wconf 89' lang='lat' dir='ltr'><strong>de</strong></span> <span class='ocrx_word' id='word_1_169' title='bbox 1082 3778 1263 3887; x_wconf 89' lang='lat' dir='ltr'><strong>Bougival</strong></span> <span class='ocrx_word' id='word_1_170' title='bbox 1278 3778 1463 3857; x_wconf 87' lang='lat' dir='ltr'><strong>violenter</strong></span> <span class='ocrx_word' id='word_1_171' title='bbox 1477 3794 1516 3855; x_wconf 87' lang='lat' dir='ltr'><strong>et</strong></span> <span class='ocrx_word' id='word_1_172' title='bbox 1531 3777 1713 3886; x_wconf 90' lang='lat' dir='ltr'><strong>injuriose</strong></span> <span class='ocrx_word' id='word_1_173' title='bbox 1731 3777 1856 3884; x_wconf 90' lang='lat' dir='ltr'><strong>ipsum</strong></span> <span class='ocrx_word' id='word_1_174' title='bbox 1871 3805 1937 3894; x_wconf 27' lang='lat' dir='ltr'><strong>er:</strong></span> 
     </span>
     <span class='ocr_line' id='line_1_23' title="bbox 505 3909 1923 4017; baseline 0.003 -37"><span class='ocrx_word' id='word_1_175' title='bbox 505 3923 707 4000; x_wconf 78' lang='lat' dir='ltr'><strong>necaverat,</strong></span> <span class='ocrx_word' id='word_1_176' title='bbox 734 3925 772 3984; x_wconf 90' lang='lat' dir='ltr'><strong>ct</strong></span> <span class='ocrx_word' id='word_1_177' title='bbox 795 3909 900 4014; x_wconf 88' lang='lat' dir='ltr'><strong>quod</strong></span> <span class='ocrx_word' id='word_1_178' title='bbox 924 3911 1136 4016; x_wconf 91' lang='lat' dir='ltr'><strong>prepositus</strong></span> <span class='ocrx_word' id='word_1_179' title='bbox 1161 3910 1392 3999; x_wconf 87' lang='lat' dir='ltr'><strong>Parisiensis,</strong></span> <span class='ocrx_word' id='word_1_180' title='bbox 1419 3911 1485 4017; x_wconf 94' lang='lat' dir='ltr'><strong>qui</strong></span> <span class='ocrx_word' id='word_1_181' title='bbox 1510 3909 1735 4017; x_wconf 78' lang='lat' dir='ltr'><strong>superbos,</strong></span> <span class='ocrx_word' id='word_1_182' title='bbox 1761 3926 1805 3986; x_wconf 92' lang='lat' dir='ltr'><strong>ut</strong></span> <span class='ocrx_word' id='word_1_183' title='bbox 1829 3909 1923 3986; x_wconf 91' lang='lat' dir='ltr'><strong>dice-</strong></span> 
     </span>
     <span class='ocr_line' id='line_1_24' title="bbox 503 4037 1922 4148; baseline -0.001 -34"><span class='ocrx_word' id='word_1_184' title='bbox 503 4037 585 4126; x_wconf 88' lang='lat' dir='ltr'><strong>bat,</strong></span> <span class='ocrx_word' id='word_1_185' title='bbox 606 4054 721 4116; x_wconf 84' lang='lat' dir='ltr'><strong>testes</strong></span> <span class='ocrx_word' id='word_1_186' title='bbox 743 4056 950 4146; x_wconf 84' lang='lat' dir='ltr'><strong>receperat,</strong></span> <span class='ocrx_word' id='word_1_187' title='bbox 974 4040 1125 4118; x_wconf 87' lang='lat' dir='ltr'><strong>diucius</strong></span> <span class='ocrx_word' id='word_1_188' title='bbox 1147 4041 1341 4148; x_wconf 84' lang='lat' dir='ltr'><strong>negligens</strong></span> <span class='ocrx_word' id='word_1_189' title='bbox 1361 4037 1483 4118; x_wconf 87' lang='lat' dir='ltr'><strong>fuerat</strong></span> <span class='ocrx_word' id='word_1_190' title='bbox 1502 4041 1542 4116; x_wconf 93' lang='lat' dir='ltr'><strong>in</strong></span> <span class='ocrx_word' id='word_1_191' title='bbox 1563 4041 1634 4119; x_wconf 90' lang='lat' dir='ltr'><strong>sibi</strong></span> <span class='ocrx_word' id='word_1_192' title='bbox 1650 4041 1800 4148; x_wconf 84' lang='lat' dir='ltr'><strong>justicia</strong></span> <span class='ocrx_word' id='word_1_193' title='bbox 1820 4067 1922 4147; x_wconf 91' lang='lat' dir='ltr'><strong>super</strong></span> 
     </span>
     <span class='ocr_line' id='line_1_25' title="bbox 504 4169 1922 4280; baseline 0.003 -36"><span class='ocrx_word' id='word_1_194' title='bbox 504 4169 578 4246; x_wconf 92' lang='lat' dir='ltr'><strong>hoc</strong></span> <span class='ocrx_word' id='word_1_195' title='bbox 595 4169 827 4260; x_wconf 76' lang='lat' dir='ltr'><strong>exhibenda3</strong></span> <span class='ocrx_word' id='word_1_196' title='bbox 845 4188 882 4247; x_wconf 89' lang='lat' dir='ltr'><strong>ct</strong></span> <span class='ocrx_word' id='word_1_197' title='bbox 898 4199 918 4246; x_wconf 88' lang='lat' dir='ltr'><strong>e</strong></span> <span class='ocrx_word' id='word_1_198' title='bbox 934 4172 1203 4250; x_wconf 87' lang='lat' dir='ltr'><strong>contradictus</strong></span> <span class='ocrx_word' id='word_1_199' title='bbox 1221 4173 1394 4250; x_wconf 87' lang='lat' dir='ltr'><strong>Matheus</strong></span> <span class='ocrx_word' id='word_1_200' title='bbox 1413 4190 1642 4280; x_wconf 85' lang='lat' dir='ltr'><strong>proponeret</strong></span> <span class='ocrx_word' id='word_1_201' title='bbox 1657 4200 1697 4250; x_wconf 91' lang='lat' dir='ltr'><strong>se</strong></span> <span class='ocrx_word' id='word_1_202' title='bbox 1714 4171 1817 4250; x_wconf 90' lang='lat' dir='ltr'><strong>nolle</strong></span> <span class='ocrx_word' id='word_1_203' title='bbox 1835 4190 1922 4249; x_wconf 84' lang='lat' dir='ltr'><strong>stare</strong></span> 
     </span>
     <span class='ocr_line' id='line_1_26' title="bbox 505 4279 1919 4411; baseline 0.006 -33"><span class='ocrx_word' id='word_1_204' title='bbox 505 4279 736 4408; x_wconf 78' lang='lat' dir='ltr'><strong>deposicioni</strong></span> <span class='ocrx_word' id='word_1_205' title='bbox 759 4301 916 4380; x_wconf 87' lang='lat' dir='ltr'><strong>testium</strong></span> <span class='ocrx_word' id='word_1_206' title='bbox 939 4331 1008 4410; x_wconf 89' lang='lat' dir='ltr'><strong>per</strong></span> <span class='ocrx_word' id='word_1_207' title='bbox 1031 4302 1179 4380; x_wconf 87' lang='lat' dir='ltr'><strong>dictum</strong></span> <span class='ocrx_word' id='word_1_208' title='bbox 1202 4303 1437 4411; x_wconf 88' lang='lat' dir='ltr'><strong>prepositum</strong></span> <span class='ocrx_word' id='word_1_209' title='bbox 1460 4319 1717 4410; x_wconf 88' lang='lat' dir='ltr'><strong>receptorum,</strong></span> <span class='ocrx_word' id='word_1_210' title='bbox 1739 4331 1827 4380; x_wconf 89' lang='lat' dir='ltr'><strong>cum</strong></span> <span class='ocrx_word' id='word_1_211' title='bbox 1848 4327 1919 4385; x_wconf 67' lang='lat' dir='ltr'><strong>eos,</strong></span> 
     </span>
     <span class='ocr_line' id='line_1_27' title="bbox 503 4431 1919 4543; baseline -0.001 -35"><span class='ocrx_word' id='word_1_212' title='bbox 503 4449 548 4508; x_wconf 93' lang='lat' dir='ltr'><strong>ut</strong></span> <span class='ocrx_word' id='word_1_213' title='bbox 566 4433 729 4524; x_wconf 88' lang='lat' dir='ltr'><strong>dicebat,</strong></span> <span class='ocrx_word' id='word_1_214' title='bbox 752 4461 829 4510; x_wconf 91' lang='lat' dir='ltr'><strong>non</strong></span> <span class='ocrx_word' id='word_1_215' title='bbox 849 4431 1002 4511; x_wconf 83' lang='lat' dir='ltr'><strong>vidisset</strong></span> <span class='ocrx_word' id='word_1_216' title='bbox 1017 4435 1172 4543; x_wconf 69' lang='lat' dir='ltr'><strong>jurare,</strong></span> <span class='ocrx_word' id='word_1_217' title='bbox 1195 4435 1304 4534; x_wconf 87' lang='lat' dir='ltr'><strong>item,</strong></span> <span class='ocrx_word' id='word_1_218' title='bbox 1333 4435 1477 4511; x_wconf 88' lang='lat' dir='ltr'><strong>diceret</strong></span> <span class='ocrx_word' id='word_1_219' title='bbox 1500 4432 1621 4541; x_wconf 88' lang='lat' dir='ltr'><strong>quod,</strong></span> <span class='ocrx_word' id='word_1_220' title='bbox 1644 4461 1730 4512; x_wconf 92' lang='lat' dir='ltr'><strong>cum</strong></span> <span class='ocrx_word' id='word_1_221' title='bbox 1752 4435 1832 4541; x_wconf 90' lang='lat' dir='ltr'><strong>ipse</strong></span> <span class='ocrx_word' id='word_1_222' title='bbox 1852 4457 1919 4510; x_wconf 94' lang='lat' dir='ltr'><strong>non</strong></span> 
     </span>
     <span class='ocr_line' id='line_1_28' title="bbox 503 4563 1920 4673; baseline -0.002 -34"><span class='ocrx_word' id='word_1_223' title='bbox 503 4563 636 4641; x_wconf 86' lang='lat' dir='ltr'><strong>fuisset</strong></span> <span class='ocrx_word' id='word_1_224' title='bbox 654 4563 823 4641; x_wconf 90' lang='lat' dir='ltr'><strong>officialis</strong></span> <span class='ocrx_word' id='word_1_225' title='bbox 842 4581 982 4655; x_wconf 89' lang='lat' dir='ltr'><strong>noster,</strong></span> <span class='ocrx_word' id='word_1_226' title='bbox 1000 4564 1246 4673; x_wconf 90' lang='lat' dir='ltr'><strong>inquisitores</strong></span> <span class='ocrx_word' id='word_1_227' title='bbox 1260 4566 1418 4672; x_wconf 88' lang='lat' dir='ltr'><strong>predicti</strong></span> <span class='ocrx_word' id='word_1_228' title='bbox 1438 4565 1485 4645; x_wconf 87' lang='lat' dir='ltr'><strong>dc</strong></span> <span class='ocrx_word' id='word_1_229' title='bbox 1501 4566 1575 4642; x_wconf 90' lang='lat' dir='ltr'><strong>hoc</strong></span> <span class='ocrx_word' id='word_1_230' title='bbox 1594 4565 1689 4643; x_wconf 86' lang='lat' dir='ltr'><strong>lacto</strong></span> <span class='ocrx_word' id='word_1_231' title='bbox 1705 4588 1920 4673; x_wconf 87' lang='lat' dir='ltr'><strong>cognoscere</strong></span> 
     </span>
     <span class='ocr_line' id='line_1_29' title="bbox 504 4691 1923 4806; baseline -0.002 -37"><span class='ocrx_word' id='word_1_232' title='bbox 504 4693 813 4785; x_wconf 75' lang='lat' dir='ltr'><strong>nondeheban13</strong></span> <span class='ocrx_word' id='word_1_233' title='bbox 841 4712 880 4772; x_wconf 88' lang='lat' dir='ltr'><strong>et</strong></span> <span class='ocrx_word' id='word_1_234' title='bbox 908 4712 1078 4773; x_wconf 89' lang='lat' dir='ltr'><strong>econtra</strong></span> <span class='ocrx_word' id='word_1_235' title='bbox 1101 4713 1379 4804; x_wconf 88' lang='lat' dir='ltr'><strong>proponeretur</strong></span> <span class='ocrx_word' id='word_1_236' title='bbox 1402 4698 1523 4806; x_wconf 91' lang='lat' dir='ltr'><strong>quod,</strong></span> <span class='ocrx_word' id='word_1_237' title='bbox 1552 4723 1640 4773; x_wconf 87' lang='lat' dir='ltr'><strong>cum</strong></span> <span class='ocrx_word' id='word_1_238' title='bbox 1660 4695 1750 4774; x_wconf 89' lang='lat' dir='ltr'><strong>dicti</strong></span> <span class='ocrx_word' id='word_1_239' title='bbox 1775 4691 1923 4803; x_wconf 90' lang='lat' dir='ltr'><strong>inquisi-</strong></span> 
     </span>
     <span class='ocr_line' id='line_1_30' title="bbox 504 4825 1922 4937; baseline 0.002 -36"><span class='ocrx_word' id='word_1_240' title='bbox 504 4841 605 4902; x_wconf 89' lang='lat' dir='ltr'><strong>tores</strong></span> <span class='ocrx_word' id='word_1_241' title='bbox 637 4842 762 4902; x_wconf 87' lang='lat' dir='ltr'><strong>essent</strong></span> <span class='ocrx_word' id='word_1_242' title='bbox 792 4825 841 4905; x_wconf 91' lang='lat' dir='ltr'><strong>de</strong></span> <span class='ocrx_word' id='word_1_243' title='bbox 873 4828 1058 4934; x_wconf 86' lang='lat' dir='ltr'><strong>magistris</strong></span> <span class='ocrx_word' id='word_1_244' title='bbox 1084 4829 1189 4906; x_wconf 90' lang='lat' dir='ltr'><strong>curie</strong></span> <span class='ocrx_word' id='word_1_245' title='bbox 1220 4845 1362 4918; x_wconf 85' lang='lat' dir='ltr'><strong>nostre,</strong></span> <span class='ocrx_word' id='word_1_246' title='bbox 1395 4845 1433 4906; x_wconf 89' lang='lat' dir='ltr'><strong>et</strong></span> <span class='ocrx_word' id='word_1_247' title='bbox 1467 4856 1581 4937; x_wconf 90' lang='lat' dir='ltr'><strong>super</strong></span> <span class='ocrx_word' id='word_1_248' title='bbox 1610 4829 1683 4906; x_wconf 93' lang='lat' dir='ltr'><strong>hoc</strong></span> <span class='ocrx_word' id='word_1_249' title='bbox 1712 4841 1922 4934; x_wconf 85' lang='lat' dir='ltr'><strong>argueretur</strong></span> 
     </span>
     <span class='ocr_line' id='line_1_31' title="bbox 505 4953 1923 5069; baseline 0.003 -37"><span class='ocrx_word' id='word_1_250' title='bbox 505 4953 738 5064; x_wconf 85' lang='lat' dir='ltr'><strong>negligencia</strong></span> <span class='ocrx_word' id='word_1_251' title='bbox 757 4955 847 5035; x_wconf 91' lang='lat' dir='ltr'><strong>dicti</strong></span> <span class='ocrx_word' id='word_1_252' title='bbox 868 4959 1065 5069; x_wconf 84' lang='lat' dir='ltr'><strong>prepositi,</strong></span> <span class='ocrx_word' id='word_1_253' title='bbox 1085 4959 1157 5067; x_wconf 92' lang='lat' dir='ltr'><strong>ipsi</strong></span> <span class='ocrx_word' id='word_1_254' title='bbox 1178 4960 1226 5037; x_wconf 88' lang='lat' dir='ltr'><strong>de</strong></span> <span class='ocrx_word' id='word_1_255' title='bbox 1245 4965 1319 5038; x_wconf 92' lang='lat' dir='ltr'><strong>boc</strong></span> <span class='ocrx_word' id='word_1_256' title='bbox 1334 4987 1559 5069; x_wconf 89' lang='lat' dir='ltr'><strong>cognoscere</strong></span> <span class='ocrx_word' id='word_1_257' title='bbox 1579 4976 1750 5067; x_wconf 82' lang='lat' dir='ltr'><strong>poterant</strong></span> <span class='ocrx_word' id='word_1_258' title='bbox 1764 4976 1803 5037; x_wconf 91' lang='lat' dir='ltr'><strong>et</strong></span> <span class='ocrx_word' id='word_1_259' title='bbox 1817 4957 1923 5035; x_wconf 80' lang='lat' dir='ltr'><strong>debe·</strong></span> 
     </span>
     <span class='ocr_line' id='line_1_32' title="bbox 505 5071 1922 5200; baseline 0.001 -36"><span class='ocrx_word' id='word_1_260' title='bbox 505 5087 618 5177; x_wconf 83' lang='lat' dir='ltr'><strong>bant;</strong></span> <span class='ocrx_word' id='word_1_261' title='bbox 638 5090 792 5166; x_wconf 88' lang='lat' dir='ltr'><strong>tandem</strong></span> <span class='ocrx_word' id='word_1_262' title='bbox 815 5090 956 5197; x_wconf 84' lang='lat' dir='ltr'><strong>placuit</strong></span> <span class='ocrx_word' id='word_1_263' title='bbox 979 5091 1081 5170; x_wconf 89' lang='lat' dir='ltr'><strong>dicto</strong></span> <span class='ocrx_word' id='word_1_264' title='bbox 1107 5093 1259 5171; x_wconf 88' lang='lat' dir='ltr'><strong>Matheo</strong></span> <span class='ocrx_word' id='word_1_265' title='bbox 1283 5093 1387 5200; x_wconf 91' lang='lat' dir='ltr'><strong>quod</strong></span> <span class='ocrx_word' id='word_1_266' title='bbox 1414 5092 1573 5171; x_wconf 88' lang='lat' dir='ltr'><strong>dilectus</strong></span> <span class='ocrx_word' id='word_1_267' title='bbox 1601 5107 1639 5169; x_wconf 88' lang='lat' dir='ltr'><strong>et</strong></span> <span class='ocrx_word' id='word_1_268' title='bbox 1661 5071 1786 5190; x_wconf 85' lang='lat' dir='ltr'><strong>[idelis</strong></span> <span class='ocrx_word' id='word_1_269' title='bbox 1810 5085 1922 5191; x_wconf 75' lang='lat' dir='ltr'><strong>consi-</strong></span> 
     </span>
    </p>
   </div>
   <div class='ocr_carea' id='block_1_7' title="bbox 0 0 2230 6209">
    <p class='ocr_par' dir='ltr' id='par_1_8' title="bbox 0 0 2230 6209">
     <span class='ocr_line' id='line_1_33' title="bbox 0 0 2230 6209; baseline 0 1"><span class='ocrx_word' id='word_1_270' title='bbox 0 0 2230 6209; x_wconf 95' lang='lat' dir='ltr'><strong> </strong></span> 
     </span>
    </p>
   </div>
  </div>
 </body>
</html>
