4450 6209
512 703 561 781 m
940 674 949 681 ’
1069 706 1163 781 ces
1193 704 1334 783 enin.
1406 754 1411 767 .

286 863 472 929 emunim,
510 848 604 930 dum
625 849 852 956 quominus,
871 858 940 955 per
964 876 1004 927 se
1031 847 1089 929 vel
1117 874 1184 953 per
1210 846 1344 937 elium,
1366 846 1511 929 dictum
1537 848 1726 927 decanum
1755 848 1939 954 impediet

347 958 411 1002 ¹³⁰⁰·
510 980 551 1059 in
576 980 710 1062 saisina
738 979 1012 1088 jurisdictionis
1038 978 1262 1061 omnimode
1288 978 1572 1085 parrochiarum
1596 977 1870 1086 predictarum,
1899 999 1940 1059 et

510 1111 783 1217 impedimenta
810 1140 880 1219 per
905 1111 1070 1192 eundem
1097 1110 1348 1219 Regimldum
1374 1128 1599 1223 nongentos
1623 1138 1709 1191 sues
1732 1111 1938 1219 superbiis

509 1243 695 1351 apposita,
715 1241 881 1323 amoveri
900 1260 939 1323 et
958 1270 1102 1323 cessare
1123 1242 1274 1323 debere.

567 1375 696 1454 Mense
713 1373 903 1454 Jnnuenio.

564 1642 608 1717 X.
640 1640 738 1718 Cum
775 1641 940 1717 decanus
974 1640 1022 1717 de
1050 1640 1225 1747 Yssigaco
1259 1638 1371 1717 nohis
1405 1648 1634 1746 conquestus
1670 1639 1805 1719 fuscet
1834 1642 1935 1747 quod

508 1770 739 1879 Reginaldus
764 1771 814 1849 de
833 1772 968 1860 Ponte,
992 1771 1171 1848 dominus
1194 1771 1420 1877 Bregeriaci,
1442 1771 1630 1849 Arnaldus
1656 1772 1703 1847 de
1723 1771 1934 1861 Montibus,

509 1902 635 1991 miles,
661 1903 895 1984 Bertrandus
920 1904 1003 2011 ejus
1029 1902 1149 1992 lilim,
1179 1902 1422 2009 haymondus
1450 1902 1594 1990 Buuda,
1623 1902 1817 1984 dolendus
1843 1905 1937 1981 Run-

508 2029 663 2136 nulphi,
699 2029 888 2111 Oliverius
920 2030 1125 2138 Prepesiti,
1160 2029 1352 2111 Galterius
1375 2048 1427 2109 et
1459 2030 1704 2139 Reymundus
1735 2030 1935 2137 Prepesiti,
1995 2098 2002 2116 ,

509 2162 740 2244 Guilletmns
762 2163 809 2241 de
829 2161 959 2251 Silvia,
982 2162 1170 2243 hunaldus
1190 2164 1342 2253 Boon,
1360 2160 1605 2241 Grimoeldus
1623 2161 1670 2241 de
1685 2162 1853 2253 Merene,
1871 2162 1937 2241 Ar-
1988 2168 1992 2173 ’

508 2293 646 2374 ualdus
677 2294 714 2377 le
745 2293 891 2375 Clavier
918 2292 1044 2373 dictus
1070 2295 1224 2403 laques,
1256 2292 1486 2373 Guillelmus
1516 2292 1563 2371 de
1590 2294 1725 2384 Lessa,
1753 2292 1937 2373 Geraldus

509 2426 713 2515 Francisci‚
730 2426 977 2534 Raymundus
994 2426 1043 2506 de
1060 2426 1370 2512 Pedio-Petrum,
1386 2424 1631 2532 Raymundus
1648 2421 1822 2513 Gibrani,
1837 2424 1937 2504 Guil-

508 2556 647 2636 lchnus
665 2557 713 2637 de
731 2556 863 2649 Felen,
887 2556 1015 2639 Guido
1036 2558 1084 2638 de
1105 2558 1250 2664 beuga,
1269 2555 1499 2637 Guillelmus
1515 2556 1634 2647 Petri,
1656 2558 1790 2635 Petrus
1812 2573 1851 2637 et
1869 2558 1937 2644 lle-

509 2684 586 2793 lyes
600 2688 648 2765 de
662 2688 834 2776 verdon,
850 2688 1064 2795 Stephanus
1077 2705 1117 2767 et
1133 2686 1366 2766 Guillelmus
1383 2688 1502 2774 Petri,
1519 2704 1558 2765 et
1572 2685 1701 2794 plures
1714 2686 1800 2777 clii,
1819 2714 1936 2792 usque

510 2818 778 2901 adnumerum
798 2836 1061 2899 sexcentorum
1082 2818 1303 2908 hominum,
1325 2836 1402 2899 tam
1423 2818 1595 2926 equitum
1614 2846 1729 2925 quam
1748 2818 1934 2925 peditum,

511 2978 616 3029 more
637 2950 767 3032 hostili
792 2980 878 3033 cunr
900 2951 1030 3043 armis,
1049 2966 1177 3027 eontra
1199 2950 1300 3057 pacis
1320 2966 1456 3029 statuta
1474 2966 1511 3027 et
1527 2950 1650 3027 honos
1670 2976 1796 3029 mores
1814 2948 1934 3057 regni,
2004 2938 2008 2945 ’

512 3080 559 3159 de
581 3099 713 3171 nocte,
738 3112 821 3165 cum
842 3081 1056 3187 pulsaretur
1079 3081 1129 3159 ad
1150 3082 1370 3173 matutinas,
1393 3080 1442 3159 ad
1462 3081 1589 3159 locum
1609 3080 1655 3159 de
1673 3080 1847 3190 Yssigacn
1865 3080 1936 3159 sive

511 3212 637 3292 villam
659 3231 915 3301 accesserunt,
937 3231 975 3291 et
991 3215 1085 3293 circa
1108 3242 1283 3293 aurorem
1303 3212 1378 3292 diei
1399 3213 1605 3319 sequentis,
1627 3240 1736 3320 posse
1756 3240 1868 3291 suum
1887 3210 1937 3291 lt-

512 3344 651 3423 cicntes
666 3342 714 3423 dc
732 3345 907 3427 intrando
924 3346 1062 3425 dictam
1078 3345 1220 3436 villana,
1241 3344 1428 3423 hostiliter
1443 3342 1701 3433 debellarunt,
1721 3341 1935 3424 clamando:

511 3476 703 3583 Bargeracl
727 3478 773 3554 ad
800 3481 981 3556 morteml
1008 3478 1054 3554 ad
1079 3476 1225 3583 ignem!
1246 3476 1294 3558 ad
1314 3474 1580 3553 molendinum
1604 3474 1696 3553 dicti
1716 3473 1848 3555 decani
1868 3491 1938 3552 tra-

515 3608 642 3686 hendo
672 3609 765 3697 tela,
791 3608 1018 3716 quartellos,
1043 3608 1194 3713 sagittas
1220 3624 1258 3683 et
1287 3606 1430 3712 lapides
1458 3606 1681 3714 proiciendo
1711 3606 1822 3685 edet
1847 3605 1937 3683 infra

514 3738 651 3815 dictam
673 3738 817 3828 villam,
836 3738 1039 3845 ignemque
1056 3738 1235 3817 facientes
1252 3767 1319 3815 seu
1345 3738 1489 3817 ibidem
1516 3738 1781 3825 immittentes,
1801 3736 1937 3817 hurries

516 3868 614 3946 dicte
632 3866 720 3945 ville
740 3885 779 3945 et
804 3868 1075 3976 quinquaginta
1099 3870 1252 3961 domos,
1277 3898 1426 3948 necnon
1452 3868 1858 3973 molendinumipsiue
1878 3868 1937 3947 de-

515 3998 655 4084 caniet
684 4001 802 4106 ipsius
825 3999 994 4092 surches,
1026 4029 1110 4080 cum
1141 4001 1293 4081 duobus
1316 4002 1461 4081 ibidem
1487 4002 1694 4109 suspensis,
1722 4000 1934 4087 dimenmt,

513 4129 708 4238 fregerunt
735 4162 776 4210 ac
802 4133 919 4213 eciam
948 4134 1239 4226 combuxerunt,
1268 4133 1553 4241 propterquod
1579 4132 1746 4216 incendii
1772 4130 1937 4239 periculo

513 4263 587 4341 l'uit
612 4264 730 4369 posita
755 4281 833 4343 tota
858 4263 960 4355 villar
986 4266 1077 4345 item
1100 4264 1244 4371 aliquos
1268 4266 1442 4344 homines
1466 4265 1608 4345 ibidem
1634 4264 1935 4347 vulneraverunt.

513 4393 691 4485 bacones,
723 4424 853 4477 carnes
881 4397 1009 4489 salsas,
1039 4395 1195 4504 gallinas
1225 4414 1264 4475 et
1291 4398 1402 4504 plura
1430 4396 1501 4474 alia
1527 4398 1627 4475 boun
1656 4424 1729 4505 que
1752 4394 1806 4473 ibi
1836 4410 1937 4473 erent

516 4528 807 4616 combuxerunt,
830 4546 869 4607 et
887 4528 997 4634 plura
1020 4545 1228 4634 rapuerunt
1248 4545 1285 4606 et
1309 4558 1438 4607 secum
1457 4545 1718 4635 portaverunt3
1740 4526 1936 4632 pluresque

516 4656 686 4763 injurias,
702 4658 905 4742 violencies
920 4677 957 4738 ct
976 4688 1147 4739 excessus
1162 4659 1307 4737 ibidem
1325 4659 1617 4748 committendo,
1634 4660 1673 4737 in
1687 4659 1938 4767 gravcdamp-

517 4814 609 4865 num
631 4806 669 4865 et
694 4788 946 4894 prejudicium
973 4791 1063 4869 dicti
1091 4790 1243 4880 deceni,
1273 4789 1428 4869 ecclesie
1452 4818 1520 4868 sue
1546 4807 1583 4868 et
1610 4790 1811 4869 hominum
1834 4787 1939 4897 justi·

516 4917 710 4997 ciahilium
732 4948 908 5012 suorum,
929 4950 1079 5002 necnon
1098 4922 1138 4999 in
1164 4920 1340 5029 injuriam
1359 4940 1397 4998 et
1418 4940 1678 5029 contemptum
1704 4940 1880 5001 nostrum
1901 4944 1938 4997 ec

510 5050 785 5171 jurisdictionis
803 5070 842 5131 ct
859 5052 974 5167 garde
993 5070 1121 5133 nostre
1138 5053 1324 5163 specialis,
1348 5070 1391 5135 ut
1409 5053 1574 5147 dicebat,
1594 5055 1780 5163 nobisque
1798 5050 1938 5163 suppli·
1987 5064 1992 5073 “
