4450 6209
730 739 995 846 anusrss
1022 757 1085 828 nr
1111 740 1319 830 esoces,
1660 760 1734 831 cos

319 912 451 973 ventus
477 897 832 1004 Flavigniaccnsium
854 911 1090 1002 pervenerat,
1112 923 1190 974 non
1208 895 1444 974 obstantibus
1463 898 1672 978 rationibus
1691 928 1736 977 ex
1773 907 1903 963 rmum
1917 908 1951 961 IV

319 1023 471 1103 adverso
490 1026 709 1132 propositis,
733 1055 803 1105 nos
826 1026 866 1104 in
891 1027 1013 1134 ipsum
1035 1026 1188 1115 ducem,
1210 1025 1324 1103 titulo
1344 1025 1564 1104 donacionis
1585 1046 1736 1122 nostre,
1836 998 1899 1040 Μ’

321 1154 368 1232 de
387 1155 474 1262 jure
499 1154 663 1261 potuisse
682 1155 902 1248 transferre,
925 1173 962 1232 et
989 1155 1146 1246 deinde,
1170 1155 1338 1261 partibus
1354 1183 1467 1262 super
1487 1157 1560 1235 hoc
1578 1157 1736 1247 auditis,

319 1284 580 1392 perjudicium
596 1286 698 1362 curie
711 1305 860 1376 nostre,
879 1288 977 1363 inter
990 1303 1128 1373 catera,
1152 1286 1295 1364 dictum
1307 1285 1439 1364 fuisset
1451 1285 1577 1365 villam
1587 1290 1634 1365 de
1647 1289 1737 1367 Col-

319 1415 418 1501 chis,
441 1444 617 1522 personas
635 1434 673 1493 et
689 1416 770 1494 loca
791 1417 983 1521 potcstatis
1004 1417 1175 1524 ejusdem
1190 1415 1278 1493 ville
1293 1414 1441 1494 ballivis
1457 1419 1738 1498 Matisconensis

321 1562 358 1622 et
376 1545 549 1624 homines
568 1547 686 1653 ipsius
704 1547 806 1635 ville,
827 1547 866 1623 in
887 1564 1012 1625 nostra
1030 1545 1180 1653 speciali
1203 1548 1454 1652 protectione,
1475 1548 1587 1658 garda
1609 1566 1648 1627 et
1666 1553 1739 1629 sal-

319 1693 491 1753 vamento
512 1705 706 1754 remanere
731 1677 886 1766 debere,
913 1705 1121 1782 eorumque
1145 1675 1365 1754 franchisias
1383 1695 1423 1755 et
1449 1679 1640 1758 libertates
1667 1710 1737 1759 nos

320 1805 515 1883 observare
538 1807 676 1884 debere
700 1824 738 1884 et
757 1806 877 1884 iacere
898 1806 1101 1896 observari,
1121 1807 1306 1912 predictas
1328 1808 1446 1918 eciam
1466 1809 1635 1915 gardam,
1652 1840 1738 1918 pro·

319 1936 537 2026 tectionem,
565 1936 833 2014 salvamentum
857 1953 895 2013 et
913 1937 1103 2043 justiciam
1127 1937 1367 2025 eorumdem,
1394 1964 1540 2016 necnon
1564 1939 1737 2018 redditus

320 2066 385 2172 qui
404 2066 617 2171 apredictis
633 2065 852 2143 hominibus
866 2093 937 2172 pro
947 2067 1138 2173 premissis
1154 2067 1263 2144 nobis
1281 2066 1481 2155 debentur,
1496 2084 1535 2144 et
1547 2070 1738 2176 justiciam

321 2197 541 2274 eorumdem
557 2213 656 2274 extra
677 2224 832 2273 manum
851 2213 1015 2272 nostram
1033 2224 1174 2302 ponere
1190 2225 1266 2274 non
1283 2226 1392 2302 posse
1412 2225 1482 2274 nec
1496 2201 1683 2303 potuisse,
1701 2223 1738 2282 et

319 2344 465 2432 postea,
479 2355 592 2434 super
607 2326 709 2403 dicto
717 2324 886 2434 judicato
899 2325 1062 2430 quedam
1078 2323 1300 2414 declaracio,
1315 2354 1384 2432 per
1398 2328 1539 2404 curiam
1552 2348 1735 2422 nostram,

319 2455 412 2533 facta
441 2456 590 2545 fuisset,
619 2485 733 2562 super
756 2455 895 2563 quibus
926 2456 1058 2532 iterato
1085 2456 1279 2562 conquesti
1307 2455 1459 2534 fuenmt
1478 2457 1738 2566 multipliciter

320 2588 494 2666 homines
506 2588 604 2664 dicte
618 2587 722 2679 ville,
742 2585 913 2675 demum,
930 2615 1043 2694 super
1056 2587 1192 2664 debaro
1204 2587 1374 2694 predicto
1388 2605 1426 2663 et
1438 2615 1552 2693 super
1565 2589 1738 2695 pluribus

323 2718 477 2826 expletis
495 2746 607 2825 supra
629 2717 750 2794 dictos
769 2717 960 2808 homines,
981 2745 1049 2823 per
1072 2717 1287 2823 predictum
1308 2719 1442 2795 ducem
1464 2736 1503 2796 et
1523 2747 1612 2797 suos
1628 2721 1740 2828 justi-

320 2850 453 2928 ciando
469 2847 589 2938 factis,
609 2847 655 2924 de
672 2847 809 2953 quibus
822 2846 939 2924 eciam
954 2847 1236 2954 conquerebant
1248 2847 1423 2926 homines
1441 2849 1620 2955 predicti,
1634 2855 1740 2931 audi-

318 2981 365 3058 tis
385 2981 433 3057 ad
446 2979 605 3085 plenum
623 2977 731 3055 dictis
750 2976 936 3084 partibus,
958 2994 997 3054 et
1010 2976 1183 3084 pluribus
1199 2976 1304 3055 factis
1326 2979 1521 3057 contrariis
1540 2980 1739 3061 hincinde

182 3117 187 3126 '
318 3111 539 3218 propositis,
555 3109 655 3186 curia
665 3125 803 3196 nostra,
819 3107 937 3192 {inem
951 3107 1080 3186 volens
1093 3109 1286 3213 imponere
1300 3107 1466 3186 totaliter
1478 3109 1534 3186 liti
1550 3111 1735 3216 predicte,

320 3257 441 3318 certos
460 3239 653 3344 deputavit
668 3238 941 3315 commissarios
964 3238 1011 3314 ad
1031 3239 1316 3345 inquirendum,
1338 3241 1473 3318 vocatis
1496 3242 1678 3347 partibus,
1701 3265 1738 3322 et

320 3388 446 3450 nostre
467 3369 570 3446 curie
590 3367 831 3445 referendum
853 3368 1046 3446 veritatem
1066 3397 1179 3475 super
1198 3369 1302 3446 totali
1325 3371 1482 3477 negocio
1503 3373 1736 3478 supradict03

320 3500 561 3607 postmodum
581 3498 747 3576 articulis
766 3497 952 3575 dictarum
973 3500 1158 3604 parcium,
1180 3527 1292 3604 super
1313 3499 1532 3606 hujusmodi
1552 3501 1657 3579 totali
1678 3505 1740 3581 de-

319 3635 418 3720 bato,
441 3629 550 3708 dictis
570 3629 834 3708 commissariis
854 3628 900 3705 ab
919 3629 1061 3708 eisdem
1080 3628 1250 3736 partibus
1265 3630 1413 3706 traditis
1437 3647 1475 3707 et
1495 3659 1610 3737 super
1628 3634 1681 3710 eis
1698 3663 1740 3712 ac

320 3791 434 3869 super
457 3761 588 3838 ceteris
614 3761 652 3836 in
685 3787 816 3838 eorum
841 3759 1104 3837 commissione
1128 3760 1330 3847 contentis,
1362 3761 1539 3866 inquisita
1568 3790 1636 3867 per
1665 3791 1739 3841 eos

322 3894 425 3981 dem,
454 3892 590 3968 vocatis
608 3891 796 3997 partibus,
819 3891 987 3982 veritate,
1009 3905 1046 3966 et
1069 3891 1242 3997 inquesta
1260 3890 1482 3997 hujusmodi
1504 3893 1552 3968 ad
1573 3909 1737 3970 nostram

322 4023 462 4098 curiam
482 4019 530 4097 ad
538 4018 789 4126 judicandum
804 4037 990 4124 reparante
1004 4052 1013 4095 :
1027 4021 1214 4111 Tandem,
1229 4020 1366 4098 auditis
1381 4020 1564 4098 dietnnm
1578 4023 1738 4128 partium

321 4149 535 4229 nacionibus
549 4148 637 4225 hinc
653 4148 810 4236 atinde,
830 4164 869 4224 et
883 4149 958 4226 visa
975 4151 1148 4255 inquesta
1159 4149 1324 4253 predicta
1343 4167 1381 4225 et
1396 4149 1597 4257 diligenter
1607 4156 1740 4230 erami-

323 4301 422 4370 nata,
436 4281 599 4386 visisque
617 4279 750 4358 litteris
767 4279 938 4386 ejusdem
961 4279 1221 4358 associacionis
1239 4278 1332 4356 facte
1353 4280 1544 4358 karissimo
1567 4284 1740 4387 progeni-

321 4415 393 4491 tori
415 4429 544 4490 nostro
560 4437 629 4518 per
652 4411 772 4488 dictos
790 4409 1003 4516 religiosos,
1025 4437 1173 4486 necnon
1190 4410 1409 4487 donacionis
1423 4409 1523 4485 dicto
1541 4409 1629 4485 duci
1646 4410 1739 4490 facte

322 4574 389 4651 per
402 4572 471 4621 nos
493 4543 540 4621 de
561 4543 658 4620 dicta
674 4541 756 4617 villa
777 4540 915 4647 atejus
935 4540 1190 4646 pertinenciis,
1214 4538 1299 4616 visis
1316 4539 1432 4615 eciam
1453 4537 1617 4644 quodam
1636 4542 1739 4617 curie

323 4690 447 4752 nostre
461 4690 582 4751 aresto
597 4690 635 4750 et
654 4671 823 4780 ejusdcm
838 4671 947 4747 aresti
967 4669 1221 4748 declaracione
1236 4668 1455 4774 subsequta,
1475 4683 1513 4743 et
1532 4670 1743 4747 examinato

322 4802 469 4910 plenius
486 4803 592 4881 totali
612 4803 768 4912 negocio
784 4801 1012 4908 supradict0,
1024 4828 1094 4906 per
1108 4799 1210 4876 curie
1229 4815 1356 4876 nostre
1367 4797 1573 4905 judicium,
1596 4797 1739 4877 dictum

323 4933 394 5010 suit
407 4961 475 5010 nos
480 4933 665 5040 justiciam
687 4932 874 5011 dictorum
886 4931 1084 5012 hominum
1097 4955 1394 5036 quamcumque,
1416 4954 1483 5004 scu
1499 4955 1739 5034 quocumque

324 5063 476 5141 nomine
496 5079 702 5150 censeatur,
725 5063 771 5140 ad
793 5088 879 5148 nos,
898 5059 1046 5138 racione
1062 5059 1160 5136 dicte
1176 5056 1448 5146 associacionis,
1470 5058 1737 5163 pertinentem,

408 5238 460 5280 tzs
481 5237 563 5280 outa.
580 5237 625 5278 111.
