4450 6209
489 684 574 757 too
1080 685 1172 760 Lus
1201 683 1344 761 OLIM.

273 825 460 916 mnmclv·
496 824 788 917 sisebutum
805 843 866 906 est
882 843 1070 906 momatur
1086 827 1156 906 sed
1175 827 1369 906 morarius
1385 825 1623 919 manifestus,
1639 827 1769 909 volens
1787 829 1925 913 dietam

333 921 398 968 Μ
495 957 697 1065 peccuniam
717 977 819 1038 extra
839 986 1000 1069 regnum
1017 975 1194 1038 nostrum
1215 975 1256 1038 et
1277 975 1406 1040 contu
1430 976 1596 1040 nostrum
1620 959 1925 1069 prohibicionem

494 1090 645 1169 deferre
663 1087 936 1181 fraudulenter,
957 1108 997 1168 et
1015 1091 1135 1170 seiam
1153 1091 1315 1170 transire
1333 1119 1403 1199 per
1424 1108 1580 1198 portum
1599 1119 1678 1172 uon
1696 1111 1925 1174 consuetum

495 1240 536 1302 et
552 1240 795 1332 suspectum:
816 1224 1005 1314 Tandem,
1026 1224 1216 1333 inquestu,
1237 1251 1354 1331 super
1371 1225 1446 1302 boc
1463 1222 1557 1302 faeta
1578 1223 1827 1305 ‹ts-menduc
1846 1227 1926 1306 dic·

389 1369 395 1378 '
493 1371 619 1433 tarum
634 1356 811 1464 gencium
825 1372 1058 1444 nostrarum,
1072 1355 1152 1432 risa*
1160 1372 1208 1434 et
1216 1354 1419 1464 diligenter
1433 1355 1656 1446 examinata,
1672 1358 1763 1465 qrria
1776 1387 1857 1437 nou
1869 1375 1927 1437 est

493 1487 690 1566 inventum
709 1487 815 1596 quod
840 1488 966 1566 dictus
987 1486 1219 1597 Regiualdus
1238 1487 1288 1565 sit
1311 1487 1525 1578 mumius,
1547 1486 1834 1581 seducerentur,
1857 1517 1925 1568 nec

487 1615 619 1725 aliqua
635 1645 745 1696 causa
758 1634 1041 1726 propterquam
1055 1615 1154 1696 diota
1171 1618 1331 1723 pecunia
1344 1617 1455 1696 nobis
1467 1617 1519 1696 sit
1533 1619 1747 1710 commissa,
1762 1647 1926 1727 pronun·

494 1750 635 1828 eiatum
652 1748 743 1840 fuit,
765 1777 835 1857 per
852 1750 958 1828 curia
970 1767 1105 1827 nostre
1123 1748 1334 1856 judicium,
1359 1748 1500 1829 dictam
1513 1748 1714 1856 pecuniam
1734 1750 1836 1830 dieto
1855 1752 1924 1831 Re-

495 1879 650 1986 ginaido
670 1909 691 1958 a
710 1880 821 1959 dietis
840 1879 1027 1960 nilinbus
1046 1877 1402 1960 assenddecdun.

552 2012 651 2091 Jovis
670 2028 756 2121 post
769 2011 1219 2092 Sanctum-Ciemeutem.

551 2144 729 2225 Booelius
746 2144 960 2253 reportavit.

554 2410 627 2488 VH.
658 2409 758 2488 Cum
778 2407 956 2486 domiuus
976 2408 1025 2486 de
1045 2408 1303 2488 Miro-Monte
1324 2407 1467 2486 diceret
1486 2435 1526 2486 se
1547 2407 1687 2486 esseio
1707 2406 1843 2487 saisina
1861 2409 1923 2488 ha·

495 2539 615 2618 beudi
625 2539 882 2618 ostensionem
893 2565 1105 2629 armorum,
1118 2539 1323 2618 mercitum
1334 2538 1661 2618 etosvaloatsmac
1672 2539 1792 2618 eciam
1803 2567 1924 2619 emen·

496 2673 562 2750 das
584 2672 731 2748 levandi
751 2672 1064 2750 inobediencium
1079 2701 1102 2748 a
1124 2672 1394 2780 burgensibus,
1417 2671 1580 2750 scabinis
1597 2687 1637 2748 ct
1655 2671 1923 2752 communitate

497 2804 597 2880 dicte
611 2803 701 2880 ville
723 2819 764 2880 et
778 2803 1101 2882 commorantibus
1119 2803 1158 2880 in
1179 2804 1329 2898 eadem,
1352 2820 1391 2882 et
1405 2801 1512 2912 quod
1534 2801 1582 2882 de
1602 2801 1678 2882 hoc
1697 2831 1788 2882 mus
1805 2802 1926 2884 fuerat

495 2961 566 3040 per
576 2933 743 3039 spacium
758 2934 851 3011 tanti
864 2933 1048 3040 temporis
1060 2933 1167 3041 quod
1177 2933 1317 3012 sufficit
1330 2934 1380 3014 ad
1393 2934 1531 3014 bonam
1541 2932 1718 3014 susinum
1732 2935 1925 3043 acquiren-

497 3065 603 3153 dam,
626 3091 742 3171 qnare
758 3064 912 3171 petebat
929 3065 1113 3172 quasdam
1134 3065 1282 3172 primas,
1305 3068 1518 3175 peripsum
1539 3065 1651 3146 factas
1670 3095 1787 3176 super
1807 3065 1925 3144 dictos
2083 3113 2086 3118 ·

497 3197 704 3304 burgenses
717 3213 755 3273 et
767 3197 1095 3286 communitatem,
1104 3197 1262 3276 racione
1277 3197 1629 3278 inobedieueiarum
1643 3198 1827 3277 emacitas
1840 3225 1926 3276 nos·

494 3329 544 3407 tri
568 3330 763 3422 Fiandrie,
795 3331 834 3406 in
860 3327 1127 3407 manu‘ballivi
1152 3313 1268 3410 nostri
1295 3330 1605 3413 viromandensis
1626 3347 1751 3437 captas
1772 3346 1925 3437 propter

498 3461 680 3541 debatum
702 3462 887 3540 dictarum
910 3461 1092 3568 partium,
1122 3461 1193 3539 sibi
1214 3462 1322 3541 reddi
1342 3479 1386 3540 et
1403 3462 1574 3553 libcrari,
1597 3461 1708 3540 dietis
1730 3461 1926 3572 burgensi-

415 3661 422 3669 .
498 3593 589 3685 bus,
611 3593 772 3672 scabinis
797 3610 836 3670 et
859 3593 1130 3670 communitate
1156 3593 1369 3673 dicentibus
1393 3595 1433 3671 in
1458 3595 1688 3672 eontrarium
1715 3621 1756 3671 se
1780 3619 1862 3670 osse
1885 3591 1924 3667 in

497 3726 633 3803 saisina
645 3724 796 3802 vivendi
810 3724 930 3802 libere
950 3723 1091 3828 absque
1101 3724 1340 3830 prestacioue
1355 3725 1541 3803 exereitus
1556 3753 1623 3803 seu
1644 3723 1822 3802 mvalcate
1838 3750 1925 3800 con·

497 3873 554 3933 tra
566 3856 744 3934 dominos
760 3856 809 3932 de
823 3856 1062 3935 MiroMonte
1077 3868 1116 3932 et
1131 3873 1259 3934 contra
1275 3857 1419 3934 dictum
1434 3856 1637 3936 dominum
1648 3856 1715 3964 qui
1730 3881 1834 3934 nune
1851 3873 1922 3944 est,

497 4005 536 4063 et
553 3969 659 4094 duod
674 3985 713 4062 in
731 3987 803 4063 hac
821 3985 956 4064 saisina
968 3983 1127 4064 fuerunt
1141 3986 1232 4092 ipsi,
1252 4003 1297 4065 ut
1311 3986 1461 4074 dicunt,
1476 4013 1497 4062 a
1513 4003 1805 4094 tautotemporu
1820 3985 1923 4094 quod

494 4119 598 4197 bona
626 4118 761 4198 saisina
781 4117 830 4195 de
849 4118 923 4195 hoc
947 4134 1005 4196 est
1028 4117 1083 4198 ais
1101 4118 1303 4225 acquisita,
1327 4118 1491 4225 ideoque
1515 4117 1696 4225 petebant
1719 4117 1824 4226 quod
1849 4117 1924 4226 pri·

496 4254 551 4329 sie
569 4250 737 4360 predicte
757 4250 830 4328 sibi
853 4250 1144 4328 restituerentur
1162 4266 1201 4327 et
1219 4249 1495 4328 liberarentur:
1515 4250 1602 4332 Visa
1620 4250 1793 4360 inquesta
1812 4277 1923 4360 super

496 4383 570 4462 biis
590 4385 638 4461 de
657 4381 834 4460 mandato
853 4382 1110 4472 nummisma,
1129 4381 1216 4460 visis
1235 4383 1345 4461 cartis
1362 4399 1401 4460 et
1414 4380 1498 4459 aliis
1517 4381 1655 4462 titteris
1670 4412 1717 4462 ex
1729 4399 1837 4489 parte
1849 4380 1924 4460 dio-

495 4531 623 4593 torum
638 4513 904 4623 brugensium,
926 4513 1164 4591 scabinorum
1184 4529 1224 4590 et
1242 4513 1521 4592 communitatis
1538 4515 1749 4624 modoetia,
1770 4513 1923 4594 auditis-

496 4673 573 4753 que
590 4645 804 4725 racionibus
820 4645 1022 4754 propositis
1034 4646 1123 4722 binc
1138 4661 1176 4723 et
1190 4645 1297 4737 iude,
1313 4647 1408 4755 quia
1425 4647 1618 4726 inventum
1634 4665 1692 4726 est
1703 4646 1828 4726 dictos
1839 4648 1923 4727 bur·

491 4804 645 4885 genses,
666 4777 838 4857 scabinos
858 4795 896 4856 et
919 4778 1228 4857 communitatem
1248 4778 1667 4890 sufficienterprobasse
1685 4777 1837 4888 posius,
1857 4807 1923 4888 per

496 4909 640 4987 dictum
661 4910 881 5001 dominum,
909 4912 1104 4991 occasione
1128 4937 1262 5019 guerre
1286 4929 1325 4989 et
1351 4911 1532 4990 exercitus
1554 4927 1787 5002 nostrorum,
1812 4939 1922 5020 super

492 5041 598 5147 ipsos
617 5041 708 5120 alias
726 5039 854 5132 saetas,
877 5043 978 5124 bona
996 5043 1114 5122 eciam
1131 5071 1265 5122 eorum
1280 5071 1350 5151 per
1363 5043 1488 5151 ipsum
1508 5061 1612 5152 capta
1627 5043 1821 5124 occasione
1839 5071 1922 5153 pre·
