4450 6209
744 769 1013 878 suousrss
1039 789 1104 862 rr
1130 768 1336 863 proces.
1675 795 1748 866 sss

330 928 672 1036 complementum
700 929 854 1006 tandem
873 927 1083 1035 judicatum
1108 927 1180 1005 luit
1197 956 1266 1035 per
1284 927 1498 1035 predictum
1518 930 1750 1034 prepositum
1787 937 1974 999 pserunt,

328 1045 451 1166 quod,
473 1058 800 1136 nonobstantibus
819 1058 1033 1136 racionibus
1055 1059 1154 1137 dicte
1175 1058 1345 1147 domine,
1364 1057 1452 1134 dicti
1473 1056 1633 1136 heredes
1650 1060 1749 1139 bene
1850 1027 1911 1071 mi

326 1189 579 1297 probaverunt
600 1191 854 1268 intencionem
874 1219 998 1278 suam,
1021 1207 1060 1268 et
1084 1218 1149 1268 eos
1174 1189 1313 1268 debere
1337 1189 1483 1266 restitui
1506 1189 1553 1266 de
1572 1191 1750 1296 predictis
1779 1287 1782 1294 ¹

327 1325 490 1430 arpentis
514 1340 612 1400 terre
636 1339 673 1399 et
699 1322 849 1400 duobus
873 1322 1012 1400 modiis
1031 1321 1150 1412 bladi,
1177 1349 1343 1410 necnon,
1371 1348 1440 1428 pro
1459 1321 1641 1400 fructibus
1660 1323 1750 1403 inde

327 1454 521 1560 perceptis,
533 1453 712 1530 ducentas
726 1453 839 1532 libras
851 1469 1002 1530 monete
1015 1455 1211 1541 currentis,
1224 1452 1322 1530 dicta
1333 1451 1562 1560 spoliacione
1576 1452 1747 1550 durante,

329 1583 467 1662 debere
494 1583 602 1660 reddi
630 1582 790 1674 eisdem,
812 1613 927 1692 super
945 1584 1020 1661 hiis
1044 1584 1182 1661 dictam
1209 1583 1418 1671 dominam,
1441 1611 1518 1688 quo
1545 1612 1657 1691 supra
1681 1615 1751 1663 no-

328 1715 446 1803 mine,
471 1713 805 1820 condempnando;
830 1745 849 1792 a
869 1743 946 1822 quo
956 1715 1126 1821 judicato
1140 1731 1333 1819 tamquam
1351 1712 1445 1789 salso
1465 1729 1503 1789 et
1522 1742 1653 1820 pravo,
1669 1745 1752 1823 pro

328 1860 477 1922 curator
493 1844 591 1921 dicte
606 1845 779 1932 domine,
801 1845 957 1921 nomine
974 1873 1051 1950 quo
1066 1872 1196 1949 supra,
1215 1843 1264 1919 ad
1283 1859 1449 1919 nostram
1466 1844 1608 1920 curiam
1623 1846 1749 1954 appel-

326 1974 428 2064 lavit;
451 1973 587 2051 auditis
607 1975 721 2084 igitur
741 1974 850 2051 dictis
869 1974 1055 2082 partibus,
1078 1975 1119 2049 in
1144 2001 1253 2050 causa
1277 1971 1547 2080 appellacionis
1564 1977 1748 2082 predicte,

326 2106 479 2213 visoque
510 2105 711 2211 diligenter
733 2133 912 2211 processu
937 2104 1126 2211 predicto,
1155 2131 1223 2211 per
1254 2103 1356 2181 curie
1385 2121 1513 2182 nostre
1539 2106 1746 2215 judicium,

327 2237 470 2313 dictum
502 2235 574 2313 fuit
603 2235 816 2341 predictum
844 2235 1077 2343 prepositum
1106 2233 1204 2311 male
1234 2235 1521 2340 pronunciasse,
1543 2266 1629 2314 cum
1665 2259 1750 2317 ante

328 2367 453 2443 omnia
468 2344 659 2444 debuisset
679 2394 792 2472 super
807 2365 1026 2443 reddicione
1045 2365 1148 2441 curie
1163 2363 1367 2472 judicasse,
1389 2382 1427 2441 et
1439 2365 1648 2473 judicatum
1667 2398 1752 2474 pre-

328 2496 472 2573 dictum
492 2497 609 2603 ipsius
629 2496 808 2603 prepositi
830 2513 955 2574 nostra
982 2496 1083 2573 curia
1107 2495 1307 2583 enullavit,
1327 2512 1367 2572 et
1384 2495 1492 2585 dixit,
1514 2497 1603 2603 quia
1620 2498 1750 2576 inven-

325 2644 409 2704 tum
433 2644 489 2704 est
511 2655 579 2736 per
598 2627 741 2704 dictum
769 2653 984 2734 processum
1015 2626 1153 2703 dictam
1180 2625 1390 2715 dominam,
1416 2655 1531 2733 super
1554 2628 1749 2737 principali

327 2788 436 2836 causa
464 2760 647 2869 predicta,
679 2786 803 2837 coram
838 2760 939 2837 dicto
972 2759 1166 2865 preposito
1199 2758 1455 2864 respondisse,
1481 2775 1671 2867 testesque
1703 2763 1749 2840 ab

326 2906 484 2997 utraque
500 2907 604 2996 parte
624 2889 664 2966 in
684 2889 816 2968 eadem
832 2918 940 2967 causa
959 2889 1167 2996 productos
1187 2887 1318 2978 luisse,
1336 2887 1441 2996 quod
1460 2917 1569 2967 causa
1583 2893 1750 2998 predicta

325 3037 535 3098 remaneret
547 3020 586 3096 in
601 3019 704 3098 curia
722 3037 865 3112 nostra,
883 3021 1093 3098 secundum
1109 3034 1285 3098 contenta
1300 3020 1339 3095 in
1359 3019 1459 3097 dicto
1474 3048 1671 3126 processu,
1688 3051 1750 3100 vo-

326 3151 416 3228 catis
448 3151 632 3258 partibus,
669 3149 905 3242 decidenda,
936 3150 1173 3229 auditoribus
1205 3151 1322 3257 igitur
1354 3179 1468 3258 super
1492 3152 1567 3229 boc
1599 3181 1620 3228 a
1647 3155 1747 3233 curia

326 3298 452 3359 nostra
469 3281 581 3369 datis,
596 3281 723 3359 audite
736 3279 892 3358 luerunt
904 3309 1017 3388 super
1031 3282 1106 3358 hoc
1120 3281 1289 3358 raciones
1303 3281 1403 3358 dicte
1418 3281 1588 3372 domine,
1607 3300 1644 3360 et
1658 3284 1748 3362 dicti

326 3411 478 3501 Robini,
506 3411 572 3517 qui
597 3409 701 3488 solus
722 3426 949 3518 prosequtus
971 3410 1043 3488 luit
1069 3411 1206 3488 dictam
1227 3441 1374 3488 causam
1396 3412 1436 3489 in
1456 3431 1638 3520 quantum
1659 3431 1748 3491 eum

324 3542 519 3652 tangebat,
540 3559 729 3648 testesque
749 3541 924 3648 producti
945 3559 983 3619 et
1002 3543 1201 3619 examinati
1220 3571 1334 3651 super
1352 3542 1449 3620 lacto
1477 3543 1591 3650 partis
1609 3545 1749 3622 utrius·

324 3702 399 3781 que
418 3704 426 3749 :
448 3673 688 3751 Processibus
702 3672 817 3784 igitur
830 3672 1025 3779 predictis,
1042 3689 1120 3750 tam
1136 3701 1261 3750 coram
1278 3673 1380 3750 dicto
1399 3675 1607 3780 preposito,
1633 3703 1747 3781 quam

326 3833 450 3882 coram
469 3805 557 3911 ipsis
577 3802 813 3882 auditoribus
833 3803 953 3892 lactis,
978 3803 1025 3880 ad
1047 3803 1190 3879 curiam
1209 3819 1373 3880 nostram
1389 3832 1459 3910 pro
1470 3803 1680 3910 judicando
1695 3833 1750 3882 re·

323 3935 495 4042 portatis,
521 3935 608 4010 visis
630 3951 668 4010 et
696 3933 896 4040 diligenter
920 3933 1151 4023 examinatis,
1175 3961 1244 4040 per
1264 3933 1366 4010 curie
1395 3951 1521 4011 nostre
1541 3935 1745 4044 judicium,

326 4064 425 4141 dicta
440 4065 594 4141 domina
615 4063 886 4168 condempnata
907 4061 978 4140 luit
993 4065 1041 4139 ad
1060 4064 1339 4141 restituendum
1357 4063 1457 4142 dicto
1472 4063 1619 4144 Robino
1639 4097 1750 4174 quar·

324 4212 401 4272 tam
413 4213 557 4302 partem
577 4211 763 4272 terrarum
782 4193 952 4297 superius
966 4194 1170 4299 petitarum
1186 4210 1224 4270 et
1238 4194 1441 4272 dimidium
1458 4195 1631 4273 modium
1644 4197 1748 4275 bladi

325 4333 393 4433 pro
411 4342 542 4434 quarta
561 4343 664 4433 parte
682 4324 880 4431 gerbarum
900 4323 1173 4430 predictarum,
1190 4352 1356 4413 necnon,
1376 4352 1445 4430 pro
1465 4325 1647 4404 fructibus
1668 4327 1748 4404 aliis

325 4457 413 4534 inde
433 4457 634 4563 perceptis,
653 4453 894 4564 quadraginta
912 4453 1026 4531 libras
1045 4454 1288 4542 Parisienses,
1304 4483 1374 4560 pro
1393 4470 1472 4531 rata
1491 4455 1614 4561 ipsum
1633 4456 1748 4535 Robi-

325 4617 416 4664 num
437 4588 678 4696 contingente
700 4587 738 4662 in
755 4583 939 4662 fructibus
960 4586 1156 4692 predictis,
1179 4614 1199 4661 a
1219 4601 1390 4692 tempore
1410 4585 1645 4691 spoliacionis
1663 4617 1749 4694 pre-

326 4718 441 4810 dicte,
473 4718 665 4825 usquead
691 4736 843 4825 tempus
867 4734 969 4795 mote
995 4718 1071 4796 litis
1095 4717 1280 4824 presentis
1302 4717 1505 4823 perceptis,
1528 4743 1674 4796 necnon
1700 4720 1748 4798 ad

325 4848 466 4928 fruetus
486 4848 552 4956 qui
577 4865 663 4956 post
693 4828 830 4926 dictam
855 4848 962 4926 litem
987 4866 1129 4927 motam
1155 4876 1275 4954 usque
1298 4875 1400 4925 nunc
1424 4846 1473 4924 de
1498 4845 1596 4924 dicta
1617 4867 1747 4955 quarta

324 4998 428 5088 parte
445 4981 585 5088 percipi
603 4997 824 5088 potuerunt,
843 4981 932 5057 scita
946 4982 1120 5072 ve1itate,
1140 4981 1278 5058 vocatis
1290 4980 1475 5087 partibus,
1493 4982 1694 5057 summarie
1710 5000 1748 5058 et

325 5111 372 5188 de
392 5110 505 5218 plano
525 5111 573 5187 de
593 5111 798 5219 quantitate
817 5137 960 5188 eorum.

436 5287 488 5330 ess
509 5288 590 5330 οιιιι.
616 5289 661 5328 ιιι.
1593 5265 1633 5333 lli
