4450 6209
732 687 999 799 avoobrns
1025 708 1090 782 nr
1116 688 1322 782 proces.
1364 651 1373 670 ’
1668 709 1742 782 aaa

322 854 523 932 commodo
543 852 632 930 dicti
648 851 833 942 delectus,
848 850 1009 930 debebat
1023 850 1094 930 sibi
1114 849 1320 958 adjudicari
1340 847 1473 927 saisina
1488 847 1643 926 latronis
1656 879 1744 955 pre-
1782 852 1912 908 terreis
1925 851 1968 914 Ν·

323 984 430 1076 dicti;
453 984 561 1062 dietis
581 982 720 1089 majore
747 1000 785 1060 et
798 982 933 1091 juratis
953 982 1166 1060 dicentibus
1189 981 1294 1089 quod
1312 980 1449 1088 injuste
1465 979 1578 1087 positi
1597 979 1746 1063 fueram
1829 944 1894 988 Μ’

322 1117 361 1194 in
382 1117 552 1205 delectu,
573 1143 642 1222 pro
662 1143 708 1194 eo
727 1114 902 1194 videlicet
920 1113 1027 1221 quia,
1050 1115 1130 1220 ipsa
1148 1114 1210 1192 die
1229 1143 1304 1222 qua
1322 1113 1436 1220 positi
1449 1112 1600 1198 fuerent
1618 1114 1658 1190 in
1677 1116 1745 1194 de·

322 1245 439 1336 fectu,
463 1274 587 1332 coram
602 1248 704 1326 dicto
717 1246 907 1355 proposito
928 1262 1232 1351 comparuerant,
1252 1246 1346 1323 bora
1364 1243 1503 1336 debita,
1520 1262 1558 1322 et
1576 1262 1662 1322 ante
1675 1246 1746 1326 bo-

320 1405 401 1454 ram
422 1394 459 1454 et
478 1395 562 1483 post
581 1378 731 1466 horam,
745 1394 784 1454 et
802 1376 922 1484 quod,
935 1375 1057 1482 posito
1073 1375 1178 1482 quod
1192 1376 1294 1484 juste
1312 1375 1425 1482 positi
1444 1375 1603 1454 fuissent
1620 1375 1661 1453 in
1680 1377 1746 1454 de-

321 1505 437 1597 lectu,
453 1536 532 1586 non
546 1525 674 1586 tamen
682 1526 830 1588 tantum
848 1507 1093 1587 commodum
1107 1508 1156 1585 de
1170 1506 1272 1585 dicto
1283 1504 1434 1584 delectu
1448 1505 1612 1584 debebat
1623 1507 1747 1586 dimus

322 1637 517 1745 episeopus
537 1657 742 1745 reportare,
759 1639 933 1746 pluribus
952 1637 1167 1716 racionibus
1182 1667 1276 1746 quas
1295 1638 1367 1744 ipsi
1386 1665 1500 1743 super
1515 1637 1591 1718 boc
1609 1666 1747 1746 propo-

321 1767 478 1857 nebant3
501 1767 640 1875 quibus
660 1797 737 1848 non
758 1768 1012 1857 obstantibus,
1036 1769 1161 1846 dictus
1178 1769 1408 1882 prepositus,
1430 1795 1630 1874 persuum
1646 1768 1747 1875 judi·

321 1900 438 1988 cium,
456 1900 715 2006 pronunciavit
735 1901 855 1978 dictos
874 1900 1056 2006 majorem
1077 1917 1114 1977 et
1130 1900 1276 2006 juratos
1290 1901 1391 2007 juste
1410 1897 1524 1978 fuisse
1543 1901 1687 2005 positos
1705 1901 1746 1978 io

321 2027 485 2118 delectu,
508 2047 546 2107 et
564 2029 685 2137 quod,
708 2031 842 2108 virtute
862 2029 951 2106 dicti
973 2026 1161 2118 delectus,
1182 2030 1303 2138 major
1322 2046 1359 2106 et
1373 2031 1488 2138 jurati
1508 2029 1669 2137 predicti
1688 2061 1747 2108 ea·

322 2159 411 2236 dere
442 2160 633 2240 debebant
659 2189 680 2236 a
717 2161 818 2238 dicto
855 2159 952 2237 facto
981 2159 1177 2265 proposito
1203 2187 1249 2236 ex
1283 2177 1387 2264 parte
1416 2161 1585 2268 ipsorum
1616 2179 1746 2240 contra

204 2365 208 2372 ,
322 2289 537 2394 episcopum
560 2289 792 2396 predictum;
822 2317 842 2364 a
868 2317 943 2395 quo
969 2289 1126 2394 quidem
1147 2288 1332 2394 judicato,
1359 2317 1402 2366 ex
1425 2307 1531 2395 parte
1556 2289 1746 2368 dictorum

323 2420 473 2528 majoris
491 2437 528 2496 et
541 2419 770 2529 juratorum,
792 2438 986 2527 tamquam
1005 2448 1026 2494 a
1046 2418 1140 2497 falso
1156 2437 1194 2496 et
1212 2447 1339 2524 pravo,
1355 2421 1404 2497 ad
1417 2437 1584 2499 nostram
1603 2421 1745 2499 curiam

323 2549 441 2626 extitit
461 2549 709 2657 appellatum3
731 2579 845 2657 quam
869 2578 1018 2628 causam
1049 2548 1316 2656 appellacionis
1334 2550 1439 2628 curia
1456 2569 1582 2631 nostra
1601 2553 1748 2631 remisit

321 2678 458 2759 ballivo
479 2682 764 2772 silvanectensi3
786 2683 851 2788 qui
877 2681 1033 2788 quidem
1052 2679 1228 2770 ballivus,
1251 2682 1403 2788 cognito
1423 2681 1472 2760 de
1496 2682 1594 2762 dicu
1616 2711 1774 2781 causa„

321 2813 579 2916 pronunciavit
600 2814 742 2890 dictum
762 2815 994 2918 prepositum
1008 2811 1107 2890 bene
1119 2811 1308 2921 judicasse
1320 2841 1363 2888 ao
1378 2812 1499 2892 dictos
1510 2815 1694 2922 majorem
1707 2832 1748 2892 et

316 2941 461 3048 juratos
485 2943 582 3019 male
610 2941 832 3051 appellasse;
860 2969 979 3049 aquo
1000 2943 1159 3050 quidem
1179 2943 1369 3051 judicato,
1391 2960 1585 3051 tamquam
1608 2975 1630 3022 a
1651 2945 1745 3025 falso

322 3090 360 3149 et
377 3102 507 3180 pravo,
530 3075 619 3151 dicti
641 3075 761 3181 major
781 3092 818 3151 et
838 3075 952 3182 jurati
979 3063 1122 3153 iterato
1146 3074 1195 3150 ad
1221 3091 1388 3153 nostram
1415 3075 1559 3154 curiam
1584 3077 1746 3183 appella·

322 3221 412 3279 runt
428 3235 436 3280 ε
455 3202 602 3281 Auditis
622 3204 735 3309 igitur
755 3204 863 3281 dictis
883 3203 1051 3308 partibus
1077 3205 1117 3278 in
1137 3205 1241 3282 curia
1261 3222 1405 3293 nostra,
1427 3205 1467 3280 in
1486 3235 1594 3284 eausa
1620 3207 1747 3313 appel·

322 3331 477 3409 lacionis
494 3332 678 3438 predicte,
699 3333 854 3438 visoque
869 3359 1048 3438 processu
1063 3359 1172 3410 cauae
1187 3334 1374 3440 predicte,
1389 3352 1427 3411 et
1445 3334 1648 3441 diligenter
1660 3363 1745 3415 exa·

322 3463 479 3550 minato,
494 3491 562 3568 per
576 3463 678 3539 curie
690 3480 815 3542 nostre
826 3461 1034 3571 judicium,
1048 3463 1193 3540 dictum
1206 3461 1294 3552 fuit,
1311 3463 1500 3570 predictos
1513 3466 1744 3571 prepositum

323 3610 360 3669 et
378 3592 558 3671 ballivum
577 3595 675 3672 bene
690 3595 878 3702 judicasse
898 3613 935 3673 et
951 3593 1071 3672 dictos
1087 3595 1269 3701 majorem
1287 3612 1326 3673 et
1339 3597 1487 3704 juratos
1505 3596 1604 3674 male
1619 3596 1746 3704 appel-

322 3725 432 3813 lasse,
455 3743 492 3803 et
511 3727 617 3832 quod
633 3726 723 3804 dicti
740 3727 970 3834 appellantes
990 3726 1063 3804 boc
1083 3707 1360 3805 emendabunt,
1400 3777 1405 3788 -

377 3857 504 3934 Martis
523 3873 608 3962 post
629 3856 802 3935 Jubilate.
899 3843 903 3854 ¹

378 3986 483 4063 Croci
503 3986 715 4090 reportavit.

378 4251 421 4327 ll.
452 4250 535 4326 Lite
556 4265 673 4342 mota,
696 4279 820 4330 coram
841 4253 1000 4332 scabinis
1019 4252 1106 4331 ville
1122 4255 1169 4333 de
1188 4256 1377 4363 Fresneyo
1391 4255 1541 4333 ballivie
1560 4254 1745 4334 Silvanec-

322 4382 452 4473 tensis,
471 4381 571 4457 inter
593 4379 758 4486 priorem
784 4379 872 4459 ville
899 4384 946 4460 de
965 4385 1168 4492 Fresneyo,
1188 4413 1232 4462 ex
1251 4401 1355 4492 parte
1373 4411 1467 4472 una,
1490 4401 1529 4460 et
1548 4383 1746 4462 Odardum

323 4511 469 4602 Darois,
491 4510 702 4588 Johannem
731 4511 778 4589 de
798 4513 939 4603 Puille,
957 4513 1168 4597 Walerium
1190 4516 1237 4593 de
1261 4514 1537 4605 viridi-Sumo,
1562 4513 1746 4593 Jacobum

322 4640 575 4719 Parvi-Passus
595 4660 632 4718 et
651 4644 804 4720 Petrum
820 4646 869 4722 de
889 4621 1075 4736 Nouello,
1099 4646 1272 4737 elericos,
1295 4646 1524 4724 habitatores
1543 4645 1633 4722 dicti
1652 4645 1742 4738 loci,

324 4798 367 4844 ex
382 4768 507 4861 altera,
524 4801 637 4879 super
652 4777 814 4882 eoquod
832 4775 982 4856 dicebat
997 4777 1118 4856 dictus
1131 4778 1247 4884 prior,
1262 4778 1310 4855 de
1323 4807 1396 4854 usu
1414 4794 1452 4854 et
1470 4777 1745 4856 consuetudine

324 4897 413 4977 dicti
428 4899 523 4990 loci,
543 4901 690 4982 diucius
706 4905 914 5000 obsetvata,
929 4908 1001 4985 sibi
1020 4925 1251 5015 competere,
1270 4926 1362 4986 etse
1380 4936 1461 4988 esse
1480 4908 1521 4986 in
1538 4907 1673 4986 saisina
1684 4907 1744 4986 vel

324 5032 427 5136 quasi
441 5031 674 5138 percipiendi
691 5054 729 5114 et
738 5036 921 5127 habendi,
937 5037 1054 5118 semel
1074 5039 1113 5116 in
1133 5067 1249 5130 anno,
1263 5068 1377 5120 unam
1396 5041 1580 5120 corveiam
1592 5039 1640 5118 ab
1660 5066 1744 5116 om-

410 5207 461 5250 srs
482 5207 564 5250 otiu.
589 5210 635 5250 ru.
1596 5191 1638 5254 80
