4450 6209
544 706 618 780 586
1117 707 1209 778 LES
1249 697 1389 781 OLIM.

320 853 448 909 sanim
462 855 503 918 W·
543 850 730 928 dictorum
752 847 1015 957 religiosorum
1036 848 1274 937 accedentes,
1296 849 1336 924 in
1351 847 1483 926 multis
1506 849 1585 927 suis
1606 851 1788 956 partibus,
1812 881 1947 933 cacum

379 949 442 993 1³1⁰.

542 982 696 1060 ensibus
711 1001 749 1060 et
767 981 963 1060 securibus
979 979 1261 1068 destituerunt,
1279 996 1316 1057 et
1332 979 1379 1056 de
1399 979 1500 1059 malo
1518 981 1769 1087 procedentes
1782 984 1820 1060 in
1838 987 1946 1093 pejus,

540 1116 725 1193 bubulcos
743 1115 911 1220 ipsorum
935 1111 1217 1220 religiosorum,
1241 1128 1387 1189 arantes
1412 1111 1452 1188 in
1480 1113 1592 1191 terris
1616 1113 1852 1204 eorumdem,
1873 1146 1947 1195 cum

539 1246 683 1326 baculis
714 1262 753 1323 et
784 1243 988 1322 calcaribus
1018 1271 1138 1349 usque
1166 1243 1215 1320 ad
1240 1241 1464 1320 effusionem
1492 1245 1682 1352 sanguinis
1705 1245 1946 1340 verberarunt

541 1380 705 1459 duorum
727 1377 846 1455 boum
868 1375 935 1484 qui
959 1375 1006 1452 nd
1031 1353 1194 1452 aratrum
1218 1392 1325 1453 erant
1349 1375 1443 1452 inibi
1467 1374 1607 1484 alligati
1630 1377 1832 1467 musellos,
1852 1409 1947 1460 manu

540 1529 579 1588 et
594 1539 682 1588 ense
702 1508 882 1616 propriis,
898 1507 998 1584 idem
1018 1507 1141 1596 miles,
1159 1506 1332 1584 militaris
1355 1507 1587 1585 condicionis
1604 1509 1794 1586 inmemor
1813 1528 1849 1586 et
1861 1512 1947 1590 bruti

538 1641 709 1720 animalis
738 1639 995 1717 innocencium
1022 1666 1099 1717 non
1123 1637 1379 1726 considerans,
1401 1640 1634 1746 amputavit:
1656 1641 1831 1748 lnquesta
1850 1642 1948 1751 igitur

539 1801 653 1880 super
670 1771 861 1878 premissis
878 1772 925 1848 de
940 1787 1068 1847 nostro
1088 1769 1182 1845 lacta
1200 1770 1394 1858 mandatu,
1418 1770 1466 1846 ad
1486 1787 1653 1848 nostram
1671 1773 1816 1849 curiam
1839 1801 1949 1879 repor-

540 1921 627 1994 tata,
648 1932 690 1980 ac
710 1903 908 2011 diligenter
925 1901 1017 1989 visa,
1037 1917 1306 2008 compertoque
1320 1900 1466 2008 liquido
1481 1901 1721 2009 pereundam
1737 1903 1878 1982 diuum
1890 1907 1949 1982 mi-

539 2036 645 2113 litem
656 2034 846 2142 predictos
861 2059 1045 2123 excessus,
1059 2050 1104 2108 ut
1119 2032 1362 2138 premittitur,
1379 2034 1625 2124 commisisse,
1640 2063 1710 2142 per
1722 2036 1827 2113 curis
1841 2055 1948 2114 nostre

535 2166 741 2274 judicium,
762 2163 835 2243 fuit
854 2166 956 2243 idem
977 2164 1086 2242 miles
1105 2163 1260 2270 prelatis
1278 2156 1478 2270 religiosis,
1498 2193 1568 2270 pro
1587 2165 1752 2274 injuriis,
1777 2167 1949 2245 violenciis

539 2315 577 2374 et
597 2297 804 2376 excessibus
822 2295 895 2374 sihi
910 2295 1015 2372 lactis
1034 2321 1076 2371 ac
1094 2323 1252 2372 suorum
1268 2294 1510 2372 estimacione
1523 2296 1792 2403 dampnorum,
1809 2299 1848 2375 in
1861 2298 1949 2374 mille

537 2428 659 2518 libris,
677 2447 715 2506 et
733 2427 844 2506 nobis
862 2455 931 2533 pro
952 2425 1131 2517 emenda,
1153 2425 1191 2501 in
1211 2426 1317 2502 mille
1335 2426 1444 2504 libris
1453 2427 1743 2506 Turonensibus
1765 2429 1949 2536 condemp

538 2579 662 2652 natus;
683 2579 737 2650 et,
754 2559 940 2667 peridem
956 2557 1059 2634 curie
1074 2573 1201 2635 nostre
1212 2557 1419 2664 judicium,
1438 2557 1512 2635 fuit
1526 2557 1670 2636 dictum
1683 2561 1793 2666 quod
1808 2560 1949 2644 Guillal

538 2721 624 2770 mus
639 2694 686 2771 de
698 2693 869 2781 Plancha,
884 2688 1114 2770 Guillelmus
1124 2689 1298 2779 berardi,
1313 2689 1438 2766 dictus
1449 2689 1611 2780 Giroart,
1623 2692 1705 2798 qui,
1722 2692 1767 2768 in
1777 2692 1950 2800 premissis

537 2824 731 2901 maleliciis
750 2821 1026 2932 perpetrandis,
1053 2819 1179 2898 eidem
1199 2821 1311 2898 militi
1331 2820 1514 2898 auxilium
1528 2849 1717 2930 opemque
1738 2823 1904 2900 tulemnt
1918 2839 1950 2899 et

538 2955 748 3062 specialiter
772 2955 962 3030 lohannes
989 2952 1240 3043 Larmeurier,
1266 2952 1437 3058 ejusdem
1465 2952 1596 3032 militis
1621 2954 1866 3043 domesticus,
1892 2954 1948 3060 qui

538 3086 578 3162 in
598 3086 696 3163 dicta
716 3085 886 3172 ecclesia,
909 3083 1139 3162 monachum
1160 3065 1279 3190 ipsius
1296 3085 1513 3162 monasterii
1530 3113 1652 3192 usque
1672 3085 1722 3162 ad
1737 3083 1948 3164 effusionem

538 3217 727 3326 sanguinis
739 3217 787 3295 de
800 3243 928 3324 pugno
939 3216 1138 3321 percussit,
1155 3217 1334 3305 Parisios,
1349 3215 1585 3295 adducentur
1596 3218 1637 3294 in
1652 3215 1871 3306 Castelleto,
1884 3244 1948 3294 car·

537 3349 612 3427 ceri
632 3348 887 3454 mancipandi,
906 3365 944 3424 et
962 3347 1120 3440 ibidem,
1141 3373 1341 3455 quousque
1361 3373 1529 3426 excessus
1541 3348 1733 3454 predictos
1748 3366 1948 3456 competes

534 3498 593 3560 ter
613 3479 907 3573 emendaverint,
929 3479 1145 3570 detinendi;
1157 3497 1212 3570 et,
1230 3479 1317 3586 quia
1337 3479 1376 3556 in
1396 3479 1563 3558 articulis
1578 3479 1843 3589 religiosorum
1862 3481 1947 3586 ipso·

535 3641 620 3689 mm
645 3613 694 3690 de
708 3612 883 3718 pluribus
901 3609 1047 3689 dabatis
1066 3641 1140 3719 que
1159 3611 1276 3689 iidem
1296 3609 1479 3717 religiosi,
1498 3640 1587 3689 cum
1605 3611 1778 3719 predicto
1793 3609 1943 3698 domino,

534 3743 693 3856 habpnt,
713 3744 863 3820 racione
878 3742 1030 3850 justicie
1051 3759 1089 3820 et
1102 3741 1360 3851 jurisdicionis
1379 3770 1446 3820 sue
1466 3758 1505 3820 et
1523 3743 1743 3822 debitorum
1764 3772 1807 3821 ac
1824 3743 1947 3851 legato·

535 3902 621 3950 rum
651 3902 725 3978 que
754 3889 891 3979 petunt
912 3872 958 3950 ab
981 3872 1063 3977 ipso
1089 3872 1263 3963 domino,
1295 3874 1443 3953 mencio
1470 3875 1641 3964 habetur,
1671 3893 1710 3953 et
1730 3904 1845 3984 super
1865 3873 1943 3959 biis,

535 4003 670 4080 virtute
692 4004 792 4081 dicte
811 4004 1102 4094 commissionis,
1124 4033 1202 4083 non
1221 4008 1346 4112 potuit
1359 4006 1549 4115 judicium
1567 4007 1623 4084 eis
1647 4007 1775 4097 reddi,
1801 4002 1944 4114 predicti

533 4131 698 4244 religiosi
717 4135 913 4242 jussuum
940 4135 979 4213 in
1004 4137 1199 4244 predictis,
1224 4167 1351 4216 coram
1365 4137 1504 4216 ballivo
1518 4139 1732 4217 Turoneusi
1753 4138 1812 4218 vel
1833 4161 1942 4216 coram

532 4266 606 4345 alio
627 4264 842 4373 deputando
863 4297 883 4344 a
902 4267 1028 4360 uobis,
1051 4269 1081 4346 si
1101 4270 1311 4361 voluerint,
1332 4289 1620 4377 prosequentur.
1775 4267 1779 4272 ’

586 4399 685 4475 Jovis
702 4415 788 4475 ante
808 4399 1093 4477 Penthecosteu.
1206 4436 1210 4441 ·

587 4531 637 4608 Μ.
656 4530 700 4608 G.
724 4530 771 4607 de
786 4531 881 4609 Usco
896 4531 1106 4637 reportarit.

587 4791 744 4869 LXXXI.
774 4792 871 4871 Cum
890 4792 1135 4899 Raymundus
1148 4793 1184 4870 le
1203 4794 1358 4888 (lamus,
1376 4793 1423 4872 de
1444 4795 1620 4875 mandato
1637 4794 1801 4904 magistri
1821 4788 1941 4871 lvonis

532 4921 580 4998 de
595 4921 838 5013 Laudunaco,
857 4924 997 5014 clerici,
1014 4941 1052 5001 et
1066 4925 1246 5004 lobannis
1262 4925 1434 5016 Bobeni,
1456 4927 1587 5006 militis
1604 4944 1836 5014 nostrorum,
1854 4939 1941 5000 tam·

530 5081 644 5159 quam
664 5053 841 5132 bannitus
859 5053 908 5132 de
926 5083 1041 5161 regno
1062 5074 1203 5148 nostro,
1226 5086 1294 5165 pro
1313 5057 1526 5165 suspicione
1541 5057 1709 5166 plurium
1731 5054 1938 5138 criminum,
