4450 6209
510 731 583 804 i52
1086 724 1179 797 L'ES
1209 722 1346 796 OLIM.

284 886 469 957 enarrant,
508 869 718 979 sigillorum
737 867 981 945 existencium
1003 865 1041 941 in
1060 865 1263 953 montanis,
1283 864 1390 971 quod
1408 866 1555 945 racione
1570 865 1845 974 jurisdictionis
1862 872 1928 976 epi·

343 987 406 1031 1³00.

509 1001 652 1078 ritualia
672 1015 892 1105 perceptum
916 996 990 1073 snit
1014 1013 1093 1074 eta
1114 996 1218 1075 dicto
1243 995 1461 1105 regaliatore
1484 996 1650 1075 levatum
1668 997 1805 1088 extitit,
1822 1000 1927 1079 reddi

509 1132 625 1210 debet
648 1129 807 1219 eisdem,
833 1127 981 1234 proviso
1001 1144 1128 1203 umen
1146 1152 1194 1203 ne
1217 1127 1256 1205 in
1276 1125 1446 1205 fraudem
1466 1129 1583 1207 noctri
1603 1128 1661 1205 vel
1675 1158 1926 1211 successorum

508 1280 723 1341 nostrornm
740 1290 807 1368 per
826 1260 991 1337 eundern
1008 1258 1242 1366 sigilliferum
1257 1278 1473 1339 exerceatur
1482 1259 1696 1368 jurisdictio
1715 1264 1928 1369 temporalia
1972 1292 1978 1305 ·

506 1422 619 1501 quam
640 1393 755 1471 habet
774 1391 897 1469 dictus
919 1391 1119 1498 episcopus
1140 1392 1179 1467 in
1198 1391 1291 1469 locis
1307 1390 1495 1497 predictis.

562 1525 758 1604 Dominica
776 1553 853 1631 qua
866 1535 1035 1600 cantatur
1048 1521 1312 1599 Reminincere.

560 1656 733 1735 Decanus
757 1654 805 1731 de
824 1652 992 1732 Caesello
1011 1653 1223 1758 reportavit.

562 1923 653 2000 LXJ.
684 1922 768 1999 Lite
788 1936 907 2010 mota,
931 1948 1056 2000 coram
1079 1920 1217 1998 ballivo
1237 1920 1462 2011 senonensi,
1485 1922 1584 1999 inter
1604 1924 1827 2029 Symonem,
1853 1924 1926 2000 dic-

505 2072 589 2131 tum
616 2052 800 2143 Boniche,
829 2052 878 2129 de
911 2051 1103 2141 Virriiaio‚
1135 2052 1331 2142 heredem,
1363 2070 1406 2129 ut
1431 2051 1598 2142 dicebat,
1630 2052 1803 2131 Helindis
1833 2054 1926 2133 dicte

506 2186 666 2276 Bonice,
689 2184 829 2263 sororis
847 2210 932 2272 cue,
954 2184 1081 2261 uxoria
1099 2184 1295 2289 quondam
1310 2184 1494 2261 Johannis
1511 2184 1601 2261 d-icti
1616 2183 1652 2263 le
1668 2184 1876 2277 Prouhain,
1892 2204 1927 2263 et

506 2317 646 2423 absque
660 2315 808 2405 liberis,
825 2332 869 2392 ut
884 2314 1052 2406 dicebat,
1066 2314 1259 2405 destructe,
1274 2343 1317 2392 ex
1332 2341 1405 2391 una
1419 2332 1538 2422 pute,
1556 2332 1595 2393 et
1606 2315 1783 2394 eumdem
1796 2318 1927 2393 Johan-

504 2476 609 2535 nem,
632 2445 827 2535 exaltem,
849 2474 1028 2552 supereo
1050 2446 1156 2553 quod
1176 2446 1279 2523 idern
1300 2447 1440 2554 Symon
1459 2463 1642 2525 trecentas
1662 2446 1926 2555 quinquaginta

504 2578 625 2656 libras·
648 2606 844 2685 parvorum
872 2577 1173 2664 Turonensium,
1199 2604 1292 2683 quas
1315 2578 1414 2655 dicta
1439 2606 1547 2656 soror
1569 2578 1757 2685 ejusdem,
1785 2577 1824 2654 in
1844 2604 1928 2656 con-

502 2726 624 2787 tractu
648 2708 879 2786 matrimonii
903 2736 990 2785 cum
1011 2710 1148 2787 eodem
1166 2710 1338 2785 iohanne
1361 2708 1508 2799 habito,
1531 2738 1657 2787 secum
1682 2708 1871 2787 denrlerat
1892 2726 1928 2787 et

504 2840 631 2917 eidem
648 2838 809 2915 Johanni
832 2840 872 2913 in
895 2838 1023 2917 dotem
1036 2826 1262 2931 tradiderat,
1281 2838 1355 2916 eibi
1373 2839 1481 2917 reddi
1503 2838 1670 2946 petebat,
1695 2866 1863 2917 asserem
1881 2840 1927 2917 de

502 2970 576 3046 loci
596 2969 874 3046 consuetudine
894 2986 981 3045 ante
1000 2970 1236 3047 solucionem
1255 2938 1473 3047 iiebitnrum
1494 2987 1532 3047 et
1552 2969 1829 3079 obligacionum
1844 3000 1927 3077 qua·

502 3099 687 3179 numlibet
711 3128 798 3177 cum
829 3100 940 3178 dictis
963 3100 1187 3210 conjugibus
1213 3118 1502 3190 contractarum,-
1534 3103 1607 3179 hoc
1632 3100 1715 3178 fieri
1742 3101 1926 3180 deberet

503 3230 602 3308 dicto
620 3231 760 3308 marito
776 3231 993 3337 superstite,
1012 3248 1085 3310 ete
1103 3250 1233 3310 contra
1251 3250 1381 3340 gentes
1395 3250 1522 3311 nostre
1537 3250 1577 3310 et
1594 3232 1783 3310 lohannes
1798 3232 1847 3310 de
1862 3235 1926 3312 So-

500 3363 625 3450 cerlis,
651 3364 822 3472 armiger,
849 3363 1085 3451 reincensa
1111 3364 1331 3470 hujusmodi
1355 3366 1604 3471 opponentes,
1631 3364 1924 3443 contradictum

502 3496 706 3602 Symouem
726 3512 984 3602 proponerent
998 3495 1105 3602 quod
1121 3494 1218 3573 dicta
1238 3494 1420 3602 Heiyndie
1439 3494 1688 3573 cumeodem
1704 3496 1875 3573 Iohanne
1891 3496 1925 3573 le

500 3627 706 3713 Prouhain,
729 3626 884 3703 homine
900 3642 1029 3703 nostro
1048 3642 1088 3702 et
1102 3626 1220 3732 ipsius
1235 3626 1407 3735 armigeri
1426 3628 1473 3705 de
1491 3655 1663 3733 corpore,
1680 3643 1922 3716 contraxerat,

501 3772 538 3833 et
549 3755 669 3861 quod,
686 3756 735 3833 de
748 3756 1025 3833 consuetudine
1041 3756 1114 3833 loci
1130 3757 1263 3863 inquo
1275 3774 1590 3836 contraxeruntet
1603 3776 1823 3837 manserunt
1839 3759 1923 3835 dicti

499 3887 687 3964 iohannes
699 3886 737 3962 le
749 3886 960 3964 Prcuhnina
975 3904 1014 3963 et
1027 3886 1227 3996 Helyndis,
1247 3908 1286 3989 et
1301 3890 1512 3967 vicinorum
1528 3890 1722 3981 locorum,
1746 3890 1925 3996 quociens

501 4016 626 4123 aliqua
645 4016 765 4094 libere
780 4004 1013 4097 condicionis
1032 4018 1170 4097 mulier
1188 4021 1300 4099 nubit
1315 4048 1406 4097 curn
1427 4020 1580 4098 homine
1600 4020 1833 4099 condicionis
1851 4050 1924 4097 ser·

499 4146 600 4239 vilis,
621 4147 702 4254 ipsa
722 4150 894 4256 sequitur
913 4150 973 4227 sui
993 4151 1253 4230 condicionem
1274 4152 1414 4241 mariti,
1436 4168 1475 4231 et
1494 4151 1542 4231 ob
1564 4154 1639 4231 hoc
1657 4151 1827 4229 dicerent
1842 4180 1924 4259 gen·

498 4295 555 4355 tes
574 4297 701 4357 nostre
725 4298 763 4358 et
784 4281 905 4359 dictur
931 4283 1093 4389 armiger
1117 4283 1216 4361 bona
1235 4284 1402 4389 ipsorum
1422 4284 1602 4361 iohannis
1618 4282 1657 4361 le
1679 4283 1869 4361 Prouhain
1888 4300 1925 4361 et

498 4411 697 4520 Helyndis‚
723 4412 807 4521 ejus
828 4414 971 4507 uxoria,
995 4442 1063 4521 pro
1087 4414 1198 4491 nohis
1220 4431 1258 4491 et
1285 4414 1386 4491 dicto
1405 4414 1605 4523 armigero,
1627 4416 1775 4493 racione
1795 4442 1925 4491 manus

497 4559 664 4633 mortue,
685 4546 823 4622 nostris
836 4545 981 4623 debere
997 4546 1213 4623 nacionibus
1231 4545 1426 4653 applicari,
1448 4546 1551 4624 dicto
1573 4547 1738 4653 Symone
1759 4545 1923 4623 Boniche

498 4675 727 4751 contrarium
759 4693 966 4767 asserente,
999 4694 1038 4754 et
1066 4676 1215 4755 dicente
1250 4677 1387 4755 dictam
1420 4677 1737 4757 consuetudinem
1769 4678 1809 4753 in
1834 4677 1922 4755 locis

498 4801 564 4878 ubi
590 4822 855 4886 contraxerunt
881 4828 919 4887 et
937 4826 1158 4885 manserunt
1177 4808 1267 4885 dicti
1290 4808 1484 4917 conjuges,
1502 4808 1626 4887 locum
1645 4808 1718 4886 sihi
1734 4825 1773 4885 et
1787 4808 1921 4915 specia-

495 4931 584 5009 liter
600 4932 640 5009 in
660 4963 747 5013 casu
766 4938 997 5043 ignorancie,
1019 4939 1177 5016 minime
1194 4941 1382 5016 vindicare
1398 4971 1407 5016 ε
1422 4926 1508 5020 Visa
1528 4940 1702 5047 inqueeta
1720 4966 1834 5045 super
1852 4939 1919 5016 hoc

496 5062 544 5142 de
558 5064 737 5143 mandato
752 5086 880 5147 nostro
894 5069 1004 5163 sacta,
1020 5072 1199 5177 quianon
1214 5072 1412 5149 inventum
1422 5088 1489 5149 *est
1507 5070 1838 5163 consuetudinem,
1856 5097 1919 5177 pro
