4450 6209
516 708 589 784 59t
1097 707 1187 780 LES
1217 705 1356 780 OLIM.

289 861 417 914 anacam
430 859 474 924 ¹V.
569 853 730 957 Mangon
748 851 957 956 reportavit.
976 847 1109 926 Adhuc
1127 847 1243 926 babet
1255 848 1325 925 iste
1344 847 1566 952 inquestam.

350 951 414 995 lato.

378 1089 383 1098 ’
522 1169 524 1174 .
568 1112 758 1191 LXXXVI.
786 1110 899 1202 Cum,
912 1112 951 1186 in
964 1135 1071 1186 eausa
1084 1135 1175 1215 qne,
1190 1135 1315 1184 coram
1325 1103 1769 1194 ballivoViromandensi,
1783 1133 1928 1210 presen-

511 1243 612 1320 tibus
634 1239 852 1320 hominibus
876 1231 979 1318 curie
1002 1255 1129 1316 nostre
1155 1235 1515 1324 Montis-Desiderii,
1536 1234 1723 1314 Jobannes
1748 1233 1796 1312 de
1818 1237 1923 1327 Fabi,

513 1371 748 1460 domicellus,
769 1386 897 1447 contra
920 1369 1162 1477 Radulphum
1183 1367 1231 1444 de
1250 1367 1408 1474 Nigella,
1428 1384 1603 1471 patruum
1621 1392 1749 1454 suum,
1769 1385 1927 1445 moverat

511 1530 624 1608 super
647 1501 780 1578 saisina
802 1501 989 1580 bonorum
1014 1527 1088 1604 que
1113 1497 1304 1605 quondam
1326 1496 1479 1574 iuerarnt
1502 1493 1765 1573 defunctorum
1787 1497 1927 1574 comitis

509 1631 652 1708 Pontivi
674 1647 711 1708 et
734 1630 932 1718 lobannis,
956 1629 1036 1736 ejus
1060 1625 1318 1733 primogeniti,
1338 1626 1455 1732 patris
1474 1625 1564 1702 dicti
1585 1625 1777 1704 domicelli
1796 1625 1927 1704 fratris-

510 1789 584 1867 que
606 1759 696 1836 dicti
710 1757 875 1848 Radulfi,
890 1756 1012 1834 dictus
1026 1755 1261 1859 badulphus,
1278 1755 1376 1832 inter
1394 1772 1532 1843 cetera,
1554 1753 1812 1860 proposuisset
1829 1758 1926 1862 quod
2084 1802 2107 1850 st

510 1892 605 1997 ipse,
617 1890 716 1966 dioto
729 1888 873 1977 comiti,
884 1906 1073 1994 tamquam
1087 1887 1168 1994 ejus
1180 1884 1298 1976 lilius,
1311 1885 1652 1993 secundogenitus,
1664 1884 1826 1963 inbonis
1838 1889 1926 1974 suis,

509 2047 578 2124 pro
591 2019 702 2096 certis
715 2017 973 2122 porcionibus,
985 2016 1196 2095 secundum
1212 2016 1331 2122 patrie
1343 2015 1670 2105 cousuetudinem,
1689 2034 1925 2102 successerat,

401 2185 407 2194 ¹
508 2148 683 2232 videlieet
695 2149 734 2224 in
748 2147 879 2254 quinta
892 2165 995 2254 parte
1008 2145 1209 2224 feodorum
1222 2146 1480 2235 Viromandis,
1497 2164 1536 2223 et
1551 2147 1590 2222 in
1604 2145 1714 2222 tertia
1728 2163 1837 2251 parte
1856 2144 1929 2224 seo-

510 2278 645 2356 dorum
670 2277 885 2367 belvacinii,
915 2295 953 2356 et
971 2277 1010 2354 in
1030 2277 1155 2354 media
1174 2294 1279 2382 parte
1304 2276 1463 2354 alimum
1488 2276 1676 2355 bonorum
1699 2275 1927 2353 causantium

508 2407 739 2514 ubicumque
754 2409 1013 2497 existencium,
1029 2424 1068 2484 et
1081 2406 1188 2514 quod
1200 2407 1296 2511 ipse,
1311 2425 1397 2512 post
1408 2406 1557 2486 obitum
1570 2407 1659 2482 dicti
1671 2407 1840 2496 comitis,
1857 2406 1929 2482 bae

507 2556 563 2614 rat
586 2539 625 2616 in
650 2538 781 2616 saisina
807 2539 996 2617 bonorum
1021 2537 1278 2644 predictorum
1304 2564 1373 2640 pro
1395 2537 1638 2642 porcionibus
1656 2536 1874 2624 antedictis,
1891 2564 1929 2612 ac

508 2697 551 2745 ex
568 2669 712 2747 eisdem
727 2667 870 2747 fructus
885 2687 922 2746 et
938 2668 1072 2754 exitus,
1088 2668 1233 2744 vivente
1248 2683 1287 2744 et
1298 2667 1438 2744 sciente
1452 2667 1555 2744 dicto
1570 2667 1682 2744 fratre
1698 2695 1784 2757 suo,
1806 2695 1929 2772 perce-

506 2817 666 2904 perstet
686 2799 882 2890 babuerat,
902 2829 942 2876 ac
962 2799 1096 2887 eciam,
1114 2815 1200 2904 post
1219 2797 1366 2875 obitum
1390 2796 1479 2874 dicti
1499 2797 1624 2874 fratris
1642 2798 1719 2887 sui,
1737 2799 1777 2874 in
1797 2799 1928 2876 saisina

506 2929 696 3006 bonorum
708 2929 965 3034 predictorum
979 2924 1133 3032 pacifice
1147 2943 1393 3017 remanseran
1408 2955 1525 3034 quare
1543 2925 1692 3004 dicebat
1707 2955 1764 3016 se,
1775 2925 1820 3004 in
1836 2927 1929 3004 dicta

508 3059 655 3146 saisina,
667 3086 735 3164 per
746 3057 1161 3164 predictumballivum,
1173 3055 1313 3134 debere
1322 3057 1442 3136 teneri
1451 3075 1492 3134 et
1503 3059 1727 3148 conservari,
1739 3058 1929 3164 etpetitio

414 3247 417 3254 .
508 3216 595 3264 nem
617 3215 861 3296 quamsuper
874 3187 1052 3294 predictis
1072 3187 1195 3265 dictus
1212 3186 1432 3266 domicellus
1450 3185 1589 3266 fecerat
1605 3215 1682 3266 non
1701 3215 1782 3266 esse
1797 3187 1929 3266 lacien-

509 3318 613 3408 dam,
631 3335 671 3395 et
682 3318 748 3396 lite
763 3336 963 3398 contestata
977 3345 1093 3424 super
1104 3317 1276 3424 pluribus
1284 3317 1389 3397 factis
1404 3319 1614 3410 contrariis,
1628 3318 1833 3425 propositis
1848 3317 1930 3394 hinc

509 3465 547 3526 et
567 3449 671 3541 inde,
689 3449 804 3528 nullis
819 3448 1109 3558 probacionibus
1128 3478 1242 3555 super
1258 3448 1333 3526 biis
1347 3448 1502 3539 auditis,
1519 3449 1612 3526 dicti
1621 3448 1786 3528 ballivus
1808 3466 1849 3527 et
1865 3449 1930 3526 bo-

508 3579 628 3658 miues
635 3581 848 3688 judicatum
862 3609 974 3663 suum
990 3581 1178 3671 tulissent,
1196 3608 1265 3686 pro
1284 3580 1385 3658 dicto
1403 3579 1624 3670 domicello,
1645 3578 1928 3660 contralladul-

507 3711 626 3814 phum
639 3711 868 3815 predictum,
887 3727 927 3789 et
943 3712 1079 3788 adicto
1095 3711 1279 3818 judicato,
1297 3729 1490 3818 tamquam
1503 3709 1595 3788 salso
1611 3728 1650 3788 et
1666 3739 1790 3817 pravo,
1811 3711 1928 3787 dictus

507 3839 728 3945 liadulphus
746 3842 796 3918 ad
811 3859 976 3920 nostram
992 3841 1133 3917 curiam
1151 3841 1385 3946 appellasset,
1403 3857 1456 3929 et,
1478 3841 1517 3916 in
1534 3841 1766 3948 pedamento
1781 3859 1923 3930 nosue,

508 3969 614 4075 quod
632 3967 704 4046 fuit
722 3997 819 4046 anno
834 3971 986 4048 Domini
1004 3969 1206 4049 millesimo
1225 3971 1490 4048 trecentesimo
1503 3999 1621 4064 nono,
1638 3971 1782 4050 dictum
1800 3971 1927 4050 fluas

507 4093 695 4205 predictos
708 4098 889 4177 ballivum
904 4116 943 4177 et
957 4101 1131 4179 homines
1144 4099 1240 4178 male
1251 4101 1454 4210 judicasse,
1472 4118 1512 4178 et
1528 4102 1672 4180 dictum
1686 4101 1926 4208 Radulpbum

507 4209 604 4306 bene
623 4229 846 4336 appellasse,
866 4246 905 4307 et
921 4232 1026 4337 quod
1047 4231 1193 4310 dictum
1207 4232 1419 4338 judicatum
1436 4258 1514 4309 non
1536 4232 1778 4310 mandaretur
1798 4261 1927 4310 execu-

380 4439 381 4444 ,
508 4360 621 4450 tioni,
634 4360 789 4450 deinde,
802 4361 936 4444 virtute
952 4362 1042 4440 dicti
1060 4362 1186 4440 ultimi
1202 4363 1377 4469 judicati,
1392 4363 1516 4444 dictus
1528 4363 1748 4470 Radulpbus
1764 4381 1922 4471 peteret,

510 4488 697 4566 dictorum
718 4488 907 4567 bonorum
927 4519 1030 4568 nunc
1045 4509 1330 4598 occupatorum,
1355 4510 1399 4570 ut
1420 4493 1589 4586 dicebat,
1608 4523 1679 4600 per
1697 4494 1839 4572 dicaam
1863 4521 1927 4570 ne-

510 4634 638 4724 potem
651 4648 774 4708 strum,
787 4621 961 4701 saisinam
976 4651 1045 4728 pro
1059 4623 1169 4700 dictis
1176 4624 1422 4728 porcionibus
1434 4623 1505 4701 sibi
1520 4623 1720 4702 deliberari
1735 4653 1822 4702 cum
1834 4622 1927 4700 buc·

509 4746 612 4825 tibus
635 4749 723 4826 inde
747 4751 953 4857 perceptis,
975 4753 1160 4831 etfdictus
1177 4782 1296 4860 nepos
1316 4783 1338 4832 e
1363 4755 1550 4834 contrario
1568 4772 1715 4861 peteret
1738 4756 1923 4849 uteorum

508 4874 696 4954 bonorum
713 4879 783 4957 sibi
798 4879 879 4957 fieri
894 4884 1163 4975 ostensionem,
1179 4901 1235 4976 et,
1251 4884 1389 4962 auditis
1402 4886 1493 4963 binc
1507 4886 1597 4964 inde
1613 4886 1829 4992 propositis,
1846 4885 1923 4988 viso

511 5005 628 5081 eciam
646 5005 815 5114 judicato
838 5010 1026 5115 predicto,
1051 5041 1119 5118 per
1141 5031 1323 5094 arrestum
1342 5031 1468 5094 nostre
1488 5017 1608 5107 curie,
1632 5017 1777 5101 dictum
1795 5016 1922 5095 suisset
2040 5123 2046 5139 .
2114 4984 2115 5015 l
