4450 6209
737 687 1001 856 nvootrns
1026 742 1090 813 nr
1116 723 1319 817 enocts.
1664 746 1738 819 nec

319 884 440 961 dictus
455 882 594 962 Alanus
611 884 827 991 appellavit:
846 886 955 961 Facta
967 885 1082 991 igitur
1094 885 1267 991 inquesta
1282 912 1398 991 super
1412 885 1485 963 hoc
1495 886 1545 963 de
1561 887 1739 965 mandato
1779 900 1910 955 aarum
1922 903 1965 966 tv,

319 1014 421 1091 curie
435 1032 578 1105 nostre,
594 1017 670 1093 visa
686 1034 723 1094 et
736 1017 936 1123 diligenter
954 1017 1177 1105 examinata,
1196 1047 1264 1125 per
1286 1018 1389 1094 curie
1411 1037 1536 1095 nostre
1553 1018 1741 1125 judicium
1841 991 1903 1034 Μ’

320 1144 390 1221 luit
406 1146 548 1222 dictum
566 1146 710 1225 dictum
726 1146 889 1225 Alanum
903 1149 1002 1225 male
1017 1148 1236 1255 appellasse,
1253 1149 1482 1227 remittendo
1502 1148 1643 1226 dictum
1659 1150 1743 1227 Ala-

319 1301 411 1359 num
430 1277 478 1353 ad
498 1306 652 1355 examen
672 1280 780 1358 ducis
799 1281 1022 1386 supradicti,
1042 1282 1084 1357 in
1102 1298 1200 1357 statu
1220 1282 1259 1357 in
1281 1310 1357 1387 qno
1378 1281 1457 1389 ipse
1475 1297 1555 1358 erat
1573 1298 1742 1386 tempore

320 1407 584 1514 appellacionis
602 1413 784 1517 predicte,
807 1430 846 1490 et
865 1414 970 1519 quod
990 1414 1070 1517 ipss
1086 1414 1164 1489 boc
1188 1412 1298 1489 nobis
1318 1410 1544 1489 emendabit.

376 1540 483 1615 Lune
503 1560 587 1645 post
605 1545 742 1621 Ramos
762 1542 987 1622 Palmsrnm.

375 1671 483 1749 Creci
504 1673 716 1777 reportavit.

375 1934 482 2011 XCII.
513 1936 596 2014 Lite
626 1953 727 2015 mota
754 1965 882 2014 coram
904 1938 1113 2016 Guillelmo
1143 1940 1349 2046 Flamingi,
1381 1940 1579 2017 castellano
1608 1912 1773 2021 Sancti·¹

319 2074 496 2180 langulsr,
516 2069 771 2153 commissario
792 2070 972 2174 deputato
992 2100 1014 2145 a
1027 2070 1163 2147 ballivo
1179 2070 1457 2158 Matisconensi,
1480 2071 1577 2149 inter
1593 2072 1745 2150 fratrem
1780 2104 1781 2111 ¹

321 2210 555 2299 Gnidonem,
576 2206 739 2311 priorem
762 2205 809 2280 de
830 2202 995 2289 Colchis,
1012 2231 1146 2279 exona
1165 2218 1289 2307 parte,
1311 2220 1349 2279 et
1368 2205 1565 2279 Perrotum
1585 2205 1747 2283 Vincen-

322 2345 367 2419 cii
390 2344 438 2421 de
457 2340 620 2424 Calcbis,
648 2366 691 2412 ex
716 2336 845 2423 altera,
867 2361 981 2439 super
1006 2362 1053 2410 eo
1077 2334 1182 2439 quod
1203 2324 1352 2409 dicebat
1376 2329 1498 2411 dictus
1518 2336 1621 2441 prior
1639 2336 1745 2440 qnod

321 2476 476 2584 quidam
492 2470 620 2547 mulus
634 2467 753 2572 ipsius
768 2494 837 2571 per
853 2482 983 2571 gentes
1003 2481 1147 2541 nostras
1167 2464 1310 2569 positus
1329 2462 1451 2539 fuerat
1465 2464 1504 2541 in
1526 2465 1641 2542 domo
1662 2494 1747 2570 pre-

322 2608 411 2686 dicti
433 2602 576 2681 Perroti
597 2601 644 2676 ad
663 2615 856 2706 poturarm
879 2596 943 2702 qni
965 2595 1091 2671 mulus
1110 2622 1158 2671 eo
1178 2612 1349 2701 tempore
1368 2590 1514 2671 valebat
1529 2595 1746 2701 quindecim

321 2741 435 2817 libras
453 2736 714 2819 Divionenses;
736 2727 962 2834 perfactam
982 2745 1109 2803 autem
1135 2754 1202 2803 seu
1223 2724 1371 2831 culpam
1398 2725 1556 2831 predicti
1583 2727 1744 2815 Persou,

322 2872 378 2950 vel
393 2869 563 2954 alterius,
577 2862 733 2941 nomine
748 2860 882 2965 ipsius,
900 2856 1002 2933 lesus
1018 2874 1056 2933 et
1070 2856 1168 2934 male
1187 2874 1363 2933 tractatus
1379 2857 1513 2943 extitit,
1533 2856 1626 2933 adeo
1642 2856 1749 2963 quod

218 3043 228 3058 =
322 3001 467 3079 inutilis
490 3015 568 3074 erat
587 2996 726 3080 factus,
749 2991 850 3067 dicto
875 2992 1031 3065 Perroto
1052 2988 1091 3063 in
1111 2987 1341 3065 contrarium
1366 2987 1515 3064 dicente
1540 3016 1578 3064 se
1604 2987 1747 3064 dictum

322 3133 468 3211 mulum
491 3156 623 3208 sanum
646 3142 684 3200 et
703 3123 851 3198 illesum
874 3121 975 3196 dicto
995 3118 1112 3225 priori
1134 3148 1201 3195 seu
1219 3120 1299 3225 ejus
1321 3119 1497 3196 mandato
1516 3117 1747 3224 presentasse

322 3288 361 3346 et
382 3261 608 3346 reddidisse,
633 3275 669 3332 et
683 3253 788 3360 quod
809 3252 930 3328 dictus
949 3250 1053 3355 prior
1075 3278 1141 3325 seu
1162 3250 1244 3356 ejus
1263 3250 1481 3325 mandatum
1502 3250 1640 3324 dictam
1660 3250 1747 3325 red-

323 3400 513 3476 dicionem
532 3407 648 3467 ratam
663 3385 817 3473 habuit3
834 3383 934 3459 dicto
950 3381 1076 3487 priore
1094 3381 1164 3456 ista
1178 3396 1352 3488 negante,
1369 3380 1490 3455 dictus
1506 3378 1745 3467 Guillelmus,

323 3525 616 3608 commissarius,
631 3515 881 3603 deffiniendo,
895 3511 1152 3618 pronunciavit
1167 3500 1379 3616 predictum
1393 3510 1555 3614 priorem
1571 3508 1749 3585 intencio-

323 3690 410 3737 nem
437 3686 540 3735 suam
567 3655 666 3730 bene
692 3666 730 3726 et
754 3645 983 3726 sufficienter
1005 3642 1238 3748 probavisse,
1260 3658 1297 3717 et
1323 3642 1463 3717 dictum
1487 3642 1685 3717 Perrotum
1707 3640 1746 3715 in

322 3790 500 3900 predictis
526 3782 743 3893 quindecim
763 3778 869 3855 libris
889 3773 1198 3859 Divionensibus,
1212 3792 1289 3878 'pro
1309 3770 1432 3849 valore
1453 3770 1548 3849 muli
1569 3771 1743 3875 predicti,
1802 3818 1803 3821 =

323 3926 446 4002 eidem
461 3918 577 4025 priori
594 3912 866 3993 sentencialiter
886 3906 1191 4014 condempnavit,
1208 3904 1398 3980 taxacione
1420 3930 1662 4009 expensarum
1678 3930 1746 4006 per

324 4057 466 4131 dictum
493 4046 741 4128 Guillelmum
771 4039 1066 4116 commissarium
1090 4036 1161 4113 sibi
1191 4035 1371 4142 legittime
1402 4051 1645 4137 reservata-,a
1672 4058 1745 4138 qua
1793 4074 1795 4079 v

323 4183 528 4273 sentencia,
545 4198 722 4284 tanquam
737 4172 882 4277 iniqua,
901 4168 973 4244 luit
983 4196 1051 4273 per
1066 4168 1208 4243 dictum
1227 4168 1422 4243 Perrotum
1439 4166 1486 4240 ad
1501 4165 1642 4241 curiam
1659 4192 1744 4241 nos-
1863 4268 1864 4273 Ἰ

322 4335 418 4392 tram
443 4310 694 4419 appellatum:
715 4301 814 4380 Visis
831 4297 1055 4406 igituractis
1076 4314 1112 4372 et
1136 4295 1372 4401 processibus
1395 4295 1591 4401 utriusque
1612 4294 1741 4398 partis,

323 4445 542 4549 meritisque
576 4440 674 4517 dicte
707 4460 816 4513 cause
846 4426 1047 4537 diligenter
1074 4426 1240 4513 attentis,
1264 4454 1330 4531 per
1360 4423 1462 4500 curie
1488 4439 1614 4500 nostre
1639 4424 1744 4531 judi-

323 4579 425 4655 cium
446 4575 590 4651 dictum
607 4569 681 4646 luit
700 4583 739 4643 et
754 4558 1044 4671 pronunciatum
1060 4556 1272 4662 predictum
1284 4553 1553 4644 Guillelmum,
1569 4555 1745 4632 commis-

323 4710 477 4795 sarium,
503 4706 602 4781 bene
630 4699 833 4808 judicasse,
862 4710 900 4770 et
924 4675 1138 4798 predictum
1168 4690 1368 4764 Perrotunt
1393 4685 1490 4763 male
1520 4684 1742 4791 appellasse,

325 4855 364 4915 et
387 4837 493 4944 quod
513 4837 611 4912 dicta
639 4827 828 4909 sentencia
855 4820 1095 4901 mandabitur
1120 4817 1356 4906 execucioni‚
1378 4834 1415 4897 et
1436 4816 1542 4923 quod
1570 4816 1649 4922 ipse
1673 4819 1747 4896 hoc

326 4966 552 5046 emendabit.

383 5100 488 5175 Lune
506 5112 593 5202 post
604 5096 742 5171 Ramos
755 5088 981 5167 Palmarum.

415 5275 465 5314 LES
486 5270 568 5314 otus.
594 5269 639 5309 111.
