4450 6209
761 681 1032 790 annutans
1056 696 1121 770 er
1147 676 1358 820 Procas..
1702 703 1771 772 117

348 861 388 921 et
415 843 595 933 inde„et
617 838 704 918 visis
728 839 913 946 inquestis
938 866 1053 945 super
1083 840 1157 918 hoe
1182 835 1308 930 lactis,
1338 865 1407 944 per
1427 837 1620 945 judicium
1645 857 1773 918 nostre
1812 847 1943 914 Panna
1954 859 1997 922 1v‚

348 974 452 1053 curie
466 954 612 1050 dimum
630 969 702 1048 luit
718 988 757 1049 et
774 971 902 1050 eidem
921 969 1109 1049 Tassardo
1123 969 1338 1078 injunctum
1353 970 1457 1078 quod
1470 970 1549 1078 ipse
1568 970 1773 1078 predictam
1805 949 1817 974 ⁹
1874 950 1937 992 ’Μ’

348 1104 513 1183 litteram
531 1101 642 1180 nobis
659 1100 838 1179 redderet
857 1117 897 1178 et
914 1099 1134 1208 assignaret,
1156 1129 1245 1178 cum
1268 1128 1346 1178 non
1367 1099 1481 1180 fuerit
1503 1117 1695 1208 repertum
1718 1102 1774 1208 ip-

348 1265 433 1316 sum
452 1236 672 1346 magistrum
691 1235 903 1314 Johannem
922 1235 1108 1342 recepisse
1122 1233 1269 1341 aliquid
1284 1235 1332 1312 de
1348 1261 1494 1312 summa
1509 1233 1670 1342 pecunie
1690 1263 1773 1341 pre-

350 1369 462 1446 dicta.
489 1366 578 1461 Quo
604 1382 747 1444 arresto
769 1366 823 1444 sie
842 1365 1108 1471 pronunciato,
1140 1365 1264 1446 dictus
1291 1366 1497 1446 Tassardus
1525 1364 1774 1444 incontinenti

349 1500 453 1578 curie
477 1515 606 1578 nostre
630 1497 798 1578 reddidit
822 1515 861 1576 et
884 1497 1082 1607 assignavit
1104 1497 1313 1606 predictam
1339 1496 1503 1576 litteram
1529 1497 1711 1606 integram
1737 1515 1775 1576 et

348 1631 505 1710 illesam.
630 1674 633 1683 ·

404 1761 560 1840 Veneris
578 1777 665 1840 ante
684 1761 975 1851 Pantbecosten,
997 1788 1097 1839 anno
1112 1760 1380 1876 trecentesimo
1399 1759 1530 1840 tercio.

404 2027 464 2103 lll.
495 2026 610 2114 Cum,
630 2053 677 2103 ex
689 2041 795 2133 parte
816 2042 945 2106 nostra
959 2043 998 2104 et
1016 2053 1085 2133 pro
1104 2024 1229 2116 nobis,
1251 2024 1384 2103 fuisset
1397 2025 1634 2131 propositum
1650 2042 1777 2102 contra

351 2159 576 2237 Tassardum
595 2158 644 2236 de
663 2155 975 2249 sibodo-Monte,
1000 2156 1127 2236 filium
1151 2174 1190 2235 et
1213 2157 1394 2236 heredem
1420 2156 1587 2236 defuncti
1610 2157 1777 2266 magistri

349 2289 530 2368 Johannis
544 2290 592 2368 de
607 2289 924 2381 Ribodo-Monte,
941 2290 1049 2398 quod
1063 2289 1207 2370 litteras
1221 2305 1381 2378 nostras,
1401 2289 1441 2365 in
1458 2287 1597 2396 quibus
1612 2290 1777 2367 contine-

349 2421 461 2500 batur
479 2451 564 2511 nos,
594 2449 770 2500 excausa
786 2422 931 2513 mutui,
961 2421 1147 2529 obligatos
1172 2449 1253 2500 esse
1272 2419 1360 2498 ville
1386 2436 1427 2497 et
1453 2418 1705 2528 burgensibus
1729 2421 1776 2498 de

348 2552 478 2631 Duaco
497 2552 537 2629 in
556 2552 680 2630 tribus
693 2551 865 2630 millibus
878 2552 988 2631 libris
1000 2551 1289 2645 Parisiensibus,
1307 2551 1430 2630 dictus
1445 2552 1622 2662 magister
1636 2553 1777 2630 lohan-
1828 2551 1832 2561 “

349 2711 435 2773 nes,
455 2699 630 2790 tempore
653 2711 731 2791 quo
751 2685 835 2791 ipse
852 2684 1015 2774 vivebat,
1036 2713 1057 2761 a
1084 2682 1195 2761 dictis
1213 2682 1467 2790 burgensibus
1486 2682 1682 2772 habuerat,
1708 2711 1777 2788 pro

220 2863 229 2870 -
349 2813 568 2922 recipiendo
592 2832 630 2893 et
654 2813 911 2924 recuperando
933 2843 955 2893 a
976 2815 1088 2893 nobis
1112 2815 1257 2893 dictum
1280 2814 1470 2905 debitum,
1495 2813 1649 2892 nomine
1671 2833 1709 2891 et
1730 2817 1778 2892 ad

350 2972 447 3052 opus
467 2944 557 3023 ville
576 2946 761 3053 predicte,
785 2963 824 3024 et
839 2947 946 3053 quod
967 2947 1076 3026 idem
1086 2945 1265 3053 magister
1278 2948 1467 3026 lohannes
1485 2945 1590 3024 mille
1611 2964 1650 3024 et
1669 2948 1779 3054 quin·

350 3071 481 3181 gentas
494 3075 609 3154 libras
619 3077 848 3156 Parisienses
861 3105 882 3154 a
897 3077 1009 3156 nobis
1023 3094 1236 3184 receperat,
1252 3077 1406 3156 nomine
1423 3076 1524 3155 dicte
1538 3075 1643 3167 ville,
1662 3093 1700 3154 et
1715 3107 1778 3155 su·

349 3233 419 3312 per
439 3206 661 3314 hujusmodi
681 3203 801 3284 debiti
820 3207 1043 3315 recepcione
1065 3206 1254 3314 obligatus
1276 3224 1355 3285 erat
1375 3206 1484 3284 dictis
1505 3205 1775 3314 burgensibus,

213 3333 220 3344 “
349 3352 521 3444 tempore
539 3335 758 3415 rebellionis
776 3365 925 3428 eorum,
946 3355 1103 3446 propter
1118 3366 1284 3445 quorum
1298 3336 1569 3425 rebellionem,
1584 3355 1661 3415 tam
1681 3339 1779 3416 obli·

350 3466 456 3574 gaeio
469 3467 638 3575 predicta
652 3497 764 3575 quam
779 3485 906 3549 cetera
921 3470 1094 3577 ipsorum
1107 3467 1357 3576 burgensium
1376 3467 1475 3545 bona
1490 3467 1601 3546 nobis
1615 3469 1654 3544 in
1674 3497 1777 3546 com·

350 3600 507 3678 missum
528 3618 729 3690 venerunt,
753 3601 916 3709 ideoque
935 3602 1098 3710 petitum
1118 3599 1251 3680 fuisset
1267 3601 1317 3676 ad
1336 3599 1473 3680 eodem
1490 3602 1689 3690 Tassardo,
1709 3631 1777 3710 pro

350 3728 477 3821 nobis,
499 3733 605 3838 quod
617 3732 700 3839 ipse
718 3731 857 3809 dictam
871 3734 1089 3840 pecuniam,
1110 3732 1249 3817 edicto
1268 3748 1375 3840 patre
1392 3759 1462 3810 suo
1481 3749 1686 3838 receptam,
1706 3734 1778 3809 vir-

350 3876 432 3939 tute
446 3861 632 3940 dictarum
647 3863 858 3942 litterarum
873 3864 985 3943 uobis
998 3861 1179 3942 redderet
1193 3881 1232 3942 et
1244 3863 1462 3972 assignaret,
1478 3879 1516 3940 et
1527 3863 1646 3941 eciam
1662 3864 1778 3944 dietas

349 3991 510 4083 litteras,
530 3995 561 4071 si
577 4012 702 4072 essent
722 3996 825 4103 apud
845 3996 989 4102 ipsum3
1006 4013 1047 4074 et
1060 4010 1246 4084 econtra,
1262 4023 1332 4102 pro
1350 4011 1455 4102 parte
1477 3995 1569 4072 dicti
1585 3997 1775 4087 Tassardi,

349 4121 525 4230 pluribus
536 4122 752 4204 racionibus
762 4125 1140 4234 bussetprepositum
1152 4153 1192 4204 se
1203 4125 1335 4204 adhoc
1344 4153 1421 4203 non
1434 4127 1575 4203 teneri:
1588 4127 1783 4218 Tandem,

350 4254 490 4332 auditis
505 4255 595 4333 hine
607 4255 698 4334 inde
710 4257 985 4365 propositis,'et
997 4258 1085 4335 visis
1099 4257 1286 4363 inquestis
1296 4285 1411 4363 super
1426 4256 1498 4332 biis
1513 4255 1633 4347 factis,
1648 4285 1716 4363 per
1721 4260 1779 4366 ju-

351 4385 494 4464 dicium
513 4388 784 4478 nostre'curie,
804 4388 948 4466 dietum
962 4389 1034 4466 suit
1053 4405 1093 4466 et
1105 4387 1232 4466 eidem
1247 4385 1432 4466 Tassardo
1446 4386 1659 4494 injunctum
1672 4391 1778 4494 quod

350 4516 430 4624 ipse
440 4519 649 4598 Tassardus
659 4519 800 4598 dictam
811 4519 973 4626 pecunie
983 4549 1173 4598 summam
1189 4518 1324 4596 edicto
1334 4535 1439 4626 patre
1451 4546 1540 4605 suo,
1555 4519 1692 4596 virtute
1706 4519 1780 4599 dic-

349 4664 474 4726 tarum
497 4647 727 4742 litterarum,
749 4681 772 4728 a
789 4649 902 4729 nobis
925 4668 1133 4758 receptam,
1157 4648 1268 4729 nobis
1288 4650 1463 4730 restituat
1480 4667 1519 4727 et
1540 4650 1718 4759 assignet,
1737 4683 1779 4730 ac

351 4778 468 4858 dietas
493 4779 638 4861 litteras
660 4783 691 4861 si
716 4783 962 4891 apudipsum
983 4782 1151 4860 existant
1175 4781 1329 4878 Quibus.
1344 4782 1434 4862 actis
1454 4781 1592 4862 deinde
1611 4783 1713 4876 visis,
1741 4801 1779 4861 et

348 4910 525 5018 perlectis
549 4913 685 4992 rotulis
714 4932 752 4992 et
777 4914 925 5022 scriptis
949 4937 1076 4992 nostre
1104 4939 1252 4992 camere
1279 4912 1545 5006 denariorum,
1573 4921 1711 4994 vocato·
1730 4915 1778 4992 ad

348 5040 423 5118 hoc
437 5061 687 5148 procuratore
707 5045 796 5121 dicti
819 5043 1013 5138 Tassardi,
1030 5043 1225 5124 inventum
1242 5043 1315 5122 luit
1332 5043 1439 5150 quod
1458 5045 1581 5125 dictus
1601 5044 1778 5154 magister
