4450 6209
743 729 1009 835 ssounrss
1035 746 1100 817 nr
1126 726 1329 820 esoces.
1669 748 1742 820 aer

323 888 418 965 lium
437 886 477 962 in
497 886 685 993 peticione
703 886 873 991 ipsorum
895 903 1179 979 contentorum,
1194 912 1282 963 oum
1296 884 1479 963 fructibus
1491 883 1581 962 inde
1596 913 1745 994 percep
1782 897 1913 953 Pomm
1924 896 1968 960 lv,

323 1020 389 1109 tis,
411 1034 450 1095 et
469 1017 586 1095 eciam
607 1016 655 1093 ad
678 1016 957 1093 restituendum
984 1018 1099 1093 dictas
1119 1016 1308 1123 octoginta
1326 1014 1457 1104 libras,
1479 1015 1527 1093 de
1548 1014 1687 1122 quibus
1706 1014 1746 1092 in
1844 988 1907 1031 Μ’

324 1148 496 1227 articulis·
508 1148 677 1253 ipsorum
696 1146 741 1226 fit
761 1148 921 1225 mencio.
942 1150 983 1224 ln
1005 1176 1051 1225 eo
1068 1166 1195 1225 autem
1215 1146 1321 1255 quod
1336 1147 1457 1225 dictus
1473 1149 1693 1254 prepositus.
1706 1148 1746 1225 in

324 1279 406 1357 aliis
429 1279 542 1357 bonis
569 1278 776 1356 mobilibus
800 1279 993 1385 predictos
1017 1278 1196 1386 conjuges
1217 1277 1264 1355 ab
1289 1278 1532 1384 impeticione
1560 1278 1748 1358 dictorum

326 1411 533 1488 liberorum
551 1408 724 1499 absolvit,
744 1408 816 1488 fuit
836 1410 995 1499 dictum,
1016 1440 1085 1517 per
1104 1410 1208 1487 curie
1228 1416 1355 1488 nostre
1374 1410 1581 1516 judicium,
1605 1408 1748 1487 dictum

327 1540 560 1649 prepositum
583 1540 682 1617 bene
708 1542 993 1648 pronunciasse,
1020 1558 1058 1619 et
1081 1542 1122 1619 in
1145 1542 1217 1619 hoc
1244 1540 1325 1647 ejus
1353 1540 1424 1617 luit
1446 1541 1635 1619 sentencia
1659 1568 1748 1617 con·

327 1670 484 1747 firmata.

324 1900 329 1910 Ι
384 1800 561 1879 Mercurii
580 1818 666 1907 post
683 1801 943 1880 Candelosom.

385 1930 543 2008 Cuillier
558 1933 771 2038 reportavit.

384 2192 477 2268 XXI.
508 2192 550 2267 ln
575 2190 739 2297 quadam
762 2218 870 2269 causa
894 2218 1020 2267 coram
1044 2188 1181 2267 ballivo
1204 2190 1368 2298 episcopi
1392 2190 1624 2269 Belvacensis
1648 2210 1750 2269 mota

329 2322 429 2400 inter
443 2337 606 2399 textores
625 2350 666 2398 ac
686 2321 873 2401 lanatores
891 2321 1048 2399 civitatis
1066 2320 1313 2409 Belvecensis,
1334 2336 1438 2427 parte
1462 2322 1650 2399 dictorum
1670 2338 1749 2399 tex-

328 2470 472 2542 torum,
490 2452 644 2529 nomine
660 2438 943 2529 communitatis
961 2478 1112 2540 eorum,
1128 2468 1277 2558 petente
1298 2478 1338 2527 se
1361 2450 1525 2543 admitti,
1539 2451 1675 2528 virtute
1691 2479 1751 2528 cu·

323 2584 475 2691 jusdam
490 2583 738 2689 procuratorii
752 2581 895 2660 ibidem
911 2582 1111 2689 injudicio
1133 2580 1304 2671 exhibiti,
1321 2598 1425 2687 parte
1442 2580 1630 2658 dictorum
1649 2579 1751 2657 lana·

328 2731 453 2793 torum
468 2743 490 2791 e
503 2716 691 2793 contrario
702 2731 938 2822 proponente
954 2712 1098 2791 dictum
1111 2713 1409 2819 procuratorium
1423 2738 1501 2789 non
1511 2709 1650 2799 volere,
1664 2740 1749 2789 cum

330 2844 470 2923 Iactum
488 2872 565 2924 non
585 2845 735 2938 finisset,
751 2862 795 2923 ut
814 2844 977 2933 dicebat,
1001 2843 1049 2921 de
1060 2870 1253 2921 consensu
1271 2842 1424 2950 majoris
1443 2841 1558 2947 partis
1580 2868 1751 2919 commu·

329 2975 455 3053 nitatis
478 2976 665 3055 dictorum
683 2993 889 3065 textorum,
912 2975 1036 3051 dictus
1055 2973 1216 3052 bellitus
1229 2971 1414 3081 judicavit
1430 2970 1643 3077 predictum
1663 2998 1751 3077 pro-

330 3108 559 3185 curatorium
576 3134 653 3185 non
677 3106 816 3184 debere
837 3106 1004 3196 admitti3
1022 3135 1043 3182 a
1058 3106 1165 3212 cujus
1180 3103 1367 3211 judicato,
1388 3118 1579 3207 tamquam
1598 3099 1691 3180 falso
1714 3118 1751 3179 et

330 3264 458 3342 provo,
477 3266 563 3345 pars
584 3238 772 3316 dictorum
793 3254 982 3314 textorum
1002 3236 1050 3313 ad
1069 3252 1238 3314 nostram
1257 3234 1398 3312 curiam
1419 3231 1638 3339 appellavit:
1654 3231 1751 3310 Visis

330 3365 444 3473 igitur
464 3367 503 3443 in
523 3396 640 3445 causa
653 3366 750 3443 dicte
774 3365 1041 3474 appellacionis
1061 3364 1299 3471 processibus
1318 3361 1536 3452 antedictis,
1556 3389 1625 3467 per
1648 3362 1750 3437 curie

330 3514 456 3575 nostre
466 3497 669 3605 judicium,
687 3497 831 3574 dictum
848 3496 922 3573 fuit
936 3495 1082 3573 dictum
1095 3494 1275 3573 ballivum
1290 3492 1388 3570 bene
1397 3491 1602 3601 judicasse,
1617 3508 1654 3567 et
1670 3516 1749 3595 pre

330 3626 450 3705 dictos
466 3630 628 3705 textores
643 3626 742 3704 male
757 3626 980 3735 appellasse,
996 3643 1035 3703 et
1046 3624 1153 3732 quod
1168 3626 1240 3702 hoc
1256 3622 1524 3701 emendabunt.

384 3756 484 3835 Iovis
498 3773 585 3863 post
602 3757 863 3836 Candelosam.
962 3805 968 3811 -

387 3888 735 3995 ldoncireportarit.
783 3988 788 3997 ι

386 4148 497 4225 XXII.
528 4147 626 4226 Cum
635 4146 735 4223 inter
744 4144 937 4222 dominam
951 4142 1259 4236 delimo-Villa,
1272 4172 1317 4221 ex
1327 4170 1404 4220 una
1413 4159 1533 4249 parte,
1547 4139 1751 4220 etBochar-

335 4278 426 4357 dnm
445 4280 493 4356 de
512 4277 661 4370 La·Val,
682 4276 860 4365 militem,
879 4275 1069 4364 exaltem,
1087 4274 1246 4351 incuria
1265 4292 1391 4353 nostra
1408 4290 1511 4351 mota
1524 4271 1657 4349 fuisset
1676 4269 1751 4346 dis-

334 4410 473 4500 cordia,
486 4430 655 4517 supereo
665 4407 774 4516 quod
785 4408 882 4485 dicta
894 4406 1049 4483 domina
1064 4406 1213 4484 dicebat
1224 4406 1426 4511 quamdam
1439 4404 1665 4510 inquestam,
1680 4427 1749 4505 per

334 4540 475 4617 curiam
490 4539 635 4617 domini
655 4534 1030 4617 Montis-Morenciaci
1050 4533 1282 4612 interdictas
1301 4548 1422 4639 partes
1441 4532 1573 4609 factam
1588 4548 1626 4607 et
1645 4530 1749 4607 curie

332 4688 475 4762 nostre,
491 4670 749 4779 expartedicti
763 4665 1097 4758 militis,traditam
1109 4664 1422 4771 adjudicandam,
1435 4690 1512 4741 non
1524 4662 1664 4750 valere,
1681 4688 1751 4738 nec

328 4802 491 4908 judicari
510 4802 666 4892 debere,
683 4801 786 4903 dicto
801 4799 922 4876 milite
939 4795 1169 4876 contrarium
1187 4808 1440 4902 proponente,
1456 4791 1586 4870 multis
1597 4790 1753 4867 racioni-

333 4929 407 5008 bus
422 4947 461 5007 et
474 4930 648 5037 pluribus
660 4930 770 5009 Iactis
793 4930 987 5009 contrariis
1009 4932 1123 5035 super
1142 4924 1435 5034 hoc-propositis
1460 4924 1551 5001 hinc
1575 4940 1613 5001 et
1633 4921 1750 4999 inde:

335 5061 524 5149 Tandem,
535 5088 649 5169 snper
660 5060 765 5139 factis
774 5060 994 5167 hujusmodi
1005 5058 1190 5137 dictarum
1205 5057 1374 5164 parcium
1390 5054 1567 5161 inquisita
1580 5052 1751 5140 veritate,
