4450 6209
739 659 1008 770 uuoutrus
1034 679 1097 752 er
1125 619 1334 754 raeces.
1673 685 1748 758 575

326 823 381 900 les
396 821 493 900 clere
508 820 774 928 reperirentur,
788 823 875 914 etsi
888 821 995 930 quod
1006 821 1169 902 duhium
1179 850 1295 928 super
1305 822 1380 900 hoc
1390 834 1616 913 occurreret,
1622 840 1750 902 nostre
1786 837 1916 894 Partim
1930 839 1974 904 tv,

327 949 431 1032 curie
452 953 651 1060 reportari,
673 971 775 1034 certo
793 983 909 1063 super
930 955 1006 1034 hoc
1025 984 1047 1032 a
1063 953 1176 1032 nobis
1192 952 1450 1032 commissario
1470 953 1673 1060 deputst03
1692 955 1752 1032 iu·
1848 929 1912 976 ”¹⁰⁶

326 1099 459 1192 queste
470 1083 584 1190 igitur
594 1085 806 1192 superhoc,
823 1083 964 1166 vocetis
976 1083 1194 1172 evocandis,
1205 1109 1274 1189 per
1286 1112 1375 1165 eum
1389 1082 1501 1177 facte,
1517 1085 1642 1164 dictus
1654 1112 1754 1162 com

325 1214 533 1308 missorius,
549 1231 705 1322 prepter
721 1214 882 1294 dubium
898 1213 1005 1322 quod
1020 1214 1060 1292 in
1077 1213 1299 1320 hujusmodi
1313 1214 1471 1322 negocio
1482 1213 1751 1304 sihioecurrit,

326 1345 540 1452 inquestem
556 1344 718 1424 eundem
729 1362 857 1424 nostre
873 1345 975 1424 curie
991 1344 1239 1453 judicandam
1252 1343 1412 1437 reuisit,
1419 1344 1540 1424 dictos
1550 1362 1676 1453 portes
1688 1346 1754 1423 ed·

319 1475 511 1582 jomando
528 1476 705 1569 Parisios,
720 1476 769 1554 od
780 1476 988 1556 videndum
1009 1475 1150 1554 dictam
1165 1476 1379 1584 inquestam
1391 1475 1573 1583 judicari,
1586 1477 1637 1554 ad
1648 1476 1753 1556 diem

324 1605 475 1685 ballivie
486 1607 719 1686 Turonensis
731 1608 917 1714 presentis
930 1606 1150 1714 parlamenti
1163 1636 1174 1682 τ
1188 1605 1275 1686 Viso
1285 1606 1411 1714 igitur,
1426 1629 1495 1714 per
1507 1607 1651 1686 utrium
1666 1635 1755 1688 nes·

324 1754 436 1828 trem,
457 1738 507 1816 de
521 1765 706 1818 consensu
721 1737 886 1844 partium
905 1737 1181 1845 predictarum,
1197 1737 1297 1814 dieta
1309 1738 1483 1845 inquesta
1497 1753 1537 1815 et
1551 1737 1755 1846 diligenter

326 1870 550 1960 examinata,
563 1870 604 1946 in
625 1884 810 1975 quantum
827 1869 947 1976 tangit
964 1869 1155 1975 predictos
1175 1869 1409 1974 Stephanum
1429 1886 1469 1950 et
1484 1867 1750 1960 Guillelmum,

324 2000 425 2107 qius,
437 2027 617 2106 pereum,
632 1999 750 2079 nichil
767 2000 962 2078 inventum
979 1999 1053 2078 fuit
1066 1998 1299 2078 sufficienter
1309 2000 1510 2105 probatum
1527 2018 1660 2079 contra
1672 2029 1754 2080 eos·

327 2130 415 2210 dont
440 2131 674 2238 Stephanum
694 2147 732 2208 et
750 2128 1001 2210 Guillelmum
1021 2157 1136 2236 super
1151 2145 1276 2206 morte
1294 2129 1468 2236 predicte
1484 2131 1576 2210 dicti
1588 2131 1750 2220 Perroti,

325 2260 413 2367 ipsi,
431 2289 545 2369 super
556 2262 650 2350 hoc,
669 2288 738 2366 per
752 2258 881 2338 nostre
899 2259 1003 2338 curie
1009 2259 1218 2366 judicium,
1238 2259 1402 2339 absoluti
1413 2259 1582 2338 firerunt.

355 2391 546 2490 ‚sabbato
562 2407 649 2496 post
666 2389 934 2471 inversionem
955 2391 1088 2470 Sancte
1108 2389 1253 2468 Cruc'u.

381 2523 434 2601 M.
453 2523 486 2598 J.
507 2521 555 2600 de
575 2520 785 2628 Hospitalio
804 2520 921 2598 hahet
940 2519 1050 2598 istam
1064 2518 1293 2626 inquestam,
1311 2537 1357 2598 ut
1375 2521 1468 2602 dicit
1486 2523 1538 2602 M.
1558 2525 1601 2602 ll.
1625 2525 1675 2604 de
1691 2525 1755 2601 Pe·

325 2652 440 2732 rellis.

380 2919 490 2998 Lxx
522 2919 640 3008 Cum,
671 2918 712 2996 in
741 2945 850 2996 causa
875 2915 1065 3024 pendente
1092 2944 1219 2996 coram
1250 2915 1471 2996 mstodiltus
1494 2918 1753 2998 nundinarum

326 3051 545 3156 Campanie,
559 3078 674 3157 super
688 3047 851 3156 quadam
863 3049 1026 3156 pecunie
1037 3048 1267 3157 quantitate,
1280 3050 1381 3129 inter
1393 3051 1630 3130 Bernsrdum
1643 3051 1755 3130 d'Au·

326 3179 520 3290 goissolle,
534 3181 1073 3287 erumparte,etJohannem
1082 3180 1750 3273 Cristo,exeltera,idemlohnmes,

325 3311 496 3419 predicto
525 3310 739 3400 Beruardo,
766 3311 806 3388 in
834 3310 1007 3419 cogentis
1031 3310 1194 3418 trigenta
1225 3309 1349 3390 trihus
1378 3311 1485 3391 libris
1511 3329 1552 3390 et
1575 3330 1756 3421 quatuor·

327 3441 451 3520 decim
468 3440 604 3520 solidis
613 3440 919 3532 Turonensibus,
940 3468 1010 3548 per
1024 3441 1214 3519 diuorum
1227 3441 1431 3522 custodum
1439 3441 1645 3550 judicium,
1663 3471 1757 3524 eeu·

327 3574 550 3681 dempmtus
564 3572 712 3663 fuisset,
726 3589 781 3664 et,
796 3572 929 3651 adicto
938 3573 1121 3682 judicato,
1133 3572 1430 3680 tamquamialso
1440 3590 1480 3652 et
1490 3601 1617 3680 pmvo,
1630 3575 1755 3653 diemo

325 3706 516 3785 lohannes
532 3704 581 3782 ad
592 3704 673 3784 dies
688 3706 896 3782 Trecenses
915 3703 1154 3811 appellasset,
1168 3704 1582 3815 magistriquediemm
1590 3707 1755 3784 Treou-

326 3837 441 3925 sium,
468 3863 582 3940 super
605 3836 696 3926 hoc,
722 3835 862 3914 auditis
885 3836 1056 3942 partibus
1078 3835 1273 3942 predictis,
1299 3865 1368 3943 per
1386 3835 1599 3942 'pudicotum
1622 3863 1752 3926 mum,

326 3965 586 4074 predictorum
615 3964 814 4046 custodum
835 3966 1026 4074 judicium
1048 3965 1349 4059 confirmassent,
1374 3966 1498 4044 dictum
1519 3967 1756 4046 lohannes-u

322 4095 492 4203 judicato
511 4093 683 4202 predicto
702 4092 982 4173 confirmatorie
1001 4095 1191 4189 dictorum
1210 4095 1478 4205 magistratum
1493 4096 1645 4174 dierum
1660 4097 1757 4173 Tre*

328 4226 516 4317 censium,
529 4241 760 4332 tamqusma
777 4223 870 4302 falso
884 4240 922 4302 et
935 4253 1061 4330 pravo,
1077 4226 1126 4303 ad
1137 4241 1307 4303 nostram
1320 4225 1462 4302 ωτὶω
1479 4225 1756 4331 iterato-appel¹

306 4441 309 4449 ,
328 4357 435 4436 lavit:
456 4355 605 4436 Auditis
625 4354 738 4464 igitur
757 4353 867 4432 dictis
880 4354 1050 4461 partibus
1066 4355 1110 4432 in
1121 4382 1240 4432 musa.
1250 4353 1513 4461 appellationis
1531 4354 1703 4460 predicte
1712 4371 1756 4432 ¹et

327 4489 414 4569 risis
437 4485 677 4594 processibus
698 4484 913 4576 antedictis,
934 4513 1006 4592 per
1021 4485 1124 4562 eruis
1142 4500 1274 4564 nostre
1289 4485 1498 4593 judicium,-
1519 4485 1664 4563 dionem
1682 4483 1756 4562 luit

328 4618 521 4724 predictos
538 4616 715 4696 custodes
734 4609 773 4694 et
790 4615 987 4723 magistros
1005 4615 1103 4695 hene
1117 4614 1306 4724 judicasse
1324 4633 1363 4694 et
1382 4616 1527 4693 dictum
1544 4616 1754 4695 iohannem

330 4746 431 4826 male
450 4747 673 4855 appellasse,
691 4763 730 4826 et
744 4747 850 4854 quod
863 4746 945 4853 ipse
963 4747 1039 4828 hoc
1057 4747 1292 4838 emendabit,
1307 4745 1605 4826 etmsadahitur
1621 4775 1754 4826 execu-

331 4875 431 4956 oinui
451 4876 745 4985 condempnocio
764 4877 943 4983 predicta.

387 5006 550 5087 Sabhato
561 5007 741 5115 predicto.
