4450 6209
517 729 591 803 350
1103 732 1193 807 tus
1223 730 1365 807 OLlM.

291 878 421 935 emm·
434 878 478 943 Νι
517 872 688 953 mulieris
705 876 746 953 in
766 876 883 954 domo
903 874 1103 983 episcopali
1122 874 1359 965 Nivernensi‚
1386 878 1425 953 in
1444 906 1520 985 qua
1545 878 1667 956 dictus
1686 877 1880 986 episcopus
1899 899 1933 957 et

353 972 416 1017 'm‘
517 1002 599 1110 ejus
613 1004 782 1086 officialis
794 1005 1099 1116 jurisdictionem
1119 1035 1227 1085 suam
1248 1006 1533 1087 ecclesiasticam
1552 1038 1723 1087 exercere
1738 1038 1932 1088 consueve-

517 1153 620 1225 runt,
638 1154 880 1217 arrestsssent
894 1155 933 1214 ct
947 1156 1145 1216 arrestatos
1159 1156 1350 1229 tenerent,
1367 1140 1454 1246 quia
1472 1141 1573 1247 ipsos
1584 1140 1761 1251 gentibus
1777 1142 1864 1219 dicti
1874 1172 1931 1221 co-

515 1268 620 1345 mitis
630 1296 695 1346 eos
707 1269 988 1377 requirentibus
998 1270 1209 1348 deliberare
1226 1268 1446 1363 noluerunt,
1458 1274 1539 1379 ipse
1551 1290 1681 1381 gentes
1691 1272 1781 1350 dicti
1793 1273 1931 1351 consitis

515 1427 583 1504 per
602 1397 726 1476 villam
750 1400 1015 1479 Nivernenseni
1035 1400 1190 1508 publice
1215 1402 1443 1506 preconizari
1469 1422 1507 1481 et
1524 1404 1745 1511 proclamari
1769 1403 1931 1482 lecerunt

514 1531 620 1637 quod
635 1560 770 1610 omnes
784 1532 840 1609 illi
857 1532 905 1609 de
924 1532 1029 1621 villa,
1046 1534 1118 1611 sub
1136 1560 1231 1639 pena
1245 1532 1293 1610 de
1310 1533 1345 1609 la
1362 1534 1462 1627 bart,
1477 1535 1516 1613 in
1529 1535 1757 1644 adjutorium
1771 1536 1933 1613 venirent

514 1663 664 1741 comitis
676 1666 894 1755 memorati,
909 1692 984 1771 qua
997 1654 1303 1771 preconizacione
1320 1664 1372 1741 sic
1388 1694 1432 1743 ex
1445 1684 1551 1773 parte
1564 1666 1653 1745 dicti
1668 1666 1816 1745 comitis
1829 1666 1930 1756 facta,

514 1810 646 1902 gentes
657 1795 748 1873 dicti
763 1796 926 1885 comitis,
942 1814 1163 1903 congregata
1178 1794 1425 1873 multitudine
1440 1797 1572 1904 populi
1588 1796 1840 1890 Nivernensis,
1853 1827 1931 1875 cum

517 1926 671 2005 diversis
683 1954 875 2005 armorum
891 1927 1111 2036 generibus,
1129 1944 1214 2004 ante
1226 1944 1372 2034 portam
1389 1928 1527 2007 domus
1539 1928 1761 2037 episcopalis
1773 1929 1933 2035 predicte

515 2076 717 2147 venerunt,
730 2076 768 2135 et
781 2060 993 2166 prepositus
1003 2077 1133 2136 noster
1146 2060 1386 2151 Senonensis,
1399 2088 1567 2139 asserens
1579 2089 1630 2153 se,
1644 2090 1686 2138 ex
1695 2077 1800 2169 parte
1815 2079 1933 2139 nostra

516 2207 555 2267 et
572 2216 642 2297 per
659 2206 791 2299 gentes
815 2208 962 2269 nostras
985 2190 1128 2267 adhoc
1153 2219 1173 2268 u
1199 2190 1308 2269 nobis
1329 2192 1523 2298 deputatas
1546 2194 1594 2270 ad
1618 2193 1882 2271 collectionem
1902 2210 1934 2270 et

516 2320 745 2399 levacionem
770 2320 965 2399 decimalis
983 2320 1144 2400 subsidii
1166 2338 1204 2399 et
1224 2321 1416 2399 annalium
1439 2322 1776 2401 ecclesiasticorum
1796 2324 1934 2401 benefi-

516 2459 660 2538 ciorum
676 2458 788 2538 nobis
804 2458 852 2535 ab
868 2457 1071 2566 apostolica
1086 2457 1177 2535 sede
1191 2486 1472 2550 concessorum,
1487 2458 1711 2565 deputatum
1728 2484 1824 2545 esse,
1839 2456 1933 2533 etde

516 2590 589 2670 boc
605 2592 819 2671 offerensse
832 2590 952 2670 facere
968 2608 1184 2699 promptam
1194 2589 1323 2679 lidem,
1340 2618 1510 2669 asserens
1525 2590 1643 2667 eciam
1654 2588 1771 2697 quod,
1788 2604 1934 2696 propter

515 2724 708 2804 delectum
723 2723 929 2802 solucionis
945 2724 1035 2801 dicti
1052 2722 1249 2800 decimalis
1263 2722 1442 2812 subsidii,
1462 2722 1541 2829 ipse
1559 2722 1716 2799 domum
1735 2719 1934 2828 predictam

517 2875 556 2936 et
569 2857 698 2935 omnia
712 2856 812 2935 bona
827 2856 917 2933 dicti
933 2855 1098 2962 episcopi
1112 2854 1162 2929 ad
1178 2882 1332 2931 manum
1348 2870 1514 2932 nostram
1530 2870 1708 2961 posuerat
1719 2870 1756 2929 et
1768 2852 1931 2939 tenebat,

517 2989 571 3067 eis
588 2987 775 3076 inhibuit,
792 3016 836 3065 ex
853 3004 957 3094 perte
971 3003 1114 3074 nostra,
1133 3012 1182 3061 ne
1196 2985 1340 3092 aliquid
1355 2984 1613 3063 forisfacerent
1628 2985 1760 3062 domui
1773 2982 1933 3091 predicte

517 3118 574 3196 vel
590 3119 702 3197 bonis
719 3118 809 3195 dicti
826 3116 992 3224 episcopi
1011 3114 1256 3193 existentibus
1274 3116 1313 3191 in
1330 3114 1413 3206 illa3
1437 3132 1474 3193 et
1490 3115 1654 3193 similem
1669 3112 1932 3191 inhibicionem

514 3249 689 3329 fecerunt
705 3250 759 3329 eis
776 3266 939 3357 quatuor
955 3248 1003 3325 de
1021 3248 1274 3325 servientibus
1288 3248 1426 3326 nostris
1444 3248 1490 3323 ad
1507 3246 1625 3354 ipsius
1639 3244 1802 3351 episcopi
1821 3260 1858 3321 et
1876 3244 1933 3321 be

515 3410 653 3461 norum
675 3409 832 3459 suorum
857 3380 1067 3457 custodiam
1089 3394 1257 3484 exparte
1277 3395 1402 3455 nostre
1424 3377 1609 3486 deputati,
1631 3376 1872 3455 ostendentes
1886 3374 1933 3450 eis

516 3532 663 3593 nostres
691 3529 730 3589 et
753 3510 881 3589 ballivi
910 3511 1029 3589 nostri
1054 3509 1299 3587 Bituricensis
1325 3510 1467 3587 litteras
1499 3534 1612 3617 super
1636 3509 1709 3586 boc
1731 3507 1929 3594 conlectam

515 3672 590 3752 qua
611 3642 846 3722 inhibicione
874 3670 951 3719 non
980 3640 1179 3731 obstante,
1209 3640 1300 3719 dicti
1328 3641 1476 3717 comitis
1496 3657 1647 3748 gentes,
1670 3638 1931 3746 respondentes

516 3777 637 3882 quod,
649 3791 803 3881 propter
814 3802 948 3852 eorum
961 3772 1256 3861 inhibicionem,
1270 3772 1388 3849 nichil
1401 3772 1582 3865 facerent,
1595 3801 1681 3849 cum
1692 3770 1929 3848 multitudine

516 3904 684 4012 predicte
707 3922 834 4013 portas
853 3904 953 3983 dicte
973 3904 1109 3981 domus
1128 3903 1314 3982 violenter
1336 3903 1543 4012 fregerunt,
1567 3905 1762 4011 ipsamque
1781 3902 1930 3979 domum

516 4038 764 4127 intraverunt,
782 4052 838 4125 et,
853 4034 978 4113 fractis
993 4064 1061 4143 per
1072 4064 1138 4113 eos
1149 4036 1282 4114 hostiis
1294 4037 1503 4115 carcerisin
1514 4066 1591 4143 quo
1607 4035 1695 4113 dicti
1712 4034 1838 4113 clerici
1851 4031 1932 4109 deti-

514 4168 713 4258 nebantur,
734 4168 835 4275 ipsos
852 4184 1092 4245 extraxerunt
1104 4167 1150 4245 ab
1168 4196 1233 4257 eo,
1256 4184 1294 4243 et
1315 4167 1364 4245 ad
1380 4168 1538 4245 domum
1557 4168 1647 4244 dicti
1662 4165 1810 4245 comitis
1827 4165 1932 4242 dure

513 4317 621 4390 runt,
645 4318 682 4377 et
702 4301 970 4392 detinuerunt3
987 4330 1076 4390 nos,
1100 4300 1148 4377 de
1169 4299 1349 4406 predictis
1367 4302 1562 4390 omnibus,
1585 4301 1779 4378 veritatem
1801 4294 1931 4404 inquiri

513 4430 773 4510 mandavimus
790 4460 860 4540 per
879 4448 1000 4511 certos
1023 4431 1299 4512 commissarios
1319 4449 1485 4521 nostros,
1508 4460 1633 4511 coram
1654 4430 1794 4539 quibus
1820 4427 1932 4506 dictus

514 4592 641 4644 comes
657 4564 705 4640 ad
721 4564 779 4641 sui
798 4563 1058 4642 defensionem
1079 4564 1277 4671 proposuit
1291 4562 1399 4671 plura
1415 4563 1521 4641 lecta:
1538 4564 1622 4643 Vise
1642 4564 1757 4671 igitur
1770 4561 1932 4667 inquesta

513 4694 720 4800 superbiis
742 4696 791 4773 de
811 4698 989 4774 mandato
1007 4712 1137 4773 nostro
1157 4694 1269 4785 sacta,
1295 4696 1384 4773 visis
1404 4696 1521 4773 eciam
1542 4694 1744 4804 diligenter
1762 4691 1930 4771 omuibus

512 4852 588 4933 que
605 4825 726 4903 dictus
740 4854 866 4906 comes
880 4856 1093 4935 proponere
1108 4828 1229 4905 voluit
1244 4856 1369 4906 coram
1385 4826 1650 4905 commissariis
1666 4824 1861 4931 predictis,
1872 4848 1930 4929 per

512 4955 617 5033 curie
630 4971 758 5032 nostre
766 4956 971 5064 judicium,
989 4958 1112 5035 dictus
1126 4958 1334 5036 comesfuit
1351 4958 1390 5035 in
1402 4975 1566 5065 quatuor
1576 4956 1747 5034 millibus
1757 4954 1928 5033 librarum

512 5087 797 5166 Turonensium
814 5089 925 5167 nobis
944 5118 1011 5197 pro
1031 5089 1191 5168 emenda
1214 5108 1356 5179 nostra,
1381 5090 1471 5167 etin
1491 5088 1595 5166 mille
1617 5086 1723 5167 libris
1742 5088 1928 5163 Turonen-
