4450 6209
505 723 578 798 tot
1080 726 1170 800 LES
1200 725 1342 802 OLlM.

275 879 460 948 Ριιιωιῐν,
498 867 714 957 Parisiensi‚
736 867 944 975 ceterisque
958 867 1175 974 justiciariis
1196 871 1334 946 nostris
1353 867 1675 975 quibuscumque,
1690 883 1825 946 tenore
1840 898 1925 975 pre·

333 975 397 1020 Μ’
499 1000 686 1091 seusium,
714 998 754 1075 in
776 999 962 1076 mandatis
988 1015 1033 1074 ut
1053 997 1198 1076 dictum
1223 1000 1433 1089 Matheum‚
1459 999 1499 1076 in
1525 1025 1686 1106 persona
1712 997 1770 1076 vel
1794 996 1921 1093 bonis,

499 1131 694 1208 occasione
711 1130 894 1236 predicta,
912 1131 960 1206 de
976 1147 1101 1208 cetero
1121 1158 1197 1208 uon
1213 1130 1433 1220 molestent3
1452 1147 1490 1207 et
1504 1131 1554 1220 si,
1575 1129 1625 1208 ob
1645 1128 1741 1206 hane
1756 1158 1921 1219 causam,

497 1262 598 1340 bona
617 1261 742 1368 aliqua
760 1261 878 1368 ipsius
897 1261 1036 1339 Matbei
1061 1262 1185 1338 saisita
1205 1260 1264 1338 rel
1285 1278 1462 1338 arrestata
1488 1259 1644 1350 luerint,
1669 1260 1820 1349 eadem,
1840 1261 1923 1340 visis

497 1393 750 1498 presentibus,
766 1393 943 1483 liberare,
965 1393 1045 1470 siue
1064 1392 1270 1472 delacionis
1286 1392 1497 1483 obstaculo,
1520 1421 1596 1470 non
1618 1393 1804 1470 omittant.

553 1524 732 1602 Mercurii
749 1525 791 1602 in
807 1524 934 1632 vigilia
948 1524 1199 1603 Asseucionis.

551 1789 642 1869 XIV.
674 1789 773 1868 Cum
800 1817 980 1896 supereo
1000 1787 1105 1896 quod
1130 1785 1378 1880 Guilelmus,
1401 1785 1525 1866 dictus
1543 1787 1581 1865 le
1599 1789 1697 1879 Duc,
1720 1785 1768 1864 de
1790 1789 1922 1896 Broys-

496 1919 617 2010 sellis,
631 1921 762 2030 viginti
775 1949 920 2027 pannos
934 1938 973 1997 et
990 1920 1061 1998 alia
1075 1921 1175 1999 bona
1188 1920 1362 2008 mobilia,
1379 1947 1453 2025 que
1466 1919 1679 2026 prepositus
1690 1919 1920 2011 Parisiensis,

458 2045 462 2052 ’
495 2067 650 2157 propter
673 2050 923 2128 homicidium
945 2053 1052 2157 quod
1073 2051 1334 2143 Godelredus,
1358 2051 1448 2127 dicti
1473 2049 1668 2128 Guillelmi
1689 2047 1806 2140 lilius,
1825 2049 1922 2126 Pari-

495 2182 588 2271 sius,
613 2183 653 2259 in
676 2209 877 2288 personam
896 2181 1062 2260 Gervasii
1088 2181 1178 2259 dicti
1202 2181 1367 2260 Pindoue
1391 2181 1621 2259 commisisse
1651 2179 1855 2267 dicebatur,
1876 2181 1922 2258 ad

493 2341 648 2392 manum
669 2330 853 2406 nostram,
875 2330 1054 2420 tanquam
1075 2313 1289 2406 commissa,
1307 2329 1498 2418 posuerat,
1516 2340 1583 2390 sua
1603 2339 1683 2388 esse
1703 2310 1864 2400 dicebat,
1885 2328 1923 2389 et

427 2430 432 2440 ¹
494 2472 639 2522 cacum
657 2443 837 2521 instancia
855 2443 926 2522 sibi
941 2443 1054 2522 reddi
1069 2461 1109 2522 et
1126 2442 1327 2522 deliberari
1341 2442 1511 2550 petebat,
1533 2441 1774 2520 demandato
1793 2458 1920 2520 nostro

492 2571 588 2650 sacta
605 2572 738 2652 luisset
757 2575 930 2680 inquesta
951 2591 990 2652 et
1011 2591 1138 2652 nostre
1159 2575 1263 2651 curie
1290 2590 1507 2681 reportata:
1528 2572 1719 2661 Tandem,
1743 2569 1843 2648 dicta
1867 2572 1920 2650 in-

492 2722 625 2811 questa
643 2735 712 2812 per
739 2707 882 2784 curiam
902 2723 1072 2784 nostram
1091 2707 1167 2784 visa
1193 2723 1230 2782 et
1250 2705 1452 2814 diligenter
1472 2704 1696 2793 examinata,
1719 2703 1918 2811 auditaque

492 2835 679 2914 relacione
694 2837 795 2912 Petri
816 2835 864 2913 de
886 2836 1000 2943 Dyci,
1016 2854 1108 2914 tuuc
1123 2836 1304 2944 prepositi
1326 2837 1558 2926 Parisiensis‚
1575 2835 1641 2943 qui
1658 2835 1811 2942 prisiam
1826 2833 1920 2914 sece-

492 2983 550 3042 rat
572 2965 800 3073 predictam,
823 2965 984 3043 dicentis
1002 2966 1107 3073 quod
1132 2967 1186 3044 ibi
1208 2983 1312 3043 erant
1331 2967 1462 3074 viginti
1484 2966 1616 3072 panni,
1638 2966 1704 3071 qui
1724 2982 1818 3041 tunc
1836 2966 1920 3042 esti·

493 3096 584 3172 mati
598 3095 748 3172 buerant
762 3113 991 3205 nonagentas
1008 3115 1046 3174 et
1062 3097 1334 3204 quinquaginta
1350 3096 1465 3174 libras
1480 3097 1719 3188 Parisienses‚
1733 3123 1803 3202 per
1818 3097 1919 3176 curie

492 3243 620 3305 nostre
634 3225 843 3335 judicium,
864 3227 1010 3306 dictum
1024 3229 1100 3307 fuit
1117 3230 1237 3307 dictos
1253 3257 1397 3334 pannos
1411 3230 1470 3307 vel
1486 3257 1619 3308 eorum
1639 3229 1917 3306 estimacionem

492 3359 619 3436 eidem
641 3357 852 3437 Guillelmo
872 3387 953 3436 esse
972 3361 1192 3440 reddendos
1213 3376 1251 3438 et
1266 3359 1544 3438 deliberandos.

546 3493 588 3567 ln
606 3489 744 3598 vigiliis
759 3489 1008 3570 Assensionis.

545 3621 763 3701 Rocelletus
782 3623 995 3728 reportavit.

546 3887 623 3966 XV.
652 3885 751 3964 Cum
780 3882 962 3963 debatum
989 3904 1087 3965 esset
1107 3887 1207 3968 inter
1227 3891 1445 3996 episcopum
1470 3889 1750 3978 belvacensem,
1779 3917 1825 3966 ex
1846 3915 1915 3966 una

489 4033 611 4121 parte,
634 4033 672 4094 et
694 4017 870 4095 abbatem
894 4034 933 4095 et
957 4037 1185 4097 conventum
1212 4021 1260 4098 de
1284 4021 1441 4114 Alneto,
1470 4021 1640 4129 dyocesis
1666 4019 1912 4108 belvacensis,

489 4175 535 4224 ex
548 4146 683 4240 altera,
700 4177 814 4254 super
828 4149 1090 4228 combustione
1108 4152 1307 4259 cujusdam
1327 4127 1549 4231 domussite
1568 4170 1662 4230 tunc
1679 4152 1782 4258 apud
1800 4151 1915 4229 Conr-

487 4276 639 4368 benval‚
654 4308 729 4385 que
750 4279 903 4370 domus,
926 4280 1028 4359 dicto
1049 4282 1266 4388 episcopatu
1289 4301 1457 4373 vacante,
1479 4312 1547 4389 per
1569 4284 1691 4362 dictos
1710 4281 1914 4361 monachos

487 4408 645 4517 injuste,
660 4428 699 4489 et
718 4412 880 4489 denoto
895 4413 1127 4520 justiciando
1154 4414 1350 4492 combusta
1369 4415 1508 4505 luerat,
1533 4432 1577 4492 ut
1595 4413 1785 4492 asserebat
1812 4412 1913 4490 idem

488 4540 700 4646 episcopus,
717 4542 765 4619 de
785 4570 861 4650 qua
878 4561 1009 4648 postea
1027 4573 1096 4650 per
1112 4546 1234 4624 dictos
1246 4546 1441 4654 religiosos
1457 4546 1563 4625 locus
1582 4545 1775 4652 predictus
1795 4543 1914 4621 linerat

487 4670 695 4763 resaisitus,
720 4692 825 4780 parte
851 4674 943 4752 dicti
968 4676 1133 4783 episcopi
1154 4695 1389 4784 proponente
1411 4677 1517 4784 quod
1541 4694 1671 4787 gentes
1694 4675 1812 4782 ipsius
1838 4675 1913 4779 epi·

487 4800 588 4904 scopi
612 4803 828 4880 resaisinam
852 4805 1061 4911 predictam
1089 4808 1306 4886 levaverunt
1329 4826 1367 4886 et
1390 4825 1674 4915 asportaverunt
1696 4803 1851 4912 pacifice
1875 4820 1912 4881 et

486 4928 566 5005 sine
590 4929 715 5036 aliqua
741 4934 983 5039 opposicioue
1009 4937 1199 5016 dictorum
1223 4941 1517 5034 monachorum
1541 4941 1652 5018 dictis
1668 4937 1854 5046 religiosis
1872 4935 1909 5011 in

486 5063 715 5140 eontrarium
732 5067 985 5146 asserentibus
1004 5069 1127 5175 quod,
1143 5071 1228 5152 loco
1247 5073 1420 5178 predicto
1440 5072 1624 5163 resaisito,
1648 5070 1716 5176 ipsi
1736 5097 1778 5147 se
1799 5093 1908 5178 super
