4450 6209
501 673 576 750 248
942 708 957 735 ι’
1076 677 1175 750 ess
1203 674 1343 750 OLIM.
1398 687 1402 744 ἰ

270 827 400 886 Pinum
419 827 464 890 tv,
500 817 868 924 temperantibus
878 834 916 899 et
924 817 1297 924 exitibus,parccptis
1309 834 1347 895 et
1359 816 1424 923 qui
1436 817 1576 924 percipi
1590 836 1920 925 amponianum,

337 921 402 963 Μ’
503 949 605 1028 dicto
616 950 734 1058 priori
751 948 831 1028 fore
847 949 1205 1054 restituendumper
1221 947 1437 1026 Gnidonem
1452 947 1499 1026 de
1513 949 1627 1055 Pupia
1641 949 1868 1055 predictum,
1885 969 1923 1028 et
1992 963 2001 988 '

501 1079 665 1189 dampna
685 1081 812 1158 omnia
831 1109 900 1188 per
920 1079 992 1156 boc
1019 1079 1089 1158 sibi
1110 1079 1213 1156 illata
1236 1079 1376 1157 debera
1393 1078 1561 1159 resarciri
1581 1078 1706 1156 eidem
1724 1109 1794 1187 per
1813 1110 1923 1160 occu·

499 1210 916 1318 patorempredictum‚
934 1225 989 1299 et,
1002 1211 1097 1317 quia
1109 1229 1178 1316 par
1192 1209 1400 1315 predictam
1415 1211 1629 1317 inminutam
1638 1227 1836 1318 nepermm
1851 1212 1921 1292 fuit

499 1342 750 1422 Guillelmum
769 1343 817 1419 de
834 1340 1069 1431 Cardeliam,
1086 1341 1304 1420 Gnidonem
1325 1359 1362 1418 et
1379 1339 1626 1420 GniIIelmum
1639 1341 1689 1419 tle
1704 1343 1821 1449 Popia
1837 1372 1923 1450 pre·

498 1473 639 1562 dictos,
662 1491 699 1550 et
718 1471 934 1551 Dendatum
955 1473 1001 1549 de
1022 1471 1441 1560 Columhac‚20diliurn
1462 1471 1510 1550 tle
1528 1471 1774 1566 Bello-Forti,
1795 1474 1920 1581 Hugo-
2042 1529 2045 1538 n

498 1632 585 1685 nem
603 1605 650 1682 de
664 1604 903 1711 Balanganio,
923 1603 963 1680 in
977 1604 1168 1682 invasione
1186 1603 1355 1710 predicta
1369 1601 1584 1683 interfuisse
1602 1619 1778 1692 amatos,
1800 1603 1921 1682 dictus

498 1734 776 1816 Guillelmurin
790 1736 969 1814 trecentis
982 1734 1253 1843 quinquaginta
1262 1734 1371 1814 libris
1381 1733 1683 1825 Turcnemibns‚
1693 1734 1782 1812 dicti
1793 1733 1920 1814 Guidc

498 1883 537 1942 et
552 1866 780 1945 Guillelmua
792 1867 832 1941 in
847 1881 998 1942 centum
1011 1864 1119 1944 libris
1128 1863 1427 1954 Turonensibua
1440 1863 1563 1944 dictus
1572 1863 1768 1951 Dendams
1782 1864 1823 1942 in
1839 1893 1919 1942 cen-

497 2013 581 2073 tum
597 1997 703 2075 libris
717 1995 1022 2083 Turonensibus‚
1044 1995 1166 2074 dictus
1181 1995 1333 2075 Odilius
1345 1996 1385 2072 in
1400 1996 1673 2101 quinquaginta
1682 1994 1790 2073 libris
1797 1997 1919 2074 Turo-
1932 1979 1936 1988 ¹

498 2128 698 2221 censibus,
720 2145 757 2207 et
773 2127 897 2208 dictus
915 2128 1025 2236 Hugc
1046 2128 1086 2204 in
1108 2126 1380 2234 qninquaginta
1401 2125 1507 2206 libris
1526 2127 1832 2219 Turonensibus,
1853 2155 1920 2206 no-

497 2257 573 2352 his,
590 2287 660 2365 pro
673 2258 836 2340 emenda
845 2273 991 2346 nostra,
1001 2256 1288 2358 sentencialiter,
1298 2256 1565 2362 condempnati
1577 2255 1747 2350 fuerunta
1763 2257 1916 2364 etquis,

496 2417 564 2496 per
574 2388 789 2497 inquestam
800 2388 1024 2497 predictam,
1043 2381 1300 2468 intelleximus
1313 2386 1417 2496 quod
1432 2387 1661 2467 Bertrandus
1677 2389 1725 2466 de
1739 2387 1921 2498 Bolenga-

496 2520 554 2598 rio
569 2520 712 2628 junior,
732 2519 974 2603 Fertanerius
992 2518 1040 2599 de
1059 2517 1485 2612 nordwic-Iohannes
1506 2518 1788 2608 destributae,
1810 2520 1933 2630 Ilugo¹

498 2651 548 2728 de
562 2649 779 2740 Mimbessn,
794 2650 943 2730 Olricus
954 2649 991 2728 le
1003 2651 1111 2741 vert,
1127 2647 1358 2728 Guillelmus
1373 2649 1420 2728 de
1436 2649 1646 2728 Pelhcriols
1662 2667 1700 2730 et
1719 2649 1921 2758 pluresalii

498 2809 618 2888 usque
644 2783 692 2860 ad
716 2781 904 2888 sexaginta
932 2781 973 2858 in
999 2780 1170 2890 predicto
1195 2779 1380 2860 maleficio
1395 2779 1674 2869 interfuerunt,
1703 2782 1770 2888 qui
1793 2799 1921 2860 tamen

499 2912 538 2989 in
559 2911 728 3018 predicta
742 2911 920 3016 -inquesta
943 2939 1021 2992 non
1047 2910 1203 2991 suerunt
1225 2910 1363 3000 vocati.
1385 2910 1559 2990 volumus
1576 2911 1681 3019 quod
1706 2931 1921 2994 contraeas

500 3069 614 3149 super
621 3038 817 3149 predictis,
830 3040 967 3124 vocatis
977 3040 1161 3147 partibus,
1175 3040 1398 3148 inquiratur,
1413 3058 1452 3124 et
1462 3042 1581 3148 quod,
1595 3045 1805 3124 secundum
1815 3047 1922 3154 quod

497 3173 721 3262 invenietur,
744 3171 815 3280 ipsi
837 3169 946 3252 nobis
965 3173 1006 3250 in
1028 3172 1476 3278 emendamcondignam
1498 3191 1542 3258 et,
1558 3174 1812 3280 pecuniariam
1831 3204 1921 3254 con-

446 3370 449 3374 r
498 3305 765 3412 dempnentur.

550 3435 681 3518 Martis
695 3435 875 3541 predicta.

549 3566 691 3644 Littera
710 3566 778 3644 fiat
795 3566 845 3643 de
867 3567 947 3644 istis
966 3567 1170 3647 senescallo
1189 3567 1498 3676 Petragoricensi,
1518 3585 1557 3647 et
1574 3567 1854 3648 estimacicnem
1869 3570 1923 3646 fa·-

495 3698 678 3776 cultatum
708 3723 1003 3803 suarum-penes
1026 3727 1067 3778 se
1094 3697 1210 3778 habet
1233 3699 1409 3808 magister
1427 3701 1472 3778 H.
1495 3699 1666 3790 Cuilliar,
1688 3701 1756 3809 qui
1780 3702 1918 3781 dictam

497 3830 709 3934 inquestam
728 3826 941 3932 reportavit.

550 4091 711 4171 XXXIII.
742 4090 859 4184 cum,
889 4120 932 4168 ex
954 4091 1142 4171 relacione
1167 4091 1293 4194 dilecti
1314 4109 1352 4170 et
1373 4089 1498 4172 fidelis
1517 4095 1558 4189 Β.
1583 4093 1630 4172 de
1655 4095 1915 4186 chamelaea,

496 4222 641 4301 donuni
662 4221 711 4300 de
732 4221 1043 4311 Wlmissmilitis
1063 4240 1101 4300 et
1128 4221 1348 4302 cambellani
1368 4223 1508 4312 nostri,
1535 4225 1790 4332 acceperimus
1814 4224 1919 4333 qnod

495 4383 581 4432 cum
601 4369 817 4460 gentessue
837 4351 1001 4459 quedam
1021 4352 1198 4437 animalia
1216 4354 1256 4430 in
1274 4353 1440 4460 quodam
1456 4353 1558 4446 loco,
1580 4357 1620 4432 in
1639 4385 1716 4463 quo
1736 4357 1819 4463 ipsc
1837 4385 1918 4434 cm·

492 4483 688 4562 nimodam
703 4481 1006 4590 jurisdictionem
1026 4483 1156 4566 asserit
1175 4511 1218 4564 se·
1235 4483 1393 4574 habere,
1413 4485 1453 4589 in
1467 4487 1633 4593 presenti
1651 4485 1917 4566 forisfactore-

493 4613 650 4718 pissent‚
663 4631 795 4722 gentes
812 4612 956 4694 abbatis
968 4631 1009 4691 et
1022 4632 1227 4698 conventus
1241 4617 1457 4726 monasterii
1476 4616 1790 4698 Sancti-Medsrdi
1806 4618 1918 4696 Sues·

373 4751 377 4758 “
493 4744 678 4828 sionensis
701 4773 769 4850 per
792 4762 1073 4858 portamentum
1099 4762 1137 4823 et
1157 4745 1377 4827 violenciam
1407 4775 1622 4841 armornm,
1648 4747 1792 4826 eisdam
1822 4747 1920 4824 dicta
2008 4727 2014 4738 ¹

494 4873 666 4952 animalia
690 4894 963 4990 resonuerunt,
985 4893 1024 4954 et
1039 4858 1185 4984 gentes¹
1197 4877 1288 4958 dicti
1309 4876 1454 4958 domini
1474 4877 1522 4958 de
1542 4879 1681 4958 Wlmis
1702 4878 1916 4984 verberave-

493 5019 583 5087 runt
605 5021 644 5081 et
660 5004 1121 5112 eidemmultarinjurin
1142 5006 1352 5088 intulerunt
1374 5042 1382 5086 :
1402 5010 1591 5102 Tandem,
1613 5009 1782 5115 inquesta
1805 5036 1917 5113 super

970 5147 985 5200 t
