4450 6209
733 711 1004 820 esoueres
1029 662 1095 802 nr
1120 710 1326 805 esocis.
1671 730 1741 802 115

317 871 461 982 galium
479 888 694 951 nostrorum
713 871 840 981 alique
860 871 971 951 firme
991 889 1030 950 et
1047 869 1247 980 pensiones
1261 868 1514 980 predictarum
1532 871 1745 978 parrochia·
1784 879 1804 932 P
1807 894 1914 934 ¹¹¹¹¹¹¹
1927 877 1970 943 tv,

316 1032 423 1096 rum,
442 1021 615 1110 tempore
634 1001 817 1111 regalium
836 1002 1109 1110 quorumdam,
1132 1019 1237 1109 capte
1265 1017 1302 1078 et
1325 997 1443 1079 levate
1462 999 1640 1093 luissent,
1661 1001 1744 1080 lue-
1845 972 1906 1014 Μ’

316 1154 401 1214 rant
410 1152 537 1214 tamen
551 1163 621 1243 per
634 1135 735 1242 ipsos
746 1136 922 1215 custodes
937 1135 1109 1214 restitute
1124 1131 1288 1240 capitulo
1302 1132 1598 1224 cenomanensi,
1615 1132 1742 1210 luturo

316 1265 753 1375 episcoporeservandm
776 1267 824 1346 lle
851 1265 1030 1347 mandato
1057 1265 1162 1344 'curie
1186 1270 1333 1356 nostre,
1352 1281 1398 1342 nt
1424 1262 1566 1368 inipso
1593 1264 1744 1346 restitu-

158 1455 164 1464 .
314 1395 441 1489 sione,
455 1422 506 1475 ex
523 1415 629 1505 parte
647 1400 763 1495 unius
780 1400 983 1479 custodum
1001 1397 1204 1508 regalium,
1227 1398 1345 1476 allero
1362 1403 1551 1504 presente,
1579 1393 1652 1473 luit
1671 1397 1744 1474 dio

312 1546 413 1618 tnm3
435 1527 482 1606 de
502 1554 580 1637 quo
600 1529 779 1609 mandato
798 1528 962 1639 quodum
982 1530 1090 1638 copia
1107 1529 1180 1608 luit
1199 1531 1239 1607 in
1253 1529 1358 1631 cirris
1376 1544 1504 1634 nostre
1521 1535 1686 1616 ostento,
1707 1545 1743 1606 et

312 1660 353 1737 in
368 1685 444 1769 qua
458 1662 632 1770 inquests
647 1685 750 1741 unus
761 1663 812 1741 dc
830 1657 1051 1741 custodibus
1065 1659 1251 1772 regalium
1264 1687 1334 1768 per
1350 1665 1462 1738 suum
1477 1657 1741 1766 jnmmentum

312 1793 388 1870 hoc
405 1793 611 1888 asserebat,
637 1819 709 1872 nec
731 1807 801 1901 per
817 1795 939 1902 ipsum
957 1794 1172 1901 inquestsun
1190 1791 1239 1872 sit
1260 1793 1454 1899 repertum
1472 1789 1583 1897 quod
1599 1789 1640 1870 iit
1659 1789 1742 1871 eliis

311 1924 572 2003 suessionibus
605 1925 781 2006 custodes
813 1924 998 2034 regalium
1031 1925 1152 2031 ipsam
1189 1923 1410 2013 habuerint,
1446 1919 1651 2000 levaverint
1682 1921 1741 1998 vel

309 2053 547 2163 perceperint
571 2079 643 2162 pro
669 2040 803 2135 nobiss
824 2052 968 2135 Notum
991 2053 1358 2156 facimusuuirsrs'is
1381 2051 1486 2161 qnod
1507 2051 1739 2134 intensionis

309 2203 439 2264 nostre
458 2211 536 2264 non
554 2201 627 2275 ast,
648 2211 719 2263 nec
735 2186 958 2276 voluntatis,
978 2185 1086 2293 quod
1109 2185 1286 2264 custodes
1309 2183 1496 2291 regalium
1518 2201 1737 2264 nostrorum

304 2334 378 2420 pro
398 2309 510 2394 nohis
526 2314 654 2394 levent
670 2316 731 2395 sel
754 2315 893 2396 uostds
919 2317 1053 2397 usibus
1075 2316 1270 2424 applicent
1294 2315 1469 2394 debarim
1482 2313 1734 2400 sinodeticos‚

306 2446 598 2540 cathedraticos,
629 2464 696 2525 ent
726 2448 855 2526 lisinas
873 2447 948 2525 -tel
985 2448 1188 2553 pensiones
1220 2444 1467 2552 sepedictus,
1493 2447 1543 2522 in'
1560 2443 1740 2551 predictis

303 2577 518 2685 parrochiis
537 2576 684 2657 debitus
709 2579 886 2687 episcopo
905 2579 1199 2671 Cenomanensi‚
1221 2596 1290 2686 pro
1315 2576 1474 2656 decimis
1499 2581 1737 2683 nhilquema

304 2707 414 2786 laicis
430 2707 473 2785 in
491 2706 650 2787 feodum
670 2710 850 2798 detentis,
872 2736 943 2787 nec
960 2726 1134 2818 tempore
1162 2709 1346 2817 regalium
1364 2707 1505 2787 nostiis
1521 2707 1737 2815 progenito·

305 2837 416 2918 ribus
444 2839 654 2947 applicetis3
681 2853 941 2920 verumtamen
968 2842 1178 2920 retinemus
1208 2869 1279 2950 pro
1302 2836 1420 2918 nobis
1439 2857 1484 2918 nt
1515 2839 1547 2918 si
1577 2839 1734 2946 reperiri

304 2989 435 3078 posset
447 2971 612 3050 decimes
627 2973 787 3082 aliquss,
804 3002 874 3081 pro
889 2973 1030 3083 quibus
1044 2975 1124 3082 ipse
1140 2973 1249 3053 firme
1265 2973 1325 3051 vel
1341 2973 1544 3080 pensiones
1559 2970 1737 3079 episcopo

304 3101 589 3180 Cenomanensi
603 3102 644 3179 in
659 3099 770 3182 dictis
784 3104 992 3213 parrochiis
1009 3101 1211 3196 debentur,
1227 3103 1341 3183 fuisse
1356 3107 1379 3180 i
1392 3103 1506 3214 laycis
1519 3101 1737 3180 inrlhud'nm

304 3229 495 3323 detentas,
516 3227 575 3309 vel
601 3233 700 3339 ipses
722 3235 925 3341 pensiones
952 3234 1013 3315 sel
1038 3236 1184 3328 firmes,
1204 3261 1274 3342 pro
1299 3233 1577 3340 temporalitate
1596 3233 1645 3312 sd
1666 3260 1737 3310 nos

303 3362 499 3469 pertinere
517 3361 699 3457 debente,
710 3362 867 3457 deberi,
881 3365 949 3474 jus
963 3381 1139 3445 nosmnm
1158 3365 1200 3443 in
1218 3364 1309 3470 ipsis
1326 3363 1471 3442 salvum
1486 3362 1677 3468 persistit.

359 3493 462 3572 lovis
479 3511 567 3601 post
583 3495 850 3577 Reminiscere.

361 3755 438 3833 Vll.
469 3757 685 3837 Senescallo
699 3758 919 3848 Pietatemi,
936 3754 1008 3866 plo
1021 3757 1201 3867 mugistis
1213 3759 1245 3836 J.
1264 3757 1312 3835 de
1327 3756 1533 3866 Brugetiis,
1551 3755 1733 3836 canonico

302 3881 692 3999 Sancte-Radegnnde
712 3890 955 3969 Pictsrensis:
980 3890 1096 3984 Cum,
1117 3891 1280 3999 propter·
1299 3889 1553 3996 suspicionem
1573 3915 1649 3995 qne
1668 3885 1735 3966 ha·

300 4017 467 4098 bebatur
486 4020 534 4098 de
555 4019 658 4099 dicto
676 4023 727 4101 M.
747 4024 780 4100 l.
799 4021 907 4130 quod
924 4023 1007 4130 ipse
1025 4023 1228 4112 adhereret
1251 4019 1413 4103 inimicis
1438 4018 1586 4098 domini
1604 4018 1731 4127 Regis,

300 4147 428 4229 dictus
445 4151 672 4231 senescallus
686 4152 727 4230 in
743 4147 826 4261 ejus
840 4153 953 4233 bonis
965 4181 1034 4234 see
1049 4151 1236 4234 fructibus
1251 4152 1469 4262 ipposu‘erit
1482 4149 1734 4259 impedimen

298 4297 403 4373 tum,
426 4299 464 4361 et
481 4309 553 4391 per
571 4285 747 4391 aprisiam
763 4284 855 4365 inde
873 4283 1008 4364 lactem
1031 4305 1071 4365 et
1088 4285 1193 4366 curie
1213 4285 1458 4394 reportemus,
1475 4281 1593 4362 nichil
1614 4287 1730 4388 saper

299 4413 377 4491 hoc
397 4432 529 4494 contra
548 4414 693 4494 dictum
712 4417 763 4496 Μ.
784 4417 816 4494 J.
836 4414 952 4495 faerit
971 4412 1185 4505 inventum,
1207 4414 1429 4514 mendacem
1448 4424 1505 4492 est
1523 4409 1727 4490 senescallo

298 4544 408 4650 qnod
427 4545 508 4654 ipse
526 4565 697 4626 amoveat
721 4545 1039 4656 impedimentum
1067 4575 1138 4656 per
1160 4573 1251 4626 eum
1278 4547 1393 4654 super
1415 4543 1490 4624 hiis
1512 4541 1728 4651 apposituro

297 4677 451 4754 racione
469 4675 653 4784 predicte,
1692 4699 1696 4706 ·

359 4805 525 4886 Sabbsto
543 4825 631 4887 ente
649 4806 995 4890 Annunciacionem
1013 4810 1183 4890 Domini.
1333 4831 1335 4838 “
