4450 6209
772 713 1042 851 saoneres
1069 758 1132 830 nr
1159 740 1367 832 nnocts.
1709 754 1783 833 ars

359 897 478 975 dictas
499 899 621 1005 Super
638 900 816 1008 predictis
836 920 874 980 et
898 929 1011 1008 snper
1029 898 1148 1006 ipsius
1167 899 1375 1008 Raymondi
1401 898 1700 992 defensionibus,
1718 928 1786 1006 per
1823 922 1954 981 Parnm
1968 924 2012 989 1v,
2092 900 2095 905 ’

358 1056 446 1106 eum
468 1030 671 1136 propositis
693 1032 741 1109 ad
765 1061 871 1111 suam
895 1030 1153 1111 innocencium
1181 1058 1295 1138 super
1319 1031 1393 1108 hoc
1413 1028 1702 1119 ostendendam,
1728 1031 1787 1109 in·
1885 1020 1948 1063 ¹³⁰⁰·

357 1177 487 1267 questa
505 1160 600 1238 faeta
625 1180 663 1241 et
680 1180 807 1241 nostre
828 1163 932 1242 curie
951 1179 1157 1269 reportata,
1179 1163 1255 1239 visa
1277 1178 1316 1239 et
1339 1161 1539 1268 diligenter
1560 1162 1783 1251 examinata,

355 1290 445 1397 quia
460 1291 577 1369 nichil
589 1312 782 1399 repertum
795 1293 867 1372 suit
881 1311 1012 1373 contra
1026 1294 1169 1370 dictum
1183 1292 1445 1400 Raymondum
1466 1321 1579 1398 super
1594 1293 1667 1371 hoc
1685 1290 1787 1370 suffi-

356 1421 500 1501 cienter
510 1422 729 1529 probatum,
745 1426 881 1514 immo,
895 1441 1041 1532 reperta
1053 1420 1169 1501 luerit
1182 1424 1300 1531 ipsius
1313 1424 1523 1532 Raymondi
1545 1424 1592 1503 de
1608 1424 1786 1532 predictis

355 1553 427 1631 sibi
449 1555 636 1663 impositis
654 1557 875 1635 innocencia
894 1558 1125 1637 sufficienter
1143 1557 1315 1663 probata,
1337 1584 1406 1662 per
1426 1556 1528 1635 curie
1545 1573 1673 1635 nostre
1687 1557 1787 1665 judi·

358 1685 459 1761 cium
474 1685 599 1763 dictus
611 1688 854 1794 Raymondns
867 1688 1034 1766 Barberii
1053 1717 1075 1765 a
1093 1688 1272 1794 predictis
1284 1688 1364 1775 ,sibi
1384 1686 1570 1793 impositis
1586 1688 1707 1765 extitit
1720 1688 1785 1765 ab·

356 1814 514 1892 solutus.
612 1876 625 1903 ,.

411 1945 570 2026 Veneris
588 1965 674 2028 ante
694 1952 832 2029 Remos
850 1952 1076 2030 Palmamm.

414 2072 483 2184 [M.
504 2080 581 2157 Yvo
601 2079 670 2189 de]
692 2081 917 2162 Laudunaco
936 2084 1149 2190 reportavit.

412 2342 553 2422 LXXX.
584 2345 667 2423 Lite
690 2364 808 2436 mota,
832 2374 957 2443 coram
985 2344 1190 2425 senescallo
1214 2346 1523 2454 Petragoricensi,
1544 2346 1641 2423 inter
1662 2347 1788 2426 homi·

355 2500 423 2551 nes
442 2474 655 2554 habitantes
669 2476 708 2554 in
722 2477 919 2585 parrochia
937 2478 985 2555 de
1007 2477 1217 2585 Creyshaco
1230 2538 1238 2566 ,
1253 2504 1330 2553 una
1346 2504 1432 2554 curn
1448 2494 1689 2582 procuratore
1705 2505 1788 2557 nos
1925 2474 1928 2483 ’

354 2622 415 2681 tro
436 2604 534 2683 dicte
555 2607 788 2698 senescallie,
806 2638 850 2686 ex
869 2626 973 2716 parte
993 2638 1084 2698 una,
1108 2625 1147 2685 et
1167 2606 1344 2685 comitem
1363 2608 1722 2715 Petragoricensem,
1743 2636 1787 2687 ex

287 2722 291 2737 ⁸
355 2735 490 2828 altera,
504 2765 677 2844 supereo
688 2739 794 2846 qnod
808 2740 880 2847 ipsi
896 2740 1074 2818 dicebant
1084 2739 1191 2847 quod
1202 2756 1333 2847 gentes
1346 2738 1436 2817 dicti
1451 2739 1599 2817 comitis
1612 2757 1787 2845 ceperant

353 2866 401 2946 ab
416 2867 560 2947 eisdem
575 2869 796 2948 hominibus
811 2869 984 2980 pignora,
1002 2871 1151 2949 racione
1171 2870 1366 2978 cujusdam
1386 2867 1490 2947 tallie
1510 2871 1600 2976 ipsis
1620 2870 1788 2948 homini-

354 2999 427 3077 bus
447 3028 466 3075 a
486 3000 664 3107 gentibus
684 3001 774 3080 dicti
795 3003 944 3082 comitis
963 3002 1132 3081 indebite
1152 3002 1346 3109 imposite‚
1369 3018 1407 3079 et
1434 2999 1481 3077 de
1508 3029 1623 3091 novo,
1647 3018 1685 3079 et
1703 3019 1788 3109 post

354 3129 650 3238 appellacionem
673 3160 743 3239 per
762 3133 883 3212 dictos
908 3134 1085 3212 homines
1107 3133 1155 3211 ad
1176 3132 1425 3213 senescallum
1443 3132 1657 3238 predictum
1677 3133 1789 3211 emis-

354 3290 432 3339 sam
458 3262 505 3340 ab
529 3263 726 3340 audiencia
746 3264 895 3343 comitis
916 3264 1143 3372 supradicti,
1170 3292 1285 3372 quare
1306 3261 1486 3370 petebant
1512 3262 1610 3339 dicta
1632 3264 1788 3372 pignora

353 3392 425 3470 sibi
438 3393 547 3473 reddi
568 3412 607 3472 et
625 3396 793 3485 restitui,
811 3395 914 3475 dicto
926 3396 1067 3474 comite
1084 3396 1125 3472 in
1141 3396 1371 3475 contrarium
1385 3411 1591 3484 asserente,
1613 3410 1651 3471 et
1662 3394 1788 3501 plures

354 3526 523 3605 raciones
541 3527 590 3604 ad
610 3526 668 3604 sui
695 3526 959 3605 defensionem
974 3544 1212 3636 proponente
1232 3528 1368 3603 :Facta
1389 3552 1503 3631 super
1523 3524 1597 3603 hoc
1615 3526 1788 3631 inquesta

355 3656 403 3733 de
424 3658 601 3737 mandato
628 3657 718 3735 dicti
738 3658 951 3752 senescalli,
974 3675 1012 3737 et
1039 3659 1087 3737 de
1113 3657 1291 3735 mandato
1312 3670 1442 3734 nostro
1470 3654 1787 3763 adjudicandum

354 3789 457 3866 curie
474 3808 601 3869 nostre
616 3798 821 3899 reportata,
837 3791 914 3870 visa
930 3808 968 3870 et
984 3791 1188 3900 diligenter
1203 3789 1424 3875 examinata,
1447 3789 1536 3895 quia
1558 3786 1647 3866 dicti
1668 3788 1788 3865 homi-

354 3946 422 3997 nes
438 3936 478 3997 et
490 3940 711 4028 procurator
725 3938 854 4003 nonen
868 3924 1126 4002 intencionem
1143 3950 1248 4000 suam
1268 3948 1383 4029 super
1400 3920 1473 3999 hoo
1486 3919 1643 3997 minime
1657 3917 1790 4027 proba·
1899 3915 1903 3923 ’

354 4068 506 4140 venant,
523 4080 592 4158 per
605 4053 795 4161 judicium
815 4055 918 4134 curie
941 4072 1068 4135 nostre
1093 4055 1218 4133 dictus
1238 4080 1364 4133 comes
1386 4050 1458 4130 fuit
1481 4052 1527 4131 ab
1548 4051 1788 4157 impeticione

354 4181 522 4288 predicta
542 4210 673 4261 eornm
694 4184 897 4265 absolutus.

410 4312 568 4391 Veneris
587 4331 673 4393 ante
691 4318 828 4395 Remos
849 4316 1078 4396 Palmarum.

412 4443 519 4523 Greci
535 4448 747 4553 reportavit.

412 4708 568 4787 LXXXJ.
599 4711 699 4791 Cum
716 4714 987 4794 denunciatum
1001 4714 1151 4805 lirisset,
1166 4729 1296 4793 contra
1307 4717 1509 4801 Ysarnum,
1526 4711 1724 4790 dominum
1739 4711 1786 4789 de

354 4838 534 4948 Lusegio,
557 4845 665 4949 quod
687 4844 789 4923 idem
811 4846 975 4938 lsarnus,
997 4876 1085 4925 oum
1107 4865 1340 4925 armatorum
1358 4838 1624 4935 multitudine,
1649 4832 1790 4920 coadu-

354 4985 440 5047 nata
464 4997 570 5049 more
600 4975 746 5079 hostili,
779 4995 906 5055 contra
931 4977 1174 5057 Almaninum
1194 4977 1241 5056 de
1266 4974 1444 5065 Bonalos,
1466 4976 1688 5054 existentem
1717 4972 1789 5051 sub

355 5100 452 5179 salva
471 5103 586 5211 garda
604 5106 723 5215 regia,
744 5109 930 5188 insultum
952 5108 1058 5201 lecit,
1083 5110 1254 5219 ejusdem
1274 5108 1462 5187 Almanini
1482 5107 1650 5187 boeriarn
1674 5134 1789 5213 erpu-

443 5278 498 5321 nrs
519 5278 602 5324 orsu.
626 5282 672 5323 ιιι.
1622 5260 1663 5321 60
