<?xml version="1.0" encoding="UTF-8"?>
<!DOCTYPE html PUBLIC "-//W3C//DTD XHTML 1.0 Transitional//EN"
    "http://www.w3.org/TR/xhtml1/DTD/xhtml1-transitional.dtd">
<html xmlns="http://www.w3.org/1999/xhtml" xml:lang="en" lang="en">
 <head>
  <title>
</title>
<meta http-equiv="Content-Type" content="text/html;charset=utf-8" />
  <meta name='ocr-system' content='tesseract 3.04.00' />
  <meta name='ocr-capabilities' content='ocr_page ocr_carea ocr_par ocr_line ocrx_word'/>
</head>
<body>
  <div class='ocr_page' id='page_1' title='image "./lesolimouregist00parigoog_0375.png"; bbox 0 0 4450 6209; ppageno 0'>
   <div class='ocr_carea' id='block_1_1' title="bbox 492 726 1334 805">
    <p class='ocr_par' dir='ltr' id='par_1_1' title="bbox 492 726 1334 805">
     <span class='ocr_line' id='line_1_1' title="bbox 492 726 1334 805; baseline -0.005 0"><span class='ocrx_word' id='word_1_1' title='bbox 492 736 567 805; x_wconf 77' lang='lat'><strong>276</strong></span> <span class='ocrx_word' id='word_1_2' title='bbox 1070 728 1160 803; x_wconf 88' lang='lat' dir='ltr'><strong>LES</strong></span> <span class='ocrx_word' id='word_1_3' title='bbox 1190 726 1334 803; x_wconf 88' lang='lat' dir='ltr'><strong>OLlM.</strong></span> 
     </span>
    </p>
   </div>
   <div class='ocr_carea' id='block_1_2' title="bbox 264 863 1918 1226">
    <p class='ocr_par' dir='ltr' id='par_1_2' title="bbox 264 863 1918 1226">
     <span class='ocr_line' id='line_1_2' title="bbox 264 863 1918 982; baseline -0.004 -27"><span class='ocrx_word' id='word_1_4' title='bbox 264 885 395 938; x_wconf 65' lang='lat' dir='ltr'><strong>Partim</strong></span> <span class='ocrx_word' id='word_1_5' title='bbox 407 882 452 947; x_wconf 78' lang='lat' dir='ltr'><strong>W·</strong></span> <span class='ocrx_word' id='word_1_6' title='bbox 530 863 610 955; x_wconf 78' lang='lat'><em>&#39;111.</em></span> <span class='ocrx_word' id='word_1_7' title='bbox 642 876 765 982; x_wconf 84' lang='lat' dir='ltr'>Super</span> <span class='ocrx_word' id='word_1_8' title='bbox 781 872 892 951; x_wconf 92' lang='lat' dir='ltr'><strong>bonis</strong></span> <span class='ocrx_word' id='word_1_9' title='bbox 906 870 1075 953; x_wconf 80' lang='lat' dir='ltr'><strong>defuncti</strong></span> <span class='ocrx_word' id='word_1_10' title='bbox 1094 870 1259 979; x_wconf 75' lang='lat' dir='ltr'><strong>magistri</strong></span> <span class='ocrx_word' id='word_1_11' title='bbox 1276 871 1316 947; x_wconf 94' lang='lat' dir='ltr'><strong>P.</strong></span> <span class='ocrx_word' id='word_1_12' title='bbox 1339 870 1387 947; x_wconf 86' lang='lat' dir='ltr'><strong>de</strong></span> <span class='ocrx_word' id='word_1_13' title='bbox 1403 870 1692 959; x_wconf 85' lang='lat' dir='ltr'><strong>Sancto-Mario,</strong></span> <span class='ocrx_word' id='word_1_14' title='bbox 1706 886 1835 949; x_wconf 90' lang='lat' dir='ltr'><strong>contra</strong></span> <span class='ocrx_word' id='word_1_15' title='bbox 1851 870 1918 949; x_wconf 84' lang='lat' dir='ltr'><strong>Ar·</strong></span> 
     </span>
     <span class='ocr_line' id='line_1_3' title="bbox 327 976 1916 1113; baseline -0.004 -27"><span class='ocrx_word' id='word_1_16' title='bbox 327 976 392 1019; x_wconf 83' lang='lat'><strong>¹³⁰⁸·</strong></span> <span class='ocrx_word' id='word_1_17' title='bbox 493 1007 651 1085; x_wconf 67' lang='lat' dir='ltr'><strong>nardum</strong></span> <span class='ocrx_word' id='word_1_18' title='bbox 667 1003 881 1113; x_wconf 57' lang='lat' dir='ltr'><strong>arginusa,</strong></span> <span class='ocrx_word' id='word_1_19' title='bbox 899 1003 1076 1093; x_wconf 67' lang='lat' dir='ltr'><strong>militem,</strong></span> <span class='ocrx_word' id='word_1_20' title='bbox 1094 1020 1133 1081; x_wconf 69' lang='lat' dir='ltr'><strong>a</strong></span> <span class='ocrx_word' id='word_1_21' title='bbox 1147 1001 1334 1109; x_wconf 69' lang='lat' dir='ltr'><strong>quosaam</strong></span> <span class='ocrx_word' id='word_1_22' title='bbox 1350 1000 1459 1091; x_wconf 66' lang='lat' dir='ltr'><strong>utos,</strong></span> <span class='ocrx_word' id='word_1_23' title='bbox 1482 1000 1702 1079; x_wconf 63' lang='lat' dir='ltr'><strong>informato</strong></span> <span class='ocrx_word' id='word_1_24' title='bbox 1722 1003 1916 1081; x_wconf 58' lang='lat' dir='ltr'><strong>semmua</strong></span> 
     </span>
     <span class='ocr_line' id='line_1_4' title="bbox 494 1132 1415 1226; baseline -0.011 -9"><span class='ocrx_word' id='word_1_25' title='bbox 494 1135 764 1217; x_wconf 75' lang='lat' dir='ltr'><strong>xanctonensis</strong></span> <span class='ocrx_word' id='word_1_26' title='bbox 785 1134 883 1213; x_wconf 88' lang='lat' dir='ltr'><strong>male</strong></span> <span class='ocrx_word' id='word_1_27' title='bbox 903 1133 976 1213; x_wconf 85' lang='lat' dir='ltr'><strong>fuit</strong></span> <span class='ocrx_word' id='word_1_28' title='bbox 994 1133 1104 1226; x_wconf 84' lang='lat' dir='ltr'><strong>lacta,</strong></span> <span class='ocrx_word' id='word_1_29' title='bbox 1127 1148 1165 1211; x_wconf 89' lang='lat' dir='ltr'><strong>et</strong></span> <span class='ocrx_word' id='word_1_30' title='bbox 1183 1134 1317 1211; x_wconf 89' lang='lat' dir='ltr'><strong>iterato</strong></span> <span class='ocrx_word' id='word_1_31' title='bbox 1337 1132 1415 1211; x_wconf 83' lang='lat' dir='ltr'><strong>bct.</strong></span> 
     </span>
    </p>
   </div>
   <div class='ocr_carea' id='block_1_3' title="bbox 381 1394 1950 4918">
    <p class='ocr_par' dir='ltr' id='par_1_3' title="bbox 495 1394 1924 3081">
     <span class='ocr_line' id='line_1_5' title="bbox 551 1394 1918 1484; baseline -0.007 0"><span class='ocrx_word' id='word_1_32' title='bbox 551 1405 611 1484; x_wconf 91' lang='lat' dir='ltr'><strong>IV.</strong></span> <span class='ocrx_word' id='word_1_33' title='bbox 643 1403 741 1483; x_wconf 90' lang='lat' dir='ltr'><strong>Cum</strong></span> <span class='ocrx_word' id='word_1_34' title='bbox 752 1400 791 1477; x_wconf 92' lang='lat' dir='ltr'><strong>in</strong></span> <span class='ocrx_word' id='word_1_35' title='bbox 803 1428 911 1479; x_wconf 86' lang='lat' dir='ltr'><strong>causa</strong></span> <span class='ocrx_word' id='word_1_36' title='bbox 923 1396 1106 1477; x_wconf 71' lang='lat' dir='ltr'><strong>retractus</strong></span> <span class='ocrx_word' id='word_1_37' title='bbox 1119 1395 1368 1475; x_wconf 85' lang='lat' dir='ltr'><strong>controversia</strong></span> <span class='ocrx_word' id='word_1_38' title='bbox 1378 1410 1585 1473; x_wconf 87' lang='lat' dir='ltr'><strong>verteretur</strong></span> <span class='ocrx_word' id='word_1_39' title='bbox 1597 1395 1696 1473; x_wconf 88' lang='lat' dir='ltr'><strong>inter</strong></span> <span class='ocrx_word' id='word_1_40' title='bbox 1707 1394 1918 1475; x_wconf 89' lang='lat' dir='ltr'><strong>Guillotum</strong></span> 
     </span>
     <span class='ocr_line' id='line_1_6' title="bbox 495 1526 1921 1645; baseline -0.006 -34"><span class='ocrx_word' id='word_1_41' title='bbox 495 1537 531 1612; x_wconf 90' lang='lat' dir='ltr'><strong>le</strong></span> <span class='ocrx_word' id='word_1_42' title='bbox 553 1534 651 1623; x_wconf 81' lang='lat' dir='ltr'><strong>Col,</strong></span> <span class='ocrx_word' id='word_1_43' title='bbox 673 1562 761 1611; x_wconf 89' lang='lat' dir='ltr'><strong>cnm</strong></span> <span class='ocrx_word' id='word_1_44' title='bbox 780 1530 1002 1645; x_wconf 83' lang='lat' dir='ltr'><strong>auctoritate</strong></span> <span class='ocrx_word' id='word_1_45' title='bbox 1027 1530 1165 1609; x_wconf 88' lang='lat' dir='ltr'><strong>tutoris</strong></span> <span class='ocrx_word' id='word_1_46' title='bbox 1186 1558 1256 1607; x_wconf 89' lang='lat' dir='ltr'><strong>seu</strong></span> <span class='ocrx_word' id='word_1_47' title='bbox 1279 1526 1460 1605; x_wconf 83' lang='lat' dir='ltr'><strong>curatoris</strong></span> <span class='ocrx_word' id='word_1_48' title='bbox 1485 1526 1562 1617; x_wconf 86' lang='lat' dir='ltr'><strong>sui,</strong></span> <span class='ocrx_word' id='word_1_49' title='bbox 1584 1554 1628 1604; x_wconf 84' lang='lat' dir='ltr'><strong>ex</strong></span> <span class='ocrx_word' id='word_1_50' title='bbox 1647 1556 1723 1603; x_wconf 85' lang='lat' dir='ltr'><strong>una</strong></span> <span class='ocrx_word' id='word_1_51' title='bbox 1742 1545 1863 1633; x_wconf 85' lang='lat' dir='ltr'><strong>parte,</strong></span> <span class='ocrx_word' id='word_1_52' title='bbox 1884 1544 1921 1603; x_wconf 89' lang='lat' dir='ltr'><strong>et</strong></span> 
     </span>
     <span class='ocr_line' id='line_1_7' title="bbox 495 1660 1919 1773; baseline -0.004 -30"><span class='ocrx_word' id='word_1_53' title='bbox 495 1667 650 1745; x_wconf 88' lang='lat' dir='ltr'><strong>Petrum</strong></span> <span class='ocrx_word' id='word_1_54' title='bbox 666 1666 714 1743; x_wconf 95' lang='lat' dir='ltr'><strong>de</strong></span> <span class='ocrx_word' id='word_1_55' title='bbox 734 1666 871 1743; x_wconf 86' lang='lat' dir='ltr'><strong>Damas</strong></span> <span class='ocrx_word' id='word_1_56' title='bbox 886 1682 925 1743; x_wconf 91' lang='lat' dir='ltr'><strong>et</strong></span> <span class='ocrx_word' id='word_1_57' title='bbox 939 1662 1139 1773; x_wconf 69' lang='lat' dir='ltr'><strong>Agamem,</strong></span> <span class='ocrx_word' id='word_1_58' title='bbox 1161 1661 1242 1769; x_wconf 83' lang='lat' dir='ltr'><strong>ejus</strong></span> <span class='ocrx_word' id='word_1_59' title='bbox 1257 1690 1430 1751; x_wconf 82' lang='lat' dir='ltr'><strong>uxorem,</strong></span> <span class='ocrx_word' id='word_1_60' title='bbox 1447 1689 1491 1737; x_wconf 79' lang='lat' dir='ltr'><strong>er</strong></span> <span class='ocrx_word' id='word_1_61' title='bbox 1502 1660 1592 1751; x_wconf 88' lang='lat' dir='ltr'><strong>alia,</strong></span> <span class='ocrx_word' id='word_1_62' title='bbox 1610 1688 1735 1737; x_wconf 83' lang='lat' dir='ltr'><strong>coram</strong></span> <span class='ocrx_word' id='word_1_63' title='bbox 1751 1660 1919 1738; x_wconf 78' lang='lat' dir='ltr'><strong>iohanne</strong></span> 
     </span>
     <span class='ocr_line' id='line_1_8' title="bbox 498 1791 1922 1899; baseline -0.004 -25"><span class='ocrx_word' id='word_1_64' title='bbox 498 1798 533 1875; x_wconf 89' lang='lat' dir='ltr'><strong>le</strong></span> <span class='ocrx_word' id='word_1_65' title='bbox 557 1796 771 1885; x_wconf 87' lang='lat' dir='ltr'><strong>Cochetier,</strong></span> <span class='ocrx_word' id='word_1_66' title='bbox 792 1814 945 1875; x_wconf 80' lang='lat' dir='ltr'><strong>tenente</strong></span> <span class='ocrx_word' id='word_1_67' title='bbox 965 1795 1109 1885; x_wconf 90' lang='lat' dir='ltr'><strong>locum,</strong></span> <span class='ocrx_word' id='word_1_68' title='bbox 1133 1822 1202 1871; x_wconf 90' lang='lat' dir='ltr'><strong>seu</strong></span> <span class='ocrx_word' id='word_1_69' title='bbox 1221 1793 1363 1871; x_wconf 89' lang='lat' dir='ltr'><strong>curiam</strong></span> <span class='ocrx_word' id='word_1_70' title='bbox 1385 1820 1625 1871; x_wconf 85' lang='lat' dir='ltr'><strong>communem</strong></span> <span class='ocrx_word' id='word_1_71' title='bbox 1645 1818 1715 1899; x_wconf 93' lang='lat' dir='ltr'><strong>pro</strong></span> <span class='ocrx_word' id='word_1_72' title='bbox 1735 1791 1862 1897; x_wconf 86' lang='lat' dir='ltr'><strong>priore</strong></span> <span class='ocrx_word' id='word_1_73' title='bbox 1885 1808 1922 1869; x_wconf 91' lang='lat' dir='ltr'><strong>et</strong></span> 
     </span>
     <span class='ocr_line' id='line_1_9' title="bbox 500 1922 1920 2034; baseline -0.005 -27"><span class='ocrx_word' id='word_1_74' title='bbox 500 1946 687 2007; x_wconf 87' lang='lat' dir='ltr'><strong>conventu</strong></span> <span class='ocrx_word' id='word_1_75' title='bbox 709 1924 1390 2034; x_wconf 82' lang='lat' dir='ltr'><strong>Sancti-Martini·juxta-Pontisaram,</strong></span> <span class='ocrx_word' id='word_1_76' title='bbox 1409 1924 1594 2003; x_wconf 84' lang='lat' dir='ltr'><strong>abbatissa</strong></span> <span class='ocrx_word' id='word_1_77' title='bbox 1613 1940 1653 2001; x_wconf 88' lang='lat' dir='ltr'><strong>et</strong></span> <span class='ocrx_word' id='word_1_78' title='bbox 1667 1942 1855 2003; x_wconf 88' lang='lat' dir='ltr'><strong>conventu</strong></span> <span class='ocrx_word' id='word_1_79' title='bbox 1874 1922 1920 2001; x_wconf 85' lang='lat' dir='ltr'><strong>de</strong></span> 
     </span>
     <span class='ocr_line' id='line_1_10' title="bbox 500 2053 1920 2165; baseline -0.004 -28"><span class='ocrx_word' id='word_1_80' title='bbox 500 2060 748 2137; x_wconf 86' lang='lat' dir='ltr'><strong>Maubuisson</strong></span> <span class='ocrx_word' id='word_1_81' title='bbox 775 2076 814 2136; x_wconf 90' lang='lat' dir='ltr'><strong>et</strong></span> <span class='ocrx_word' id='word_1_82' title='bbox 836 2056 963 2165; x_wconf 90' lang='lat' dir='ltr'><strong>priore</strong></span> <span class='ocrx_word' id='word_1_83' title='bbox 987 2056 1112 2135; x_wconf 85' lang='lat' dir='ltr'><strong>Sancti</strong></span> <span class='ocrx_word' id='word_1_84' title='bbox 1138 2055 1237 2133; x_wconf 86' lang='lat' dir='ltr'><strong>Petri</strong></span> <span class='ocrx_word' id='word_1_85' title='bbox 1264 2054 1311 2133; x_wconf 91' lang='lat' dir='ltr'><strong>de</strong></span> <span class='ocrx_word' id='word_1_86' title='bbox 1336 2055 1528 2133; x_wconf 87' lang='lat' dir='ltr'><strong>Pontiaara</strong></span> <span class='ocrx_word' id='word_1_87' title='bbox 1548 2082 1589 2131; x_wconf 86' lang='lat' dir='ltr'><strong>ac</strong></span> <span class='ocrx_word' id='word_1_88' title='bbox 1609 2054 1800 2160; x_wconf 84' lang='lat' dir='ltr'><strong>Stephano</strong></span> <span class='ocrx_word' id='word_1_89' title='bbox 1823 2053 1920 2131; x_wconf 84' lang='lat' dir='ltr'><strong>dieto</strong></span> 
     </span>
     <span class='ocr_line' id='line_1_11' title="bbox 501 2182 1921 2294; baseline -0.006 -25"><span class='ocrx_word' id='word_1_90' title='bbox 501 2189 714 2281; x_wconf 88' lang='lat' dir='ltr'><strong>Loumelle,</strong></span> <span class='ocrx_word' id='word_1_91' title='bbox 740 2187 970 2266; x_wconf 83' lang='lat' dir='ltr'><strong>habentibus</strong></span> <span class='ocrx_word' id='word_1_92' title='bbox 992 2216 1061 2293; x_wconf 95' lang='lat' dir='ltr'><strong>pro</strong></span> <span class='ocrx_word' id='word_1_93' title='bbox 1088 2186 1247 2265; x_wconf 84' lang='lat' dir='ltr'><strong>indiviso</strong></span> <span class='ocrx_word' id='word_1_94' title='bbox 1268 2184 1572 2294; x_wconf 88' lang='lat' dir='ltr'><strong>jurisdictionem</strong></span> <span class='ocrx_word' id='word_1_95' title='bbox 1600 2183 1640 2260; x_wconf 87' lang='lat' dir='ltr'><strong>in</strong></span> <span class='ocrx_word' id='word_1_96' title='bbox 1664 2183 1749 2277; x_wconf 81' lang='lat' dir='ltr'><strong>loco</strong></span> <span class='ocrx_word' id='word_1_97' title='bbox 1771 2182 1840 2261; x_wconf 90' lang='lat' dir='ltr'><strong>ubi</strong></span> <span class='ocrx_word' id='word_1_98' title='bbox 1864 2212 1921 2263; x_wconf 87' lang='lat' dir='ltr'><strong>res</strong></span> 
     </span>
     <span class='ocr_line' id='line_1_12' title="bbox 502 2313 1922 2427; baseline -0.003 -32"><span class='ocrx_word' id='word_1_99' title='bbox 502 2322 602 2398; x_wconf 90' lang='lat' dir='ltr'><strong>inter</strong></span> <span class='ocrx_word' id='word_1_100' title='bbox 616 2321 732 2399; x_wconf 88' lang='lat' dir='ltr'><strong>dictas</strong></span> <span class='ocrx_word' id='word_1_101' title='bbox 747 2337 871 2427; x_wconf 84' lang='lat' dir='ltr'><strong>partes</strong></span> <span class='ocrx_word' id='word_1_102' title='bbox 889 2319 1127 2397; x_wconf 74' lang='lat' dir='ltr'><strong>contensiose</strong></span> <span class='ocrx_word' id='word_1_103' title='bbox 1142 2334 1230 2397; x_wconf 90' lang='lat' dir='ltr'><strong>snnt</strong></span> <span class='ocrx_word' id='word_1_104' title='bbox 1242 2318 1394 2407; x_wconf 85' lang='lat' dir='ltr'><strong>situata,</strong></span> <span class='ocrx_word' id='word_1_105' title='bbox 1409 2342 1523 2422; x_wconf 90' lang='lat' dir='ltr'><strong>super</strong></span> <span class='ocrx_word' id='word_1_106' title='bbox 1538 2342 1585 2393; x_wconf 87' lang='lat' dir='ltr'><strong>eo</strong></span> <span class='ocrx_word' id='word_1_107' title='bbox 1596 2313 1702 2421; x_wconf 91' lang='lat' dir='ltr'><strong>qnod</strong></span> <span class='ocrx_word' id='word_1_108' title='bbox 1716 2314 1841 2393; x_wconf 80' lang='lat' dir='ltr'><strong>dictata</strong></span> <span class='ocrx_word' id='word_1_109' title='bbox 1855 2315 1922 2392; x_wconf 90' lang='lat' dir='ltr'><strong>mi-</strong></span> 
     </span>
     <span class='ocr_line' id='line_1_13' title="bbox 502 2443 1921 2556; baseline -0.004 -29"><span class='ocrx_word' id='word_1_110' title='bbox 502 2479 583 2541; x_wconf 90' lang='lat' dir='ltr'><strong>nor,</strong></span> <span class='ocrx_word' id='word_1_111' title='bbox 601 2481 688 2528; x_wconf 90' lang='lat' dir='ltr'><strong>cum</strong></span> <span class='ocrx_word' id='word_1_112' title='bbox 703 2450 923 2529; x_wconf 89' lang='lat' dir='ltr'><strong>auctoritate</strong></span> <span class='ocrx_word' id='word_1_113' title='bbox 937 2449 1124 2556; x_wconf 84' lang='lat' dir='ltr'><strong>predicta,</strong></span> <span class='ocrx_word' id='word_1_114' title='bbox 1142 2446 1294 2555; x_wconf 88' lang='lat' dir='ltr'><strong>petebat</strong></span> <span class='ocrx_word' id='word_1_115' title='bbox 1312 2445 1494 2553; x_wconf 88' lang='lat' dir='ltr'><strong>quasdam</strong></span> <span class='ocrx_word' id='word_1_116' title='bbox 1514 2472 1575 2523; x_wconf 88' lang='lat' dir='ltr'><strong>res</strong></span> <span class='ocrx_word' id='word_1_117' title='bbox 1595 2443 1817 2531; x_wconf 85' lang='lat' dir='ltr'><strong>inmobiles,</strong></span> <span class='ocrx_word' id='word_1_118' title='bbox 1833 2473 1921 2551; x_wconf 84' lang='lat' dir='ltr'><strong>quas</strong></span> 
     </span>
     <span class='ocr_line' id='line_1_14' title="bbox 503 2576 1919 2690; baseline -0.003 -31"><span class='ocrx_word' id='word_1_119' title='bbox 503 2582 601 2660; x_wconf 87' lang='lat' dir='ltr'><strong>dicta</strong></span> <span class='ocrx_word' id='word_1_120' title='bbox 617 2582 739 2690; x_wconf 82' lang='lat' dir='ltr'><strong>Agnes</strong></span> <span class='ocrx_word' id='word_1_121' title='bbox 756 2598 898 2660; x_wconf 89' lang='lat' dir='ltr'><strong>emerat</strong></span> <span class='ocrx_word' id='word_1_122' title='bbox 912 2582 959 2659; x_wconf 92' lang='lat' dir='ltr'><strong>ab</strong></span> <span class='ocrx_word' id='word_1_123' title='bbox 980 2581 1108 2657; x_wconf 88' lang='lat' dir='ltr'><strong>amitta</strong></span> <span class='ocrx_word' id='word_1_124' title='bbox 1128 2578 1218 2656; x_wconf 87' lang='lat' dir='ltr'><strong>dicti</strong></span> <span class='ocrx_word' id='word_1_125' title='bbox 1237 2578 1411 2670; x_wconf 89' lang='lat' dir='ltr'><strong>minoris,</strong></span> <span class='ocrx_word' id='word_1_126' title='bbox 1433 2593 1627 2655; x_wconf 88' lang='lat' dir='ltr'><strong>moventes</strong></span> <span class='ocrx_word' id='word_1_127' title='bbox 1643 2604 1687 2654; x_wconf 81' lang='lat' dir='ltr'><strong>er</strong></span> <span class='ocrx_word' id='word_1_128' title='bbox 1703 2576 1819 2655; x_wconf 86' lang='lat' dir='ltr'><strong>latere</strong></span> <span class='ocrx_word' id='word_1_129' title='bbox 1837 2606 1919 2664; x_wconf 89' lang='lat' dir='ltr'><strong>suo,</strong></span> 
     </span>
     <span class='ocr_line' id='line_1_15' title="bbox 503 2709 1921 2818; baseline -0.004 -27"><span class='ocrx_word' id='word_1_130' title='bbox 503 2714 781 2791; x_wconf 83' lang='lat' dir='ltr'><strong>offerendosibi</strong></span> <span class='ocrx_word' id='word_1_131' title='bbox 793 2712 891 2790; x_wconf 83' lang='lat' dir='ltr'><strong>inira</strong></span> <span class='ocrx_word' id='word_1_132' title='bbox 904 2729 1056 2818; x_wconf 92' lang='lat' dir='ltr'><strong>tempus</strong></span> <span class='ocrx_word' id='word_1_133' title='bbox 1068 2709 1258 2787; x_wconf 90' lang='lat' dir='ltr'><strong>sufficiens</strong></span> <span class='ocrx_word' id='word_1_134' title='bbox 1271 2710 1470 2816; x_wconf 89' lang='lat' dir='ltr'><strong>pecuniam</strong></span> <span class='ocrx_word' id='word_1_135' title='bbox 1483 2736 1549 2786; x_wconf 89' lang='lat' dir='ltr'><strong>seu</strong></span> <span class='ocrx_word' id='word_1_136' title='bbox 1562 2709 1731 2816; x_wconf 85' lang='lat' dir='ltr'><strong>precium</strong></span> <span class='ocrx_word' id='word_1_137' title='bbox 1740 2709 1921 2787; x_wconf 85' lang='lat' dir='ltr'><strong>dictarum</strong></span> 
     </span>
     <span class='ocr_line' id='line_1_16' title="bbox 503 2838 1923 2949; baseline -0.004 -27"><span class='ocrx_word' id='word_1_138' title='bbox 503 2872 632 2922; x_wconf 87' lang='lat' dir='ltr'><strong>rerum</strong></span> <span class='ocrx_word' id='word_1_139' title='bbox 647 2861 880 2949; x_wconf 79' lang='lat' dir='ltr'><strong>emptarum3</strong></span> <span class='ocrx_word' id='word_1_140' title='bbox 896 2870 1012 2949; x_wconf 83' lang='lat' dir='ltr'><strong>quare</strong></span> <span class='ocrx_word' id='word_1_141' title='bbox 1027 2838 1181 2948; x_wconf 89' lang='lat' dir='ltr'><strong>petebat</strong></span> <span class='ocrx_word' id='word_1_142' title='bbox 1194 2840 1311 2918; x_wconf 88' lang='lat' dir='ltr'><strong>dictas</strong></span> <span class='ocrx_word' id='word_1_143' title='bbox 1328 2868 1389 2917; x_wconf 89' lang='lat' dir='ltr'><strong>res</strong></span> <span class='ocrx_word' id='word_1_144' title='bbox 1408 2839 1480 2917; x_wconf 92' lang='lat' dir='ltr'><strong>sibi</strong></span> <span class='ocrx_word' id='word_1_145' title='bbox 1500 2838 1719 2927; x_wconf 82' lang='lat' dir='ltr'><strong>deliberari,</strong></span> <span class='ocrx_word' id='word_1_146' title='bbox 1734 2857 1923 2948; x_wconf 85' lang='lat' dir='ltr'><strong>tamquam</strong></span> 
     </span>
     <span class='ocr_line' id='line_1_17' title="bbox 503 2970 1924 3081; baseline -0.001 -30"><span class='ocrx_word' id='word_1_147' title='bbox 503 2974 723 3081; x_wconf 84' lang='lat' dir='ltr'><strong>proximiori</strong></span> <span class='ocrx_word' id='word_1_148' title='bbox 747 2972 795 3049; x_wconf 92' lang='lat' dir='ltr'><strong>de</strong></span> <span class='ocrx_word' id='word_1_149' title='bbox 821 3001 958 3080; x_wconf 89' lang='lat' dir='ltr'><strong>genere</strong></span> <span class='ocrx_word' id='word_1_150' title='bbox 985 2971 1199 3078; x_wconf 82' lang='lat' dir='ltr'><strong>apparenti,</strong></span> <span class='ocrx_word' id='word_1_151' title='bbox 1220 2988 1325 3077; x_wconf 83' lang='lat' dir='ltr'><strong>parte</strong></span> <span class='ocrx_word' id='word_1_152' title='bbox 1344 2970 1496 3049; x_wconf 86' lang='lat' dir='ltr'><strong>adversa</strong></span> <span class='ocrx_word' id='word_1_153' title='bbox 1515 2970 1554 3047; x_wconf 92' lang='lat' dir='ltr'><strong>in</strong></span> <span class='ocrx_word' id='word_1_154' title='bbox 1580 2972 1810 3049; x_wconf 71' lang='lat' dir='ltr'><strong>scunarium</strong></span> <span class='ocrx_word' id='word_1_155' title='bbox 1831 2999 1924 3050; x_wconf 72' lang='lat' dir='ltr'><strong>asse</strong></span> 
     </span>
    </p>

    <p class='ocr_par' dir='ltr' id='par_1_4' title="bbox 381 3101 1950 4652">
     <span class='ocr_line' id='line_1_18' title="bbox 381 3101 1924 3211; baseline -0.001 -28"><span class='ocrx_word' id='word_1_156' title='bbox 381 3112 390 3123; x_wconf 81' lang='lat'><em>&#39;</em></span> <span class='ocrx_word' id='word_1_157' title='bbox 505 3122 629 3193; x_wconf 86' lang='lat' dir='ltr'><strong>rente,</strong></span> <span class='ocrx_word' id='word_1_158' title='bbox 648 3122 685 3183; x_wconf 88' lang='lat' dir='ltr'><strong>et</strong></span> <span class='ocrx_word' id='word_1_159' title='bbox 702 3122 955 3211; x_wconf 87' lang='lat' dir='ltr'><strong>proponente,</strong></span> <span class='ocrx_word' id='word_1_160' title='bbox 977 3103 1108 3180; x_wconf 89' lang='lat' dir='ltr'><strong>multis</strong></span> <span class='ocrx_word' id='word_1_161' title='bbox 1128 3101 1361 3193; x_wconf 75' lang='lat' dir='ltr'><strong>nacionibus,</strong></span> <span class='ocrx_word' id='word_1_162' title='bbox 1382 3102 1525 3181; x_wconf 90' lang='lat' dir='ltr'><strong>dictum</strong></span> <span class='ocrx_word' id='word_1_163' title='bbox 1545 3103 1733 3181; x_wconf 85' lang='lat' dir='ltr'><strong>minorem</strong></span> <span class='ocrx_word' id='word_1_164' title='bbox 1746 3129 1825 3179; x_wconf 91' lang='lat' dir='ltr'><strong>non</strong></span> <span class='ocrx_word' id='word_1_165' title='bbox 1847 3130 1924 3181; x_wconf 86' lang='lat' dir='ltr'><strong>esse</strong></span> 
     </span>
     <span class='ocr_line' id='line_1_19' title="bbox 505 3234 1925 3343; baseline -0.001 -30"><span class='ocrx_word' id='word_1_166' title='bbox 505 3237 554 3314; x_wconf 88' lang='lat' dir='ltr'><strong>ad</strong></span> <span class='ocrx_word' id='word_1_167' title='bbox 574 3236 714 3313; x_wconf 88' lang='lat' dir='ltr'><strong>dictam</strong></span> <span class='ocrx_word' id='word_1_168' title='bbox 730 3236 996 3313; x_wconf 88' lang='lat' dir='ltr'><strong>retractionem</strong></span> <span class='ocrx_word' id='word_1_169' title='bbox 1013 3234 1314 3327; x_wconf 87' lang='lat' dir='ltr'><strong>admittendum,</strong></span> <span class='ocrx_word' id='word_1_170' title='bbox 1332 3252 1370 3313; x_wconf 86' lang='lat' dir='ltr'><strong>et</strong></span> <span class='ocrx_word' id='word_1_171' title='bbox 1383 3234 1507 3311; x_wconf 87' lang='lat' dir='ltr'><strong>&#39;dictos</strong></span> <span class='ocrx_word' id='word_1_172' title='bbox 1520 3235 1792 3343; x_wconf 81' lang='lat' dir='ltr'><strong>conjugesuon</strong></span> <span class='ocrx_word' id='word_1_173' title='bbox 1806 3234 1925 3311; x_wconf 88' lang='lat' dir='ltr'><strong>teneri</strong></span> 
     </span>
     <span class='ocr_line' id='line_1_20' title="bbox 504 3364 1924 3475; baseline -0.003 -30"><span class='ocrx_word' id='word_1_174' title='bbox 504 3367 733 3475; x_wconf 87' lang='lat' dir='ltr'><strong>respondere</strong></span> <span class='ocrx_word' id='word_1_175' title='bbox 748 3366 928 3474; x_wconf 87' lang='lat' dir='ltr'><strong>peticioni</strong></span> <span class='ocrx_word' id='word_1_176' title='bbox 951 3366 1137 3473; x_wconf 88' lang='lat' dir='ltr'><strong>predicte;</strong></span> <span class='ocrx_word' id='word_1_177' title='bbox 1159 3366 1224 3473; x_wconf 93' lang='lat' dir='ltr'><strong>qui</strong></span> <span class='ocrx_word' id='word_1_178' title='bbox 1241 3365 1365 3443; x_wconf 90' lang='lat' dir='ltr'><strong>dictus</strong></span> <span class='ocrx_word' id='word_1_179' title='bbox 1381 3382 1516 3445; x_wconf 88' lang='lat' dir='ltr'><strong>tenens</strong></span> <span class='ocrx_word' id='word_1_180' title='bbox 1535 3364 1677 3454; x_wconf 90' lang='lat' dir='ltr'><strong>locum,</strong></span> <span class='ocrx_word' id='word_1_181' title='bbox 1698 3392 1766 3442; x_wconf 89' lang='lat' dir='ltr'><strong>seu</strong></span> <span class='ocrx_word' id='word_1_182' title='bbox 1783 3365 1924 3443; x_wconf 87' lang='lat' dir='ltr'><strong>curiam</strong></span> 
     </span>
     <span class='ocr_line' id='line_1_21' title="bbox 505 3496 1925 3603; baseline -0.002 -28"><span class='ocrx_word' id='word_1_183' title='bbox 505 3500 694 3577; x_wconf 91' lang='lat' dir='ltr'><strong>dictorum</strong></span> <span class='ocrx_word' id='word_1_184' title='bbox 710 3500 970 3589; x_wconf 89' lang='lat' dir='ltr'><strong>dominorum,</strong></span> <span class='ocrx_word' id='word_1_185' title='bbox 991 3498 1130 3575; x_wconf 86' lang='lat' dir='ltr'><strong>auditis</strong></span> <span class='ocrx_word' id='word_1_186' title='bbox 1148 3497 1364 3575; x_wconf 88' lang='lat' dir='ltr'><strong>racionibus</strong></span> <span class='ocrx_word' id='word_1_187' title='bbox 1381 3498 1471 3575; x_wconf 91' lang='lat' dir='ltr'><strong>binc</strong></span> <span class='ocrx_word' id='word_1_188' title='bbox 1489 3498 1593 3589; x_wconf 88' lang='lat' dir='ltr'><strong>inde,</strong></span> <span class='ocrx_word' id='word_1_189' title='bbox 1613 3525 1681 3603; x_wconf 88' lang='lat' dir='ltr'><strong>per</strong></span> <span class='ocrx_word' id='word_1_190' title='bbox 1700 3525 1813 3575; x_wconf 87' lang='lat' dir='ltr'><strong>suum</strong></span> <span class='ocrx_word' id='word_1_191' title='bbox 1824 3496 1925 3602; x_wconf 89' lang='lat' dir='ltr'><strong>judi·</strong></span> 
     </span>
     <span class='ocr_line' id='line_1_22' title="bbox 505 3626 1926 3737; baseline -0.004 -30"><span class='ocrx_word' id='word_1_192' title='bbox 505 3631 605 3715; x_wconf 78' lang='lat' dir='ltr'><strong>cium</strong></span> <span class='ocrx_word' id='word_1_193' title='bbox 627 3631 889 3735; x_wconf 86' lang='lat' dir='ltr'><strong>pronunciavit</strong></span> <span class='ocrx_word' id='word_1_194' title='bbox 907 3630 1028 3707; x_wconf 88' lang='lat' dir='ltr'><strong>dictos</strong></span> <span class='ocrx_word' id='word_1_195' title='bbox 1047 3629 1226 3737; x_wconf 86' lang='lat' dir='ltr'><strong>conjuges</strong></span> <span class='ocrx_word' id='word_1_196' title='bbox 1253 3658 1332 3707; x_wconf 90' lang='lat' dir='ltr'><strong>non</strong></span> <span class='ocrx_word' id='word_1_197' title='bbox 1350 3630 1471 3707; x_wconf 83' lang='lat' dir='ltr'><strong>teneri</strong></span> <span class='ocrx_word' id='word_1_198' title='bbox 1497 3627 1728 3736; x_wconf 88' lang='lat' dir='ltr'><strong>respondere</strong></span> <span class='ocrx_word' id='word_1_199' title='bbox 1746 3626 1926 3733; x_wconf 88' lang='lat' dir='ltr'><strong>peticioni</strong></span> 
     </span>
     <span class='ocr_line' id='line_1_23' title="bbox 505 3758 1927 3867; baseline -0.002 -29"><span class='ocrx_word' id='word_1_200' title='bbox 505 3761 597 3838; x_wconf 88' lang='lat' dir='ltr'><strong>dieti</strong></span> <span class='ocrx_word' id='word_1_201' title='bbox 612 3761 784 3852; x_wconf 87' lang='lat' dir='ltr'><strong>minoris,</strong></span> <span class='ocrx_word' id='word_1_202' title='bbox 801 3762 922 3839; x_wconf 89' lang='lat' dir='ltr'><strong>immo</strong></span> <span class='ocrx_word' id='word_1_203' title='bbox 932 3789 998 3839; x_wconf 92' lang='lat' dir='ltr'><strong>eos</strong></span> <span class='ocrx_word' id='word_1_204' title='bbox 1011 3761 1151 3838; x_wconf 88' lang='lat' dir='ltr'><strong>debere</strong></span> <span class='ocrx_word' id='word_1_205' title='bbox 1167 3762 1344 3838; x_wconf 87' lang='lat' dir='ltr'><strong>recedere</strong></span> <span class='ocrx_word' id='word_1_206' title='bbox 1361 3762 1441 3838; x_wconf 87' lang='lat' dir='ltr'><strong>sine</strong></span> <span class='ocrx_word' id='word_1_207' title='bbox 1456 3760 1534 3849; x_wconf 90' lang='lat' dir='ltr'><strong>die,</strong></span> <span class='ocrx_word' id='word_1_208' title='bbox 1550 3778 1741 3867; x_wconf 87' lang='lat' dir='ltr'><strong>tamquam</strong></span> <span class='ocrx_word' id='word_1_209' title='bbox 1753 3758 1927 3865; x_wconf 84' lang='lat' dir='ltr'><strong>deadjor-</strong></span> 
     </span>
     <span class='ocr_line' id='line_1_24' title="bbox 506 3889 1950 3999; baseline -0.001 -32"><span class='ocrx_word' id='word_1_210' title='bbox 506 3908 635 3981; x_wconf 79' lang='lat' dir='ltr'><strong>nat0s3</strong></span> <span class='ocrx_word' id='word_1_211' title='bbox 656 3920 678 3965; x_wconf 87' lang='lat' dir='ltr'><strong>a</strong></span> <span class='ocrx_word' id='word_1_212' title='bbox 701 3919 777 3997; x_wconf 88' lang='lat' dir='ltr'><strong>quo</strong></span> <span class='ocrx_word' id='word_1_213' title='bbox 794 3891 979 3999; x_wconf 87' lang='lat' dir='ltr'><strong>judicato,</strong></span> <span class='ocrx_word' id='word_1_214' title='bbox 995 3908 1190 3997; x_wconf 76' lang='lat' dir='ltr'><strong>mmquam</strong></span> <span class='ocrx_word' id='word_1_215' title='bbox 1207 3890 1299 3970; x_wconf 81' lang='lat' dir='ltr'><strong>falso</strong></span> <span class='ocrx_word' id='word_1_216' title='bbox 1313 3908 1352 3968; x_wconf 92' lang='lat' dir='ltr'><strong>et</strong></span> <span class='ocrx_word' id='word_1_217' title='bbox 1364 3919 1490 3998; x_wconf 87' lang='lat' dir='ltr'><strong>pravo,</strong></span> <span class='ocrx_word' id='word_1_218' title='bbox 1511 3891 1633 3969; x_wconf 86' lang='lat' dir='ltr'><strong>dictus</strong></span> <span class='ocrx_word' id='word_1_219' title='bbox 1645 3891 1772 3969; x_wconf 90' lang='lat' dir='ltr'><strong>minor</strong></span> <span class='ocrx_word' id='word_1_220' title='bbox 1782 3889 1833 3966; x_wconf 91' lang='lat' dir='ltr'><strong>ad</strong></span> <span class='ocrx_word' id='word_1_221' title='bbox 1845 3916 1925 3965; x_wconf 79' lang='lat' dir='ltr'><strong>nos</strong></span> <span class='ocrx_word' id='word_1_222' title='bbox 1940 3891 1950 3899; x_wconf 85' lang='grc'><em>“</em></span> 
     </span>
     <span class='ocr_line' id='line_1_25' title="bbox 505 4019 1923 4130; baseline -0.001 -33"><span class='ocrx_word' id='word_1_223' title='bbox 505 4038 602 4097; x_wconf 88' lang='lat' dir='ltr'><strong>tram</strong></span> <span class='ocrx_word' id='word_1_224' title='bbox 629 4021 771 4098; x_wconf 90' lang='lat' dir='ltr'><strong>curiam</strong></span> <span class='ocrx_word' id='word_1_225' title='bbox 795 4022 1018 4130; x_wconf 85' lang='lat' dir='ltr'><strong>appellavit:</strong></span> <span class='ocrx_word' id='word_1_226' title='bbox 1042 4023 1230 4114; x_wconf 86' lang='lat' dir='ltr'><strong>Tandem,</strong></span> <span class='ocrx_word' id='word_1_227' title='bbox 1248 4024 1420 4129; x_wconf 84' lang='lat' dir='ltr'><strong>inquesta</strong></span> <span class='ocrx_word' id='word_1_228' title='bbox 1434 4050 1548 4130; x_wconf 89' lang='lat' dir='ltr'><strong>super</strong></span> <span class='ocrx_word' id='word_1_229' title='bbox 1571 4023 1646 4101; x_wconf 88' lang='lat' dir='ltr'><strong>hoc</strong></span> <span class='ocrx_word' id='word_1_230' title='bbox 1673 4023 1720 4100; x_wconf 86' lang='lat' dir='ltr'><strong>dc</strong></span> <span class='ocrx_word' id='word_1_231' title='bbox 1744 4019 1923 4097; x_wconf 88' lang='lat' dir='ltr'><strong>mandato</strong></span> 
     </span>
     <span class='ocr_line' id='line_1_26' title="bbox 505 4152 1924 4263; baseline -0.001 -34"><span class='ocrx_word' id='word_1_232' title='bbox 505 4169 634 4230; x_wconf 87' lang='lat' dir='ltr'><strong>nostro</strong></span> <span class='ocrx_word' id='word_1_233' title='bbox 646 4152 756 4244; x_wconf 74' lang='lat' dir='ltr'><strong>laem,</strong></span> <span class='ocrx_word' id='word_1_234' title='bbox 771 4156 847 4232; x_wconf 87' lang='lat' dir='ltr'><strong>visa</strong></span> <span class='ocrx_word' id='word_1_235' title='bbox 861 4172 900 4232; x_wconf 89' lang='lat' dir='ltr'><strong>et</strong></span> <span class='ocrx_word' id='word_1_236' title='bbox 912 4153 1113 4263; x_wconf 86' lang='lat' dir='ltr'><strong>diligenter</strong></span> <span class='ocrx_word' id='word_1_237' title='bbox 1131 4155 1313 4261; x_wconf 88' lang='lat' dir='ltr'><strong>inspecta,</strong></span> <span class='ocrx_word' id='word_1_238' title='bbox 1329 4155 1620 4259; x_wconf 85' lang='lat' dir='ltr'><strong>pronunciatum</strong></span> <span class='ocrx_word' id='word_1_239' title='bbox 1633 4152 1722 4244; x_wconf 81' lang='lat' dir='ltr'><strong>fuit,</strong></span> <span class='ocrx_word' id='word_1_240' title='bbox 1734 4178 1802 4258; x_wconf 88' lang='lat' dir='ltr'><strong>per</strong></span> <span class='ocrx_word' id='word_1_241' title='bbox 1821 4152 1924 4242; x_wconf 84' lang='lat' dir='ltr'><strong>curie</strong></span> 
     </span>
     <span class='ocr_line' id='line_1_27' title="bbox 505 4282 1923 4392; baseline 0.001 -34"><span class='ocrx_word' id='word_1_242' title='bbox 505 4300 632 4361; x_wconf 85' lang='lat' dir='ltr'><strong>nostre</strong></span> <span class='ocrx_word' id='word_1_243' title='bbox 645 4284 851 4390; x_wconf 87' lang='lat' dir='ltr'><strong>judicium,</strong></span> <span class='ocrx_word' id='word_1_244' title='bbox 871 4285 1015 4363; x_wconf 93' lang='lat' dir='ltr'><strong>dictum</strong></span> <span class='ocrx_word' id='word_1_245' title='bbox 1034 4284 1161 4363; x_wconf 90' lang='lat' dir='ltr'><strong>locum</strong></span> <span class='ocrx_word' id='word_1_246' title='bbox 1181 4301 1375 4361; x_wconf 89' lang='lat' dir='ltr'><strong>tenentem</strong></span> <span class='ocrx_word' id='word_1_247' title='bbox 1389 4284 1486 4362; x_wconf 90' lang='lat' dir='ltr'><strong>male</strong></span> <span class='ocrx_word' id='word_1_248' title='bbox 1500 4284 1706 4392; x_wconf 84' lang='lat' dir='ltr'><strong>judicasse,</strong></span> <span class='ocrx_word' id='word_1_249' title='bbox 1725 4299 1764 4359; x_wconf 87' lang='lat' dir='ltr'><strong>et</strong></span> <span class='ocrx_word' id='word_1_250' title='bbox 1780 4282 1923 4359; x_wconf 84' lang='lat' dir='ltr'><strong>dictum</strong></span> 
     </span>
     <span class='ocr_line' id='line_1_28' title="bbox 505 4412 1924 4525; baseline 0.001 -36"><span class='ocrx_word' id='word_1_251' title='bbox 505 4415 693 4493; x_wconf 91' lang='lat' dir='ltr'><strong>minorem</strong></span> <span class='ocrx_word' id='word_1_252' title='bbox 707 4416 804 4495; x_wconf 87' lang='lat' dir='ltr'><strong>bene</strong></span> <span class='ocrx_word' id='word_1_253' title='bbox 819 4434 858 4495; x_wconf 89' lang='lat' dir='ltr'><strong>et</strong></span> <span class='ocrx_word' id='word_1_254' title='bbox 869 4416 1050 4525; x_wconf 87' lang='lat' dir='ltr'><strong>legittime</strong></span> <span class='ocrx_word' id='word_1_255' title='bbox 1067 4415 1290 4523; x_wconf 86' lang='lat' dir='ltr'><strong>appellasse,</strong></span> <span class='ocrx_word' id='word_1_256' title='bbox 1308 4432 1346 4493; x_wconf 88' lang='lat' dir='ltr'><strong>ct</strong></span> <span class='ocrx_word' id='word_1_257' title='bbox 1357 4416 1463 4523; x_wconf 90' lang='lat' dir='ltr'><strong>quod</strong></span> <span class='ocrx_word' id='word_1_258' title='bbox 1480 4442 1592 4521; x_wconf 87' lang='lat' dir='ltr'><strong>super</strong></span> <span class='ocrx_word' id='word_1_259' title='bbox 1607 4412 1803 4522; x_wconf 86' lang='lat' dir='ltr'><strong>principali</strong></span> <span class='ocrx_word' id='word_1_260' title='bbox 1816 4440 1924 4491; x_wconf 87' lang='lat' dir='ltr'><strong>cansa</strong></span> 
     </span>
     <span class='ocr_line' id='line_1_29' title="bbox 505 4542 1896 4652; baseline -0.001 -33"><span class='ocrx_word' id='word_1_261' title='bbox 505 4544 606 4621; x_wconf 87' lang='lat' dir='ltr'><strong>curia</strong></span> <span class='ocrx_word' id='word_1_262' title='bbox 624 4544 688 4622; x_wconf 89' lang='lat' dir='ltr'><strong>bie</strong></span> <span class='ocrx_word' id='word_1_263' title='bbox 706 4545 935 4636; x_wconf 86' lang='lat' dir='ltr'><strong>remanebit,</strong></span> <span class='ocrx_word' id='word_1_264' title='bbox 956 4563 994 4624; x_wconf 89' lang='lat' dir='ltr'><strong>et</strong></span> <span class='ocrx_word' id='word_1_265' title='bbox 1012 4546 1119 4652; x_wconf 85' lang='lat' dir='ltr'><strong>quod</strong></span> <span class='ocrx_word' id='word_1_266' title='bbox 1139 4545 1261 4621; x_wconf 89' lang='lat' dir='ltr'><strong>dictus</strong></span> <span class='ocrx_word' id='word_1_267' title='bbox 1280 4545 1406 4623; x_wconf 90' lang='lat' dir='ltr'><strong>locum</strong></span> <span class='ocrx_word' id='word_1_268' title='bbox 1425 4564 1558 4625; x_wconf 82' lang='lat' dir='ltr'><strong>tenens</strong></span> <span class='ocrx_word' id='word_1_269' title='bbox 1576 4545 1650 4623; x_wconf 90' lang='lat' dir='ltr'><strong>hoc</strong></span> <span class='ocrx_word' id='word_1_270' title='bbox 1668 4542 1896 4623; x_wconf 86' lang='lat' dir='ltr'><strong>emendabit.</strong></span> 
     </span>
    </p>

    <p class='ocr_par' dir='ltr' id='par_1_5' title="bbox 559 4676 1910 4785">
     <span class='ocr_line' id='line_1_30' title="bbox 559 4676 1910 4785; baseline -0.001 -32"><span class='ocrx_word' id='word_1_271' title='bbox 559 4676 757 4754; x_wconf 90' lang='lat' dir='ltr'><strong>Dominica</strong></span> <span class='ocrx_word' id='word_1_272' title='bbox 776 4695 863 4785; x_wconf 90' lang='lat' dir='ltr'><strong>post</strong></span> <span class='ocrx_word' id='word_1_273' title='bbox 883 4678 1032 4756; x_wconf 90' lang='lat' dir='ltr'><strong>octabas</strong></span> <span class='ocrx_word' id='word_1_274' title='bbox 1050 4676 1274 4782; x_wconf 83' lang='lat' dir='ltr'><strong>Epiphania.</strong></span> <span class='ocrx_word' id='word_1_275' title='bbox 1908 4684 1910 4689; x_wconf 85' lang='grc'><strong>’</strong></span> 
     </span>
    </p>

    <p class='ocr_par' dir='ltr' id='par_1_6' title="bbox 561 4808 961 4918">
     <span class='ocr_line' id='line_1_31' title="bbox 561 4808 961 4918; baseline 0.005 -34"><span class='ocrx_word' id='word_1_276' title='bbox 561 4808 733 4887; x_wconf 89' lang='lat' dir='ltr'><strong>Bocellua</strong></span> <span class='ocrx_word' id='word_1_277' title='bbox 747 4811 961 4918; x_wconf 87' lang='lat' dir='ltr'><strong>reportavit.</strong></span> 
     </span>
    </p>
   </div>
   <div class='ocr_carea' id='block_1_4' title="bbox 557 5068 1924 5182">
    <p class='ocr_par' dir='ltr' id='par_1_7' title="bbox 557 5068 1924 5182">
     <span class='ocr_line' id='line_1_32' title="bbox 557 5068 1924 5182; baseline -0.001 -35"><span class='ocrx_word' id='word_1_278' title='bbox 557 5068 602 5147; x_wconf 90' lang='lat' dir='ltr'><strong>V.</strong></span> <span class='ocrx_word' id='word_1_279' title='bbox 635 5069 730 5151; x_wconf 92' lang='lat' dir='ltr'><strong>Cum</strong></span> <span class='ocrx_word' id='word_1_280' title='bbox 758 5090 980 5179; x_wconf 90' lang='lat' dir='ltr'><strong>procurator</strong></span> <span class='ocrx_word' id='word_1_281' title='bbox 1008 5072 1271 5182; x_wconf 86' lang='lat' dir='ltr'><strong>religiosorum</strong></span> <span class='ocrx_word' id='word_1_282' title='bbox 1301 5074 1465 5153; x_wconf 86' lang='lat' dir='ltr'><strong>virorum</strong></span> <span class='ocrx_word' id='word_1_283' title='bbox 1490 5072 1634 5152; x_wconf 87' lang='lat' dir='ltr'><strong>abbatis</strong></span> <span class='ocrx_word' id='word_1_284' title='bbox 1657 5086 1695 5149; x_wconf 89' lang='lat' dir='ltr'><strong>et</strong></span> <span class='ocrx_word' id='word_1_285' title='bbox 1720 5088 1924 5149; x_wconf 87' lang='lat' dir='ltr'><strong>conventus</strong></span> 
     </span>
    </p>
   </div>
   <div class='ocr_carea' id='block_1_5' title="bbox 0 0 2239 6209">
    <p class='ocr_par' dir='ltr' id='par_1_8' title="bbox 0 0 2239 6209">
     <span class='ocr_line' id='line_1_33' title="bbox 0 0 2239 6209; baseline 0 0"><span class='ocrx_word' id='word_1_286' title='bbox 0 0 2239 6209; x_wconf 95' lang='lat' dir='ltr'><strong> </strong></span> 
     </span>
    </p>
   </div>
  </div>
 </body>
</html>
