4450 6209
515 661 565 734 st
1093 657 1185 732 tus
1215 655 1356 733 OLlM.

287 813 418 866 rarum
431 810 474 872 W·
513 804 680 881 tribuere
706 801 746 880 in
772 789 977 909 premissis,
1002 817 1041 880 et
1063 803 1219 911 pignora
1244 801 1361 909 ipsius
1385 800 1534 880 Girsrdi
1559 816 1713 908 propter
1726 802 1810 900 'hoc
1833 821 1936 908 capta

351 905 413 945 mr.
513 963 582 1040 per
605 934 725 1011 dictos
750 934 932 1041 majorem
957 950 995 1010 et
1012 933 1157 1041 juratos
1180 962 1249 1041 per
1274 961 1344 1012 nos
1368 931 1470 1011 dicto
1490 930 1650 1014 Girardo
1672 931 1719 1010 ed
1738 933 1936 1010 recreder-

513 1067 609 1142 cinm
636 1065 777 1142 (latret
801 1065 841 1142 in
865 1093 980 1142 manu
1004 1081 1132 1143 nostre
1152 1082 1332 1171 tanquam
1358 1064 1561 1170 superioris
1584 1064 1721 1172 posita,
1748 1065 1849 1170 apud
1873 1093 1936 1142 eos

512 1195 644 1303 reponi
665 1212 703 1272 et
716 1224 870 1273 manum
889 1225 1021 1273 eorum
1042 1195 1217 1305 deligari,
1236 1211 1279 1270 ut
1292 1196 1438 1301 possint
1455 1193 1598 1272 dictum
1614 1192 1817 1272 Girardum
1836 1223 1936 1272 com-

512 1327 652 1432 pellere
677 1328 724 1404 ad
752 1327 1075 1406 contribucionem
1103 1327 1330 1432 predictam
1358 1326 1495 1403 eodem
1521 1323 1682 1406 Girardo
1707 1326 1934 1402 contrarium

512 1474 714 1544 asserente,
741 1474 779 1533 et
803 1458 952 1535 dicente
973 1487 1012 1535 se
1033 1485 1114 1535 esse
1136 1457 1404 1544 monetarium,
1427 1483 1485 1543 nc,
1504 1457 1639 1534 virtute
1660 1473 1699 1533 et
1717 1457 1936 1534 auctoritate

510 1589 792 1696 privilegiorum
812 1618 832 1664 a
852 1588 964 1666 nobis
983 1588 1202 1665 monetariis
1222 1614 1487 1664 concessorum
1506 1604 1545 1664 et
1564 1585 1646 1664 aliis
1665 1586 1878 1664 racionibus
1896 1615 1933 1664 se

511 1719 559 1796 ad
576 1719 759 1825 premisse
777 1747 855 1797 non
875 1719 996 1796 teneri
1010 1749 1020 1793 z
1035 1719 1223 1808 Tandem,
1246 1745 1359 1824 super
1378 1717 1543 1796 articulis
1563 1717 1749 1798 dictarum
1768 1720 1934 1825 parcium

511 1850 600 1926 hinc
620 1851 768 1938 indein
789 1850 891 1927 curia
907 1867 1034 1929 nostra
1052 1877 1166 1957 super
1184 1848 1378 1956 premissis
1393 1848 1557 1933 traditis,
1577 1849 1749 1955 inquesta
1769 1850 1818 1926 de
1839 1877 1934 1926 man-

512 1982 600 2058 dato
617 1997 744 2058 nostro
760 1979 854 2058 lactu
869 1999 908 2058 et
927 2009 995 2089 per
1009 1981 1152 2057 curiam
1168 1995 1334 2057 nostrum
1349 1979 1426 2056 viss
1441 1997 1479 2056 et
1493 1979 1694 2088 diligenter
1713 1981 1930 2068 examinata,

510 2111 599 2186 visis
616 2111 733 2189 eciam
753 2109 956 2218 privilegiis
971 2129 1012 2188 et
1027 2110 1161 2190 litteris
1178 2111 1374 2216 utriusque
1389 2109 1522 2216 partis,
1539 2137 1608 2216 per
1623 2110 1725 2187 curie
1739 2127 1866 2187 nostre
1876 2113 1935 2218 ju-

512 2242 671 2330 dicium,
699 2242 843 2319 dictum
870 2259 908 2318 et
933 2243 1228 2349 pronunciatum
1255 2241 1374 2320 extitit
1400 2241 1543 2318 dictum
1569 2239 1772 2320 Girsrdum
1801 2243 1934 2319 contri-

510 2371 628 2448 buere
652 2372 809 2460 debere,
834 2401 922 2450 cum
945 2373 1086 2451 civibus
1109 2373 1207 2450 dicte
1231 2372 1528 2459 communitatis,
1551 2372 1590 2449 in
1612 2373 1803 2450 solucione
1829 2401 1932 2450 cense

510 2504 695 2609 predicte,
720 2477 955 2611 eosdemque
980 2505 1077 2581 cives
1103 2531 1181 2580 esse
1210 2504 1249 2580 in
1273 2503 1407 2580 saisina
1437 2503 1579 2580 dictum
1607 2502 1811 2582 Girardum
1836 2531 1933 2580 com-

511 2634 678 2740 pellendi
699 2634 937 2711 contribuere
957 2663 1045 2710 cum
1066 2633 1176 2710 dictis
1192 2633 1336 2710 civibus
1355 2633 1394 2708 in
1415 2631 1515 2710 dicte
1535 2659 1645 2710 cense
1667 2633 1878 2730 solucione,
1897 2663 1934 2710 rc

512 2767 668 2872 pignora
694 2766 781 2842 dicti
810 2763 960 2843 Gimrdi
984 2792 1054 2869 pro
1075 2764 1267 2871 premissis
1293 2779 1398 2870 capta
1424 2765 1526 2870 apud
1550 2763 1670 2841 dictos
1694 2765 1876 2872 majorem
1900 2781 1934 2842 et

510 2896 656 2999 juratos
674 2895 723 2971 ed
740 2893 859 2972 finem
873 2895 1088 3000 predictum
1106 2893 1246 2972 debere
1266 2895 1411 3001 reponi.

571 3026 700 3104 Martis
714 3042 799 3132 post
817 3024 1165 3104 Annunciacionem
1186 3025 1354 3104 Domini.

517 3258 526 3275 ·
571 3156 802 3234 llosselletus
821 3158 1034 3264 reportavit.

570 3420 679 3495 XLll.
711 3421 806 3498 Cum
825 3420 939 3498 abbas
954 3438 992 3499 et
1007 3439 1212 3498 conventus
1228 3422 1444 3500 monasterii
1460 3421 1677 3501 Sallatensis
1699 3421 1810 3498 nobis
1824 3422 1932 3527 signi·

513 3548 686 3627 ficassent
698 3550 817 3657 quod,
836 3581 922 3628 cum
939 3550 1169 3630 Guillelmus
1185 3551 1233 3628 de
1248 3551 1448 3644 Fontibus,
1463 3549 1613 3659 bajulus
1625 3551 1778 3658 pariagii
1795 3553 1842 3628 de
1858 3551 1931 3629 Sal-

513 3678 606 3766 lato,
635 3680 847 3757 communis
876 3681 974 3755 inter
1002 3709 1070 3758 nos
1098 3698 1135 3757 et
1163 3682 1263 3787 ipsos
1288 3682 1502 3789 religiosos,
1531 3710 1606 3759 una
1633 3709 1719 3758 cum
1746 3681 1930 3761 Bernardo

514 3810 679 3897 Breban,
697 3809 776 3916 ejus
791 3810 991 3901 serviente,
1011 3811 1110 3888 irent
1129 3839 1195 3918 per
1206 3811 1333 3888 villam
1353 3813 1401 3889 de
1422 3811 1561 3890 Sallato
1573 3812 1853 3918 perquirentes,
1871 3839 1931 3918 pro

514 3940 699 4044 capiendo
720 3937 977 4018 malefactores
1002 3943 1185 4048 quosdam
1212 3944 1278 4051 qui
1304 3943 1488 4020 maleficia
1514 3944 1678 4051 quedam
1707 3943 1930 4020 commisisse

516 4071 748 4164 dicebantur,
775 4073 918 4150 ibidem
945 4072 1117 4152 consules
1143 4075 1313 4184 ejusdem
1333 4075 1420 4153 ville
1440 4103 1509 4153 seu
1528 4093 1658 4184 gentes
1677 4102 1828 4166 eorum,
1852 4099 1930 4150 cum

514 4202 763 4309 complicibus
781 4205 1024 4298 eorumdem,
1052 4207 1154 4313 ipsos
1172 4206 1342 4315 bajulum
1369 4225 1407 4285 et
1431 4209 1652 4286 servientem
1670 4206 1856 4286 violenter
1877 4233 1930 4282 ce-

513 4353 667 4438 perunt,
689 4334 787 4413 male
806 4354 1072 4429 tractaverunt,
1096 4356 1134 4415 et
1154 4365 1281 4416 secum
1299 4356 1424 4447 captos
1441 4340 1645 4430 duxerunt,
1663 4337 1830 4444 dictique
1851 4363 1931 4413 con-

514 4464 615 4541 sules
634 4467 673 4541 in
692 4466 808 4545 domo
831 4467 1046 4546 consulatus
1066 4497 1199 4547 eorum
1227 4471 1327 4576 ipsos
1345 4470 1590 4548 detinuerunt
1610 4486 1736 4576 captos
1755 4497 1825 4575 per
1846 4468 1930 4545 duos
2021 4447 2025 4458 ⁸

514 4613 643 4672 noctes
667 4615 705 4674 et
723 4627 837 4676 unam
862 4599 980 4688 diem,
1004 4601 1168 4706 ideoque
1192 4615 1364 4707 peterent
1385 4601 1568 4707 predicta,
1590 4614 1666 4678 tarn
1693 4598 1803 4678 nobis
1824 4621 1928 4705 quam
2052 4665 2054 4668 .

514 4726 604 4831 ipsis
625 4725 823 4835 religiosis,
842 4732 1055 4818 emendari;
1076 4749 1114 4809 et
1135 4759 1154 4808 e
1175 4733 1414 4809 contradicti
1435 4730 1623 4819 consules,
1646 4730 1694 4807 ad
1715 4730 1774 4808 sui
1796 4728 1930 4806 deffen-

514 4858 675 4945 sionem,
697 4879 951 4966 proponerent
972 4862 1077 4969 quod
1093 4863 1283 4970 quidquid
1297 4863 1336 4939 in
1350 4862 1448 4941 lacto
1465 4863 1683 4970 hujusmodi
1698 4889 1766 4969 per
1783 4862 1881 4967 ipsos
1896 4871 1929 4933 et

515 5005 645 5093 gentes
665 5018 797 5066 eornm
819 4990 957 5068 factum
974 4991 1110 5082 suerat,
1135 4995 1205 5100 ipsi
1223 4993 1386 5073 fecerant
1396 4994 1498 5101 juste
1516 5013 1554 5072 et
1572 4994 1688 5085 licite,
1709 5009 1747 5070 et
1761 4993 1848 5101 jure
1867 5015 1927 5066 suo
