4450 6209
725 677 990 785 svoutvus
1015 695 1081 768 nr
1106 674 1314 769 raeces.
1685 702 1732 772 aa

310 840 352 916 in
369 837 562 917 territorio
583 835 671 914 ville
687 837 734 914 de
754 836 944 928 Gonniex,
965 837 1004 913 in
1024 837 1170 914 censiva
1191 854 1229 914 et
1247 837 1417 916 dominio
1436 838 1578 919 abbatis
1595 840 1736 916 Sancti·
1776 849 1905 904 Parnm
1918 851 1961 916 1v,

309 969 505 1077 Dyonisii,
532 966 697 1046 babebat
727 985 889 1074 qtmtuor
914 984 1069 1072 arpenta
1093 969 1303 1058 vinearum,
1339 969 1379 1045 in
1405 969 1546 1075 quibus
1575 986 1737 1075 quatuor
1837 942 1898 984 nn.

311 1099 412 1178 dolia
431 1099 508 1175 vini
532 1114 782 1188 excreverant,
802 1125 877 1203 que
898 1096 999 1174 dolia
1018 1097 1111 1186 vini,
1133 1114 1176 1175 ut
1195 1099 1296 1174 idem
1317 1100 1451 1178 Petrus
1471 1100 1632 1189 dicebat,
1653 1129 1736 1205 pre-

310 1229 435 1308 dictus
452 1228 671 1319 Oudardus,
694 1227 776 1306 sine
799 1255 908 1304 causa
928 1227 1162 1316 racionabili,
1186 1228 1367 1306 levaverat
1384 1248 1424 1307 et
1440 1230 1480 1306 in
1498 1230 1617 1336 ipsius
1637 1231 1734 1308 Petri

310 1359 562 1470 prejudicium
578 1358 791 1448 detinebat3
806 1375 1025 1464 peteretque
1038 1358 1135 1435 dicta
1148 1377 1310 1466 quatuor
1319 1361 1394 1438 vini
1410 1361 1508 1438 dolia
1521 1362 1590 1439 sibi
1606 1361 1734 1450 reddi,
1809 1352 1811 1358 ’

311 1511 351 1570 et
371 1490 549 1570 eumdem
568 1489 793 1569 Oudardum
811 1489 859 1566 ad
879 1518 923 1567 ea
942 1489 1015 1568 sibi
1035 1489 1231 1566 reddenda
1250 1493 1444 1600 compelli3
1464 1492 1633 1599 predicto
1655 1493 1736 1572 Ou-

312 1621 432 1701 dardo
457 1622 498 1699 in
522 1620 751 1700 contrarium
774 1635 1027 1725 proponente,
1053 1635 1092 1694 et
1116 1618 1289 1725 pluribus
1310 1623 1434 1700 ‘causis
1460 1622 1607 1700 dicente
1631 1651 1669 1700 se
1691 1623 1738 1699 ad

311 1754 387 1831 hoc
403 1780 482 1830 non
494 1751 643 1842 teneri3
668 1750 790 1828 dictus
804 1750 1032 1862 prepositus,
1050 1748 1188 1828 auditis
1201 1752 1372 1856 parcium
1388 1754 1614 1843 redonibus,
1634 1783 1739 1832 eum-

312 1885 402 1962 dem
422 1882 649 1963 Oudardum
667 1882 714 1959 ab
732 1880 973 1987 impeticione
994 1880 1162 1987 predicta
1181 1880 1271 1958 dicti
1292 1881 1391 1960 Petri
1417 1912 1486 1991 per
1505 1913 1616 1982 suurn
1634 1884 1738 1990 judi·

312 2014 415 2092 cium
428 2013 600 2105 absolvit,
615 2043 636 2092 a
650 2041 727 2120 quo
736 2010 924 2120 judicato,
938 2029 1119 2117 tanquam
1132 2039 1152 2086 a
1165 2011 1257 2089 salso
1274 2030 1311 2089 et
1326 2042 1455 2119 pravo,
1471 2015 1594 2093 dictus
1607 2016 1739 2094 Petrus

312 2145 362 2223 ad
373 2145 552 2223 ballivum
565 2161 737 2221 nostrum
749 2142 1067 2231 Silvanectensem
1082 2142 1300 2248 appellavit,
1317 2144 1382 2250 qui
1391 2143 1565 2235 ballivus,
1581 2145 1620 2221 iu
1631 2173 1739 2222 causa

313 2274 413 2353 dicte
435 2273 699 2382 appellacionis
720 2273 947 2378 procedens,
968 2273 1127 2379 predicti
1155 2273 1336 2379 prepositi
1356 2278 1583 2354 sentenciam
1606 2279 1741 2355 confir·

313 2406 442 2496 mavit3
471 2435 491 2482 a
520 2405 627 2512 cujus
651 2403 775 2481 ballivi
795 2403 986 2481 sentencia
1009 2403 1287 2481 confirmatoria
1313 2404 1434 2482 dictus
1455 2407 1586 2484 Petrus
1606 2408 1739 2484 iterato

313 2536 364 2614 ad
376 2552 542 2613 nostram
558 2535 699 2613 curiam
709 2533 939 2640 appellavit:
955 2532 1147 2624 Tandem,
1164 2534 1204 2608 in
1220 2561 1329 2610 causa
1345 2533 1443 2612 dicte
1459 2534 1738 2640 appellacionis,

314 2666 454 2746 auditis
468 2666 636 2772 parcium
652 2664 868 2742 nacionibus
883 2663 972 2741 hinc
987 2681 1025 2742 et
1042 2664 1154 2756 inde,
1173 2682 1211 2742 et
1226 2663 1459 2770 superiectis
1474 2665 1641 2770 ipsarum
1658 2698 1742 2773 par·

314 2798 417 2876 cium
437 2798 611 2903 inquesta
631 2795 744 2884 facta,
761 2796 837 2874 visa
857 2811 897 2874 et
917 2795 1118 2901 diligenter
1139 2796 1363 2882 examinata,
1380 2795 1542 2902 visisque
1559 2801 1741 2905 processi·
1832 2789 1835 2794 ¹

312 2930 386 3007 bus
409 2928 587 3006 omnibus
609 2927 826 3015 antedictis,
853 2956 920 3033 per
944 2926 1048 3004 curie
1064 2943 1191 3006 nostre
1211 2926 1420 3034 judicium,
1445 2926 1587 3006 dietum
1610 2928 1681 3006 luit
1704 2949 1742 3007 et

313 3059 605 3168 pronunciatum
626 3058 815 3168 predictos
841 3060 1077 3166 prepositum
1102 3075 1141 3134 et
1159 3056 1341 3136 ballivum
1358 3057 1457 3135 bene
1477 3058 1682 3165 judicasse,
1706 3079 1743 3137 et

317 3190 461 3268 dictum
476 3191 629 3267 Petrum
643 3187 741 3266 male
755 3189 973 3297 appellasse,
992 3205 1029 3265 et
1047 3189 1152 3294 quod
1165 3189 1244 3295 ipse
1260 3191 1392 3268 Petrus
1405 3187 1478 3266 hoc
1496 3191 1598 3267 curie
1614 3209 1740 3268 nostre

317 3320 547 3399 emendabit.

372 3451 549 3532 Mercurii
569 3466 653 3528 ante
673 3450 1017 3529 Annunciacionem
1036 3449 1206 3528 Domini.

373 3585 423 3663 M.
445 3582 557 3663 Allou
577 3582 788 3690 reportavit.

373 3849 466 3927 XLl.
495 3849 593 3928 Cum
608 3822 722 3927 'inter
751 3849 933 3957 majorem
966 3865 1005 3926 et
1030 3848 1180 3957 juratos
1208 3847 1488 3926 communitatis
1519 3845 1739 3935 Meldensis,

317 3981 491 4089 ejusdem
510 3980 791 4060 communitatis
814 3981 988 4071 nomine,
1011 4011 1055 4058 ex
1082 4010 1158 4058 una
1183 3998 1304 4086 parte,
1328 3997 1365 4057 et
1384 3979 1586 4060 Girardum
1607 3979 1653 4056 de
1674 3980 1743 4057 So-

317 4111 430 4199 lerio,
449 4109 719 4202 monetarium,
737 4139 783 4188 cx
800 4110 931 4201 altera,
948 4113 988 4188 in
1007 4112 1111 4190 curia
1125 4127 1251 4190 nostra
1264 4110 1514 4190 controversia
1528 4126 1631 4187 mota
1647 4128 1744 4187 esset

317 4270 433 4349 super
452 4242 621 4349 eoquod
640 4241 731 4319 dicti
748 4243 869 4350 major
887 4258 926 4319 et
940 4242 1056 4350 jurati
1077 4243 1252 4321 dicebant
1273 4243 1419 4321 dictum
1437 4241 1639 4321 Girardum
1657 4267 1744 4316 con-

317 4374 486 4452 tribuere
511 4373 650 4452 debere
673 4373 713 4449 in
731 4372 924 4452 solucione
945 4403 1056 4452 cense
1075 4375 1184 4452 nobis
1206 4373 1333 4450 debite
1359 4373 1405 4450 ab
1431 4372 1573 4449 eisdem
1593 4371 1743 4448 racione

319 4505 541 4612 Campanie,
572 4532 642 4610 pro
669 4504 908 4584 concessione
941 4504 1223 4584 communitatis
1252 4502 1439 4609 predicte,
1471 4519 1676 4580 asserentes
1703 4529 1742 4578 se

319 4664 409 4713 usos
432 4653 471 4712 et
494 4650 693 4713 consuetos
716 4633 831 4712 luisse
851 4665 873 4710 a
890 4634 1116 4742 longissimis
1140 4632 1374 4740 temporibus
1396 4649 1493 4710 etse
1514 4660 1594 4710 esse
1615 4632 1654 4710 in
1675 4633 1745 4709 sai-

320 4769 417 4858 sina,
447 4767 678 4876 negligentes
705 4766 843 4844 dictam
867 4796 1017 4845 censam
1041 4766 1200 4855 solvere,
1228 4764 1480 4872 compellendi
1507 4764 1555 4841 ad
1579 4765 1653 4844 hoc
1676 4793 1744 4871 per

321 4900 537 5007 capcionem
562 4900 751 4976 bonorum
773 4927 944 4991 suorum,
971 4915 1009 4976 et
1030 4915 1186 5007 propter
1210 4898 1283 4978 hoc
1309 4913 1481 5006 peterent
1503 4925 1572 5004 per
1585 4897 1650 5004 jus
1670 4895 1742 4974 dici

321 5032 465 5112 dictum
484 5030 702 5119 Girardum,
721 5046 912 5137 tamquam
932 5032 1049 5108 civem
1066 5029 1166 5108 dicte
1182 5029 1478 5118 communitatis,
1498 5027 1636 5106 debere
1656 5055 1744 5104 con-
