4450 6209
755 706 1026 818 33031333
1051 726 1116 799 33
1142 713 1350 804 pauens.
1689 730 1763 805 333

399 869 558 949 Lxxxl.
588 868 688 947 Cum
714 887 936 973 procurator
958 868 1104 948 abbatis
1130 887 1401 949 et·conventus
1428 869 1605 949 Mauziaci
1636 897 1763 949 coram
1801 874 1931 931 9¹¹¹·11’1‘2
1946 876 1989 939 tv.

342 999 608 1079 commissoriis
620 999 758 1079 nostris
772 999 1027 1107 proposuisset
1040 1000 1146 1108 quod
1161 1000 1232 1107 ipsi
1246 1001 1427 1109 religiosi,
1437 1004 1592 1082 nomine
1609 1001 1764 1080 ecclesie
1863 966 1927 1011 Μ’

341 1158 409 1209 sue
423 1130 702 1222 Mausiacensis,
714 1148 819 1209 erent
833 1131 872 1207 in
887 1129 1021 1209 saisina
1032 1132 1231 1211 exercendi
1246 1134 1505 1212 omnimodam
1519 1134 1709 1242 justiciam
1724 1134 1764 1211 in
1828 1216 1835 1229 ‚

340 1262 435 1341 10013
448 1262 692 1371 infrascriptis
704 1290 790 1339 cum
806 1260 1049 1369 pertinenciis
1060 1262 1154 1352 suis,
1176 1263 1318 1341 scilicet
1334 1263 1373 1341 in
1392 1262 1489 1343 villis
1505 1266 1555 1343 de
1572 1265 1764 1358 Ternhac,

340 1394 585 1483 Sancti-Ursi,
610 1391 1192 1506 Sancti-Georgii·de·Montibus
1211 1412 1250 1474 et
1270 1395 1317 1473 de
1334 1394 1639 1489 Montedutruc,
1667 1412 1707 1474 et
1723 1397 1762 1473 in

241 1519 243 1522 ’
340 1524 509 1632 quodam
521 1525 606 1604 loco
618 1522 691 1603 sito
705 1525 747 1601 in
758 1524 991 1617 Villa-Nova,
1006 1542 1045 1603 et
1055 1524 1221 1631 quodam
1235 1524 1321 1604 1000
1337 1526 1409 1605 3110
1421 1526 1516 1605 infra
1526 1526 1652 1604 villam
1668 1528 1764 1605 Mar-

340 1654 448 1744 ciaci,
464 1672 597 1761 petens
612 1652 802 1759 predictos
818 1653 1016 1761 religiosos
1026 1654 1126 1732 tueri
1146 1655 1185 1731 in
1204 1654 1339 1735 saisina
1354 1682 1419 1734 sua
1433 1656 1619 1762 predicta,
1635 1674 1673 1733 et
1687 1657 1763 1763 pri·

339 1784 616 1891 3133033331333,
630 1784 671 1860 in
682 1782 990 1891 dictislocis,per
1000 1799 1132 1893 gentes
1141 1802 1289 1863 nostras
1299 1782 1432 1876 factas,
1442 1786 1585 1863 eisdem
1597 1787 1760 1877 restitui3

339 1930 580 2021 procuratore
596 1932 725 1993 nostro
739 1913 891 1995 ballivie
906 1914 1085 1993 Arvernie
1102 1917 1325 1996 econtrario
1342 1932 1579 2024 proponente
1594 1944 1664 1995 nos
1681 1944 1760 1996 asse

338 2046 379 2123 in
390 2045 524 2123 saisina
532 2046 792 2123 omnimodum
801 2044 992 2153 justiciam
1004 2044 1045 2123 in
1060 2045 1155 2125 locis
1168 2047 1348 2154 predictis
1363 2049 1562 2127 exercendi
1579 2082 1588 2127 3
1605 2048 1690 2130 Visa
1706 2049 1762 2127 in-

338 2193 471 2284 questa
487 2175 689 2283 superbiis
702 2176 752 2255 de
767 2177 946 2255 mandato
964 2178 1068 2255 curie
1087 2195 1217 2257 nostre
1233 2176 1346 2269 13013,
1361 2196 1400 2258 31
1411 2179 1488 2258 viso
1504 2182 1671 2289 quodam
1687 2182 1762 2289 pri-

337 2308 491 2417 vilegio,
505 2309 547 2385 iu
566 2308 827 2399 curiensem,
845 2334 915 2414 pro
929 2307 1116 2415 religiosis
1134 2309 1330 2415 predictis,
1346 2338 1460 2417 super
1481 2312 1554 2392 1300
1574 2312 1757 2402 exhibito,

337 2464 407 2545 per
424 2438 528 2517 00310
544 2454 672 2517 nostre
686 2438 894 2546 judicium,
912 2438 1204 2547 pronunciatum
1224 2438 1298 2517 fuit
1315 2438 1459 2517 dictum
1478 2458 1760 2547 procuratorem

338 2586 509 2649 nostrum
525 2568 663 2647 melius
679 2569 937 2665 intencionem
951 2596 1059 2647 suam
1077 2566 1306 2675 probavisse,
1323 2586 1509 2679 quantum
1523 2572 1572 2649 ad
1586 2572 1759 2651 saisinam

337 2698 412 2778 alte
424 2699 576 2809 justicie
595 2698 739 2779 131000
757 2699 885 2779 311013
902 2699 1114 2779 Villa-Nova
1133 2700 1318 2807 predicta,
1336 2718 1374 2778 et
1393 2728 1463 2781 nos
1481 2730 1677 2782 remanere
1695 2706 1761 2784 de-

335 2830 477 2910 berein
493 2830 628 2909 saisina
639 2814 836 2909 exercendi
850 2831 995 2909 ibidem
1010 2830 1125 2909 altam
1137 2830 1346 2939 justiciam,
1359 2848 1397 2909 et
1411 2832 1533 2911 dictos
1546 2834 1756 2943 religiosos,

335 2978 520 3069 quantum
537 2961 586 3039 ad
600 2962 747 3041 bassam
760 2959 950 3069 justiciam
969 2990 1037 3039 seu
1048 2962 1353 3071 jurisdictionem
1368 2962 1459 3040 dicti
1477 2961 1567 3053 loci,
1585 2966 1758 3043 saisinam

335 3094 440 3173 suam
465 3093 603 3175 melius
623 3091 834 3201 probavisse
855 3110 892 3170 et
912 3120 977 3172 303
1000 3120 1196 3171 remanere
1216 3092 1355 3173 debere
1375 3092 1415 3171 in
1436 3095 1570 3173 saisina
1588 3124 1655 3174 sua
1674 3126 1759 3203 pre·

336 3224 454 3315 3110133
475 3242 659 3333 quantum
673 3241 800 3301 autern
823 3224 873 3301 ad
891 3222 962 3300 alia
977 3223 1061 3303 1003
1076 3223 1258 3329 predicta,
1274 3250 1343 3329 per
1361 3224 1462 3303 idem
1477 3225 1664 3333 judicium
1686 3226 1759 3304 luit

333 3356 626 3461 pronunciatum
643 3355 763 3436 dictos
782 3353 994 3461 religiosos,
1012 3371 1051 3433 et
1063 3371 1250 3462 quantum
1266 3354 1313 3430 ad
1328 3352 1441 3431 altam
1459 3370 1497 3433 et
1512 3372 1695 3461 quantum
1711 3358 1759 3434 ad

333 3485 480 3566 bassam
502 3487 713 3596 justicium,
738 3485 996 3563 intencionem
1018 3512 1125 3563 snam
1151 3482 1288 3563 melius
1310 3482 1538 3591 probavisse,
1568 3501 1606 3564 et
1630 3513 1695 3564 eos
1719 3488 1759 3563 in

332 3618 469 3695 saisina
479 3646 547 3696 sua
560 3618 757 3695 exercendi
768 3615 879 3693 altam
891 3633 930 3695 et
943 3614 1088 3693 bassam
1097 3614 1308 3723 justiciam,
1322 3614 1363 3691 in
1374 3613 1467 3693 locis
1477 3616 1655 3722 predictis
1670 3646 1756 3695 cum

333 3776 467 3827 eorum
478 3748 737 3853 pertinenciis,
750 3774 946 3825 remanere
958 3744 1116 3839 debere,
1130 3763 1168 3824 et
1179 3745 1325 3852 prisias,
1340 3762 1496 3852 propter
1507 3746 1581 3824 boc
1589 3774 1658 3855 per
1670 3774 1758 3857 gen-

332 3895 390 3957 tes
403 3896 550 3957 nostras
562 3878 675 3957 lactas
688 3878 733 3955 iu
744 3877 840 3957 locis
853 3875 1048 3985 predictis,
1066 3876 1209 3955 eisdem
1227 3877 1367 3957 debere
1380 3878 1544 3971 restitui,
1556 3878 1654 3959 salva
1667 3879 1756 3958 hine

331 4009 423 4087 inde
437 4010 634 4117 questione
646 4008 897 4116 proprietatis.

389 4141 564 4219 Mercurii
579 4160 665 4219 ante
680 4140 833 4221 Pascha.

388 4270 547 4350 Cuillier
560 4271 775 4381 reportavit.

388 4536 562 4613 LXXXII.
583 4532 1106 4642 luterSymonamdominam
1117 4532 1226 4610 033131
1235 4533 1481 4625 Castriarum,
1494 4551 1753 4640 exunaparte,

331 4682 370 4745 et
383 4666 602 4774 episcopum
624 4664 945 4773 Megalonensem,
964 4690 1008 4742 ex
1028 4664 1161 4751 altera,
1183 4690 1297 4770 super
1316 4691 1362 4742 eo
1377 4662 1482 4769 qnod
1497 4680 1655 4771 utraque
1671 4692 1755 4771 pars

331 4795 482 4873 dicebat
500 4826 539 4873 se
561 4795 700 4873 babere
714 4794 908 4901 justiciam
932 4796 972 4872 in
993 4810 1213 4872 tenemento
1233 4794 1279 4871 de
1297 4794 1495 4884 Ferreriis,
1517 4794 1688 4902 inquesta
1706 4797 1753 4873 ad

329 4942 495 5005 nostram
509 4926 649 5003 curiam
667 4941 868 5033 asportata,
884 4926 960 5002 visa
976 4941 1015 5003 et
1031 4924 1232 5032 diligenter
1245 4921 1468 5013 examinata,
1485 4925 1666 5031 quianon
1682 4924 1754 5003 luit

329 5058 369 5134 in
389 5086 431 5135 ea
451 5074 643 5165 repertum
664 5058 769 5164 quod
788 5074 1008 5165 procurator
1033 5056 1179 5136 domini
1208 5058 1332 5165 Regis,
1360 5056 1401 5133 in
1424 5084 1470 5137 30
1496 5056 1603 5165 quod
1625 5057 1748 5163 ipsum
