4450 6209
525 721 597 795 tlt
1109 726 1198 799 Lus
1227 726 1366 801 OLIM.

295 874 427 931 renum
440 876 484 940 lv,
523 864 638 957 libre3
659 866 807 945 dicebat
822 852 939 942 eciam
962 865 1060 942 dieta
1070 867 1241 945 Johanne
1250 868 1357 975 quod
1376 868 1456 974 ipse
1469 868 1615 945 dictum
1626 866 1856 953 Achenum,
1872 864 1942 943 fra-

359 966 421 1011 ¹³⁰⁹⁴
521 1013 620 1075 trem
630 1023 755 1089 suum,
772 1014 941 1102 ternpore
956 1022 1033 1103 quo
1049 998 1129 1105 ipse
1139 998 1297 1087 vivebat,
1308 999 1452 1105 pluries
1462 999 1658 1106 requisivit
1669 1014 1714 1075 ut
1728 996 1854 1075 eidem
1870 997 1942 1075 sol·

521 1128 721 1207 reret-duo
744 1126 861 1205 millia
877 1144 917 1205 et
930 1146 1082 1205 centum
1104 1147 1143 1206 et
1160 1128 1288 1238 viginti
1309 1130 1424 1209 libras
1441 1131 1644 1237 predictas,
1663 1144 1702 1207 et
1720 1126 1828 1235 quod
1845 1127 1936 1231 ipsa,

521 1258 623 1337 dicto
638 1260 805 1337 Auberto
824 1257 1022 1349 defuncto,
1037 1258 1244 1365 predictam
1260 1262 1522 1350 Katherinam,
1536 1262 1663 1341 statim
1673 1260 1782 1368 quod
1795 1260 1875 1364 ipsa
1883 1286 1939 1333 ac·
2054 1358 2062 1367 ι

520 1388 783 1496 cepitbaillum
794 1388 882 1465 dicti
893 1389 1063 1483 Auberti,
1076 1388 1199 1469 fratris
1207 1392 1278 1481 sui,
1290 1392 1520 1471 sufficienter
1528 1390 1737 1498 requisivit,
1748 1406 1936 1493 umquam

517 1538 709 1599 tenentem
729 1520 882 1599 baillum
903 1520 1133 1628 predictum,
1152 1524 1257 1630 quod
1276 1525 1354 1631 ipsa
1374 1524 1535 1604 solveret
1550 1524 1679 1601 eidam
1694 1520 1813 1645 dictgs
1828 1546 1936 1625 pecu-

517 1653 578 1748 nie
599 1679 765 1729 summas
777 1669 814 1728 et
829 1652 947 1729 eciam
959 1650 1147 1757 predictas
1157 1652 1404 1763 quadriginti
1418 1654 1534 1733 libras
1544 1652 1659 1731 annui
1669 1650 1855 1738 redditus,
1869 1677 1946 1756 pro,

431 1784 439 1795 ’
516 1783 615 1861 victu
623 1810 714 1871 su03
730 1810 804 1888 que
817 1782 959 1875 omnia,
976 1782 1105 1887 utipaa
1119 1782 1286 1876 dicebat,
1298 1786 1456 1891 predicti
1470 1781 1807 1873 Aubertuasrater,
1820 1783 1935 1857 etKa-

517 1912 664 1991 therina
678 1914 835 1990 omnino
848 1913 966 1989 tacere
976 1933 1214 2004 recusarunt3
1225 1914 1377 1995 dicebat
1388 1916 1507 1995 eciam
1521 1916 1619 1995 dicta
1635 1915 1806 1993 Johanna
1817 1911 1929 2019 quod,

516 2043 725 2121 secundnm
746 2036 855 2121 usum
871 2043 988 2147 patrie
1008 2042 1075 2119 ubi
1091 2046 1363 2126 conversiones
1375 2048 1543 2153 predicte
1561 2044 1718 2125 fuerunt
1728 2043 1840 2135 facte,
1853 2044 1932 2149 qni-

515 2148 679 2279 cnrirqne
699 2173 828 2279 accipit
844 2172 1002 2251 baillum
1020 2190 1173 2253 tenetur
1190 2178 1333 2258 solvere
1349 2178 1477 2257 omnia
1492 2177 1621 2258 debita
1634 2176 1739 2257 illius
1753 2174 1862 2281 cnjus
1873 2202 1929 2251 ac·

513 2303 604 2409 cipit
618 2300 775 2381 baillum
792 2322 830 2383 et
846 2305 974 2383 omnia
994 2306 1190 2412 deperdita
1204 2334 1278 2415 que
1294 2310 1523 2388 sustinerent
1537 2308 1627 2387 dicti
1646 2307 1754 2389 builli
1771 2306 1930 2384 credito·

512 2464 588 2525 res,
602 2435 751 2513 racione
767 2430 935 2513 defectus·
949 2434 1188 2516 solucionnm
1201 2437 1390 2519 dictorum
1405 2440 1637 2529 debitorum,
1652 2466 1769 2546 quare
1783 2437 1930 2545 petebat

512 2566 609 2643 dicte
619 2566 788 2644 Johanna
805 2564 909 2643 inille
923 2564 1037 2644 libras
1052 2568 1307 2647 Parisiensesa
1320 2570 1419 2655 dicta
1431 2570 1652 2660 katharina,
1667 2569 1818 2647 racione
1835 2595 1929 2645 arre-

510 2700 698 2805 ragiorom
723 2693 976 2802 predictarum
997 2699 1242 2807 quadraginta
1260 2700 1443 2781 librarum
1461 2701 1727 2781 Parisiensium
1750 2698 1823 2780 sihi
1842 2700 1927 2777 assi·

509 2834 704 2935 gunterum
723 2854 792 2931 pro
812 2854 881 2904 suo
902 2829 1000 2905 victu
1021 2847 1059 2906 et
1075 2832 1225 2923 vestitu,
1241 2862 1329 2911 cum
1347 2832 1477 2925 inerit,
1494 2850 1539 2909 ut
1558 2832 1723 2921 dicebat,
1745 2847 1926 2912 cessatum

509 2959 547 3033 in
572 2984 701 3033 earnm
725 2956 918 3035 solucione
938 2987 1006 3065 per
1026 2962 1195 3067 spacium
1213 2964 1342 3071 viginti
1363 2966 1533 3072 quinque
1552 2992 1760 3053 annornm
1779 2961 1926 3071 petebat

509 3088 626 3163 eciam
651 3104 813 3193 quatuor
832 3088 947 3166 millia
967 3107 1004 3167 et
1023 3110 1214 3171 sexcentas
1235 3093 1349 3171 libras
1373 3124 1443 3201 pro
1466 3096 1640 3204 dampnis
1662 3093 1759 3185 suis,
1781 3093 1923 3171 racione

508 3208 677 3295 defectus
687 3214 892 3295 solutionis
905 3219 1069 3299 duorum
1081 3224 1246 3301 millium
1258 3243 1299 3303 et
1309 3243 1463 3306 centum
1473 3244 1512 3305 et
1521 3226 1650 3335 viginti
1663 3224 1845 3304 librarum
1860 3226 1923 3300 Pa-

505 3349 721 3427 risiensiutn
735 3348 1006 3455 predictarum
1023 3353 1071 3429 ad
1086 3382 1161 3461 que
1174 3356 1300 3433 omnia
1312 3358 1465 3462 petebat
1480 3358 1579 3435 diets
1594 3356 1766 3435 Johanna
1780 3355 1922 3462 predic·

503 3498 580 3557 tam
601 3476 859 3570 Katherinanr‚
881 3482 1035 3560 nomine
1053 3512 1130 3588 quo
1145 3513 1272 3590 supra,
1289 3488 1558 3594 condempnari
1578 3506 1617 3569 et
1635 3486 1824 3593 compelli3
1840 3511 1921 3593 pre-

504 3609 601 3686 dicta
614 3608 817 3687 Katherina
827 3610 867 3685 in
883 3612 1113 3689 eontrarium
1128 3613 1295 3703 dicente,
1306 3633 1347 3693 et
1357 3635 1545 3698 asserente
1557 3646 1597 3699 ss
1610 3618 1659 3698 ad
1671 3618 1838 3723 predicta
1847 3643 1921 3695 non

504 3740 640 3830 teneri,
661 3766 730 3843 pro
750 3766 795 3816 eo
815 3740 975 3819 maxime
993 3741 1113 3847 quod,
1134 3743 1164 3819 si
1183 3744 1283 3822 dicta
1298 3747 1469 3827 Johnnna
1489 3748 1623 3834 babuit
1641 3775 1820 3856 umquam
1840 3777 1921 3854 pre-

504 3869 620 3945 dictas
635 3870 904 3945 convenciones
919 3898 1006 3947 cum
1020 3872 1122 3950 dicto
1132 3892 1238 3980 patre
1251 3904 1338 3968 suo,
1353 3878 1433 3983 ipsa
1444 3896 1588 3969 tamen,
1603 3896 1647 3957 nt
1657 3879 1821 3967 dicebat¹
1836 3878 1921 3958 fecit

503 3988 615 4093 novas
630 3987 901 4076 convenciones
914 4028 1001 4079 eum
1017 4002 1119 4081 dicto
1131 4004 1317 4096 doberto,
1331 4006 1444 4087 tratre
1456 4038 1538 4101 auo,
1555 4011 1707 4117 qnando
1720 4011 1799 4115 ipse
1814 4012 1920 4089 aviss·

503 4146 673 4205 mentum
689 4128 898 4233 predictum
914 4135 1166 4240 augmentavit
1180 4137 1228 4215 de
1243 4138 1419 4217 trecentis
1432 4139 1541 4219 libris
1554 4140 1746 4247 predictis,
1764 4158 1805 4217 et
1816 4143 1919 4248 qnod

502 4258 599 4337 dicta
618 4260 801 4354 Johanna,
818 4262 967 4343 racione
986 4267 1179 4370 augmenti
1198 4268 1374 4373 predicti,
1395 4271 1627 4351 renunciavit
1644 4270 1825 4354 omnihus
1841 4300 1918 4377 pre-

499 4390 610 4477 dictis
630 4392 942 4471 conrencionihus
963 4396 1099 4473 habitis
1116 4426 1204 4475 cnm
1219 4400 1320 4478 dicto
1339 4416 1544 4506 pstremo,
1562 4403 1665 4481 et-ab
1680 4402 1825 4484 eisdem
1843 4430 1918 4481 orn-

499 4523 591 4599 nino
607 4524 777 4612 recessit3
798 4522 945 4601 dicente
964 4526 1081 4601 eciam
1096 4527 1196 4605 dicta
1210 4528 1412 4608 Katherina
1426 4533 1532 4639 quod
1548 4533 1646 4611 dicta
1657 4532 1833 4638 pecunia,
1849 4563 1916 4641 pro

498 4653 723 4731 avisamento
756 4653 938 4758 predicto,
956 4657 1157 4760 promisso,
1192 4662 1402 4739 seeundum
1432 4663 1704 4742 conventiones
1733 4661 1917 4744 &aarum

496 4774 678 4887 parcium,
697 4782 859 4862 debebat
875 4788 1039 4865 converti
1058 4790 1098 4865 in
1118 4789 1394 4900 hereditagium
1413 4792 1478 4872 tali
1499 4794 1615 4873 modo
1635 4793 1756 4901 quod,
1773 4795 1804 4871 si
1819 4795 1915 4873 dicta

494 4913 665 4989 Johanna
691 4914 889 4993 decederet
913 4918 993 4995 sine
1018 4918 1162 5009 liberis,
1189 4921 1332 5001 dictum
1357 4924 1632 5031 hereditagium
1656 4924 1849 5003 deveniret
1866 4928 1914 5005 ad

495 5045 618 5148 ipsum
649 5043 859 5123 Aubertum
887 5047 945 5125 vel
975 5049 1136 5130 heredes
1162 5082 1264 5131 auos·
1295 5081 1410 5159 quam
1440 5057 1790 5135 conversacionem¹
1816 5056 1909 5134 dicta

537 5216 545 5247 ¹
568 5217 648 5280 Lisez
661 5221 862 5283 ronwniooem.
