4450 6209
719 732 990 842 nuounrss
1014 752 1078 826 ar
1104 731 1312 828 enecas.
1663 753 1732 827 105

306 894 449 973 dicium
469 909 509 970 et
526 908 787 1003 contemptum
799 891 1074 1001 jurisdictionis
1088 909 1217 972 nostre
1232 910 1270 973 ct
1285 893 1382 973 dicta
1391 893 1654 1002 jurisdictione
1669 923 1735 972 sua
1771 902 1902 960 Parum
1915 901 1958 966 IV.

303 1025 506 1133 temporali
536 1026 746 1118 abutendo,
775 1025 906 1133 bajulo
931 1042 1060 1106 nostro
1088 1026 1393 1116 Montis-Deme,
1425 1057 1537 1108 suum
1568 1025 1734 1108 officina
1834 995 1897 1040 lm

306 1158 508 1266 exercenti,
543 1156 680 1238 multas
711 1158 868 1266 injurias
896 1158 1125 1250 intulerunt,
1156 1157 1334 1238 baculum
1365 1176 1538 1240 nostrum
1567 1158 1731 1267 regium,

303 1290 345 1366 in
365 1290 534 1398 quodam
553 1287 690 1400 portali
705 1287 807 1396 apud
827 1290 1211 1396 Ruppem-Amatoris
1228 1319 1296 1396 per
1316 1290 1538 1370 servientem
1562 1307 1734 1369 nostrum

305 1449 534 1530 appensum,
556 1437 778 1500 amoverunt
796 1421 888 1498 etin
904 1420 1030 1499 lutum
1046 1451 1113 1500 seu
1129 1440 1269 1499 terram
1284 1421 1542 1528 projecerunt,
1559 1421 1735 1500 homines

303 1553 391 1631 ville
405 1550 752 1659 Ruppis-Amatoris
770 1553 818 1628 ad
831 1554 1051 1631 mandatum
1067 1553 1244 1662 gencium
1256 1571 1470 1633 nostrarum
1484 1617 1492 1645 ,
1508 1554 1547 1632 in
1560 1571 1733 1632 nostrum

308 1682 513 1761 exercitum
532 1681 701 1760 volentes
723 1682 850 1761 venire
870 1701 1142 1763 arrestaverunt
1167 1702 1204 1762 et
1231 1684 1510 1792 impediverunt
1528 1685 1673 1774 venire,
1699 1701 1737 1761 et

307 1814 437 1922 plures
463 1816 511 1894 ad
535 1843 605 1893 nos
630 1831 667 1894 et
691 1832 859 1894 nostram
885 1817 1026 1895 curiam
1057 1816 1305 1923 appellantes,
1331 1832 1418 1923 post
1440 1813 1736 1924 appellaciouem

308 1946 356 2023 ad
385 1975 455 2024 nos
483 1946 760 2053 interpositam,
794 1964 991 2052 ceperunt,
1024 1963 1297 2025 arrestaverunt
1329 1965 1367 2024 et
1394 1948 1734 2034 incarceraverunt,

308 2078 599 2180 vulneraverunt
625 2077 771 2185 aliquos
796 2076 1036 2168 eorumdem,
1060 2094 1097 2155 et
1116 2077 1265 2156 cuidam
1287 2078 1433 2156 bomini
1460 2078 1736 2184 condempnato

308 2237 378 2318 per
397 2238 462 2287 eos
486 2209 534 2288 ad
560 2209 827 2290 amittendum
843 2238 999 2288 manum
1025 2210 1230 2299 sinistram,
1260 2211 1326 2317 qui
1351 2211 1399 2287 ad
1426 2239 1496 2290 nos
1520 2209 1734 2316 appellavit,

309 2359 396 2448 post
413 2338 709 2448 appellacionem
724 2341 945 2449 hujusmodi
960 2371 1117 2420 manum
1134 2342 1324 2422 dexteram
1345 2359 1648 2448 amputaverunt,
1672 2371 1739 2448 per

229 2472 233 2479 ’
310 2489 494 2552 arrestum
523 2486 651 2553 nostre
673 2473 792 2561 curie,
818 2474 961 2553 dictum
987 2473 1059 2552 luit
1077 2473 1184 2580 quod
1205 2473 1318 2550 abbas
1338 2473 1543 2578 predictus,
1566 2502 1635 2578 pro
1656 2501 1740 2579 pre·

311 2602 421 2682 dictis
447 2604 659 2682 excessibus
684 2602 947 2683 ministrorum
972 2629 1151 2692 suorum,
1180 2631 1342 2713 quorum
1372 2602 1562 2709 aliquibus
1586 2630 1740 2710 presens

311 2732 426 2814 luisse
447 2735 646 2846 reperitur,
671 2716 871 2817 emendam
894 2753 1059 2849 quatuor
1075 2735 1240 2817 millium
1261 2734 1442 2816 librarum
1458 2735 1739 2816 Turonensium

311 2866 422 2946 nobis
441 2867 570 2948 solvet.

271 3097 276 3105 ἱ
368 2998 492 3107 Super
514 3027 560 3076 eo
588 3028 676 3079 vero
700 2999 806 3107 quod
832 3001 990 3082 ministri
1014 3000 1108 3078 'dicti
1129 2999 1273 3078 abbatis
1297 2999 1502 3106 quemdam
1528 2999 1738 3090 hominem,

310 3128 478 3236 positum
498 3159 566 3208 seu
583 3131 752 3209 saisitum
765 3130 813 3208 ad
826 3141 983 3210 manum
1002 3149 1189 3222 nostram,
1207 3148 1291 3236 post
1306 3129 1444 3208 dictam
1460 3130 1741 3236 apposicionem
1791 3118 1795 3124 ¹

265 3368 267 3373 Ι
310 3278 515 3341 manuset
542 3260 813 3340 iuhibicionem
845 3263 978 3341 lectam
1014 3264 1084 3352 eis,
1119 3280 1297 3369 exparte
1327 3277 1474 3352 nostra,
1502 3261 1741 3368 suspendisse

314 3392 503 3484 dicuntur,
525 3395 664 3473 vocatis
678 3393 865 3502 partibus,
882 3397 1016 3476 veritas
1033 3395 1265 3505 inquiretnr3
1283 3409 1321 3472 et
1337 3393 1550 3472 remittetur
1571 3393 1742 3501 inquesta

313 3523 362 3602 ad
381 3525 522 3604 curiam
539 3524 756 3634 judicanda.

370 3656 534 3735 Sabbato
553 3675 639 3765 post
660 3657 825 3736 mediam
840 3656 1189 3766 Quadragesimam.

371 3787 578 3869 Gorinthus
597 3788 810 3894 reportavit.
989 3792 993 3800 ’

370 3918 538 3999 Audient
564 3919 742 3998 dominus
766 3918 996 4000 Guillelmus
1020 3920 1068 3998 de
1096 3919 1275 3999 Plaisiaco
1299 3935 1334 3998 et
1359 3917 1590 3998 Guillelmus
1615 3917 1661 3998 de¹
1684 3919 1746 3997 Vi-

313 4051 433 4141 riaeo,
454 4051 513 4130 vel
532 4051 595 4133 ille
615 4079 749 4132 eorum
765 4052 831 4162 qui
851 4081 978 4133 vacare
993 4051 1147 4159 poterit.

372 4316 448 4395 LX.
479 4317 591 4394 Facta
613 4316 786 4421 inquesta
809 4341 878 4421 per
901 4312 1147 4394 senescallum
1171 4315 1522 4403 Carcassonensem,
1549 4341 1662 4420 super
1686 4340 1746 4392 ex-

316 4445 484 4526 cessibus
508 4463 547 4526 et
564 4474 755 4525 armorum
780 4445 997 4551 portacione
1016 4445 1146 4526 illicita
1166 4445 1271 4524 lactis
1291 4445 1329 4522 in
1349 4463 1450 4524 terra
1469 4442 1615 4523 domini
1635 4445 1745 4524 Mira·

316 4577 410 4686 picis
439 4605 508 4686 per
538 4576 809 4684 quamplures
837 4575 1012 4655 homines
1041 4575 1190 4654 nobiles
1217 4591 1254 4653 et
1280 4572 1469 4654 innobiles
1497 4572 1670 4654 villarum
1696 4575 1744 4654 de

317 4708 505 4802 lordaco,
533 4708 581 4788 de
608 4709 821 4800 Caussono,
847 4706 896 4785 de
917 4706 1057 4815 Apino,
1087 4707 1136 4786 de
1165 4707 1336 4799 Unacho,
1364 4707 1412 4784 de
1436 4705 1670 4798 FavinhauO,
1697 4706 1744 4784 de

319 4841 443 4919 Lorda
462 4857 502 4921 et
520 4839 568 4917 ds
588 4840 817 4948 quibusdam
836 4839 1037 4926 aliisvillis
1057 4857 1095 4920 et
1110 4840 1204 4919 locis
1223 4839 1422 4920 comitatus
1441 4841 1470 4917 F
1470 4838 1639 4928 usensis,
1658 4868 1745 4918 cum

317 4971 394 5051 illis
413 4971 462 5050 de
479 4971 652 5052 Andorra
671 4972 737 5078 qui
760 4989 847 5052 sunt
872 4971 920 5049 de
944 4988 1043 5050 extra
1063 5001 1243 5081 regnum,
1266 4971 1388 5052 dictus
1412 4969 1638 5050 senescallus
1658 4989 1746 5050 eon-

319 5102 534 5213 dampnavit
550 5132 617 5183 eos
631 5103 671 5182 in
683 5103 856 5211 pluribus
871 5104 1031 5182 summis
1041 5105 1202 5215 pecunie
1220 5105 1375 5184 domino
1388 5103 1479 5214 Regi
1498 5132 1566 5213 pro
1587 5101 1747 5182 emenda

427 5282 481 5326 css
502 5282 584 5325 ocsu.
609 5283 655 5325 111.
1604 5263 1639 5330 sla
