4450 6209
492 717 565 796 lld
1068 712 1158 785 tus
1200 710 1337 784 ΘΗΜ.

264 874 397 931 Pmtm
409 871 453 935 W·
490 859 647 939 Domini
665 856 867 935 millesimo
887 852 1153 932 trecentesimo
1168 866 1290 939 sexto,
1303 866 1349 928 ut
1363 848 1569 939 dicebatur,
1591 878 1636 929 er
1655 850 1789 941 altera,
1803 882 1912 961 super

328 962 392 1007 1800.

493 1021 538 1071 eo
557 990 663 1099 quod
678 989 855 1069 dicebant
867 986 957 1064 dicti
974 985 1108 1063 Petrus
1121 1000 1159 1062 et
1173 981 1402 1063 Guillelmus
1417 983 1522 1090 quod
1534 983 1604 1090 ipsi
1618 1002 1911 1075 accensarerant,

493 1123 711 1233 agentibus
729 1118 895 1227 episcopi
915 1117 1154 1207 Pictavensis,
1179 1142 1277 1193 anno
1297 1142 1374 1221 quo
1394 1141 1525 1220 supra,
1551 1115 1715 1193 decimas
1742 1136 1782 1195 ct
1803 1135 1915 1197 terra-

493 1259 553 1365 gia
566 1254 614 1332 de
630 1250 812 1361 Conpella
827 1267 866 1327 et
878 1248 1006 1340 Malla,
1018 1276 1107 1325 curn
1121 1274 1251 1324 earum
1265 1244 1524 1353 pertinenciis,
1536 1260 1651 1352 prout
1663 1246 1751 1325 alias
1767 1266 1824 1327 est
1837 1249 1916 1329 lieri

494 1402 735 1473 consuetum,
749 1411 817 1491 pro
833 1380 960 1489 precio
974 1380 1334 1488 quadringentarum
1353 1376 1542 1455 minarum
1558 1378 1606 1455 de
1623 1395 1787 1487 quatuor
1797 1380 1917 1461 bladis

494 1518 542 1597 ad
562 1544 779 1597 meneutam
804 1514 990 1593 dictomm
1008 1512 1198 1601 locorum;
1220 1510 1330 1597 item,
1351 1508 1457 1617 quod
1479 1510 1611 1587 Petrus
1635 1527 1672 1588 et
1690 1510 1917 1593 Guillelmus

495 1648 654 1759 predicti
674 1648 860 1726 solverant
873 1643 1050 1754 gentibus
1063 1642 1153 1721 dicti
1170 1640 1353 1749 episcopi,
1365 1640 1412 1719 de
1428 1641 1594 1747 predicta
1606 1668 1774 1730 accensa,
1786 1642 1919 1723 ducen-

495 1801 551 1861 tas
570 1798 609 1859 et
626 1779 779 1889 triginta
796 1777 917 1855 minas
936 1804 1025 1853 cum
1044 1774 1168 1853 tribus
1187 1770 1392 1859 boissellis,
1414 1788 1617 1879 antequam
1631 1774 1826 1878 predictus
1843 1806 1919 1855 ma·

495 1915 611 2025 gister
632 1910 720 1991 Odo
745 1908 889 1987 veniret
909 1906 959 1985 ad
986 1905 1130 1983 dictum
1156 1904 1281 1983 locum
1308 1929 1377 2011 pro
1405 1890 1503 1982 dicta
1528 1902 1665 2011 regalia
1691 1904 1917 2015 colligenda

496 2047 607 2133 item,
624 2039 745 2151 quod,
760 2039 914 2147 quando
927 2036 1120 2143 predictus
1135 2034 1309 2143 magister
1322 2033 1409 2115 Odo
1425 2032 1473 2109 de
1490 2060 1601 2126 novo,
1616 2036 1719 2113 venit
1732 2037 1782 2114 ad
1795 2038 1918 2117 locum

496 2176 728 2286 predictum,
748 2173 828 2279 ipse
842 2169 931 2247 fecit
948 2168 1071 2247 vocari
1091 2194 1218 2247 coram
1237 2193 1278 2243 se
1298 2166 1419 2244 dictos
1432 2167 1584 2244 Petrum
1601 2183 1639 2245 et
1652 2166 1917 2261 Guillelmum,

498 2325 542 2389 ut
563 2307 611 2386 dc
631 2304 800 2414 predicta
822 2328 975 2379 accensa
994 2299 1067 2377 sibi
1091 2298 1295 2377 redderent
1316 2296 1523 2389 racionem,
1545 2298 1769 2406 quiquidem
1791 2302 1922 2381 Petrus

500 2459 539 2519 et
559 2436 790 2519 Guillelmus
809 2448 1123 2541 computaverunt
1142 2431 1267 2510 eidem
1289 2429 1406 2508 dictas
1426 2430 1606 2509 ducentas
1622 2449 1662 2508 et
1680 2432 1832 2539 triginta
1852 2437 1922 2512 mi·

498 2600 566 2650 nas
580 2598 668 2649 cum
678 2567 801 2645 tribus
812 2564 1016 2653 boissellia,
1030 2592 1125 2672 quas
1137 2562 1324 2643 solverant
1336 2561 1513 2670 gentibus
1524 2563 1688 2669 episcopi
1699 2566 1920 2671 supradicti,

492 2717 537 2783 'et
561 2700 836 2811 quinquaginta
854 2698 976 2775 minas
1002 2725 1096 2804 quas
1125 2686 1323 2773 solverant
1338 2694 1531 2801 preposito
1557 2693 1728 2803 d'Angle,
1755 2696 1804 2774 de
1828 2728 1926 2776 man·

498 2836 586 2914 dato
606 2832 779 2943 ejusdem
799 2829 966 2938 magistri
986 2827 1154 2916 Odonis3
1174 2827 1286 2917 item,
1309 2824 1412 2932 quod
1432 2825 1622 2934 predictus
1642 2826 1821 2935 magister
1840 2830 1923 2910 Odo

498 2964 616 3043 saisiri
635 2962 725 3041 fecit
742 2960 939 3039 residuum
958 2959 1048 3036 dicti
1063 2956 1184 3045 bladi,
1208 2973 1247 3033 et
1265 2955 1477 3065 grangiam,
1496 2956 1562 3035 ubi
1581 2956 1825 3059 eratdictum
1845 2959 1924 3037 bla-

499 3076 612 3187 dum,
629 3092 771 3171 firmari
789 3120 832 3171 ac
849 3092 967 3171 eciam
978 3090 1132 3201 sigillari
1148 3088 1250 3179 lecit,
1268 3116 1366 3167 anno
1381 3088 1538 3167 Domini
1558 3088 1761 3169 millesimo
1780 3108 1925 3170 trecen·

497 3228 635 3307 tesimo
651 3226 834 3335 septimo,
850 3225 953 3303 dicto
967 3222 1083 3302 blado
1100 3222 1277 3329 primitus
1291 3239 1525 3314 mensurato,
1537 3240 1761 3332 repertaque
1777 3254 1924 3303 summa

497 3358 682 3437 dictanrm
694 3356 1058 3464 quadringentarum
1077 3354 1286 3443 minarum
1307 3371 1361 3443 et,
1378 3354 1477 3433 ultra
1491 3382 1679 3433 summam
1698 3355 1919 3461 predictam,

496 3490 627 3599 viginti
643 3489 739 3567 duas
752 3490 873 3567 minas
891 3486 994 3567 bladi
1013 3489 1239 3565 invenerunt
1256 3484 1418 3578 ibidem,
1431 3502 1646 3593 computata
1662 3489 1925 3595 summaprius

366 3656 371 3669 ·
405 3651 409 3657 ’
495 3652 565 3731 per
578 3624 680 3728 ipsos
698 3620 885 3699 firmarios
899 3620 1041 3708 soluta3
1061 3618 1170 3705 item,
1188 3618 1294 3723 quod
1308 3617 1501 3724 predictus
1512 3619 1691 3727 magister
1706 3618 1793 3698 Odo
1808 3619 1925 3698 claves

496 3753 655 3860 predicti
671 3752 775 3830 bladi
790 3780 908 3860 penes
924 3779 965 3828 se
975 3749 1128 3838 habuit,
1151 3766 1189 3826 et
1208 3765 1429 3863 arrestatum
1441 3750 1566 3829 tenuit
1585 3749 1729 3829 dictum
1747 3750 1920 3841 bladum,

499 3886 550 3962 ita
567 3882 673 3991 quod
690 3882 781 3960 dicti
798 3881 954 3959 firmarii
969 3897 1100 3987 postea
1116 3908 1192 3959 non
1206 3897 1416 3987 potuerunt
1429 3882 1593 3990 gaudere
1609 3880 1656 3959 de
1671 3882 1775 3960 dicto
1791 3882 1919 3969 blado,

496 4042 567 4093 nec
580 4014 726 4093 solvere
741 4014 847 4120 quod
864 4012 1055 4091 debebant
1072 4010 1146 4089 illis
1159 4013 1301 4119 quibus
1319 4012 1559 4102 tenebantur,
1576 4014 1748 4092 terminis
1768 4042 1923 4093 consue-

496 4148 545 4225 tis
565 4162 603 4224 et
615 4146 781 4234 statutis,
796 4162 835 4222 et
847 4143 953 4252 quod
973 4144 1188 4233 residuum,
1200 4144 1306 4252 qnod
1318 4144 1498 4221 remansit
1510 4144 1549 4222 in
1566 4145 1665 4223 dicta
1679 4145 1922 4253 grangia,pe

498 4276 600 4354 nitus
620 4274 741 4353 extitit
757 4273 1029 4381 putrefactum
1051 4275 1163 4365 itern,
1179 4274 1283 4381 quod
1300 4274 1494 4380 predictus
1507 4275 1685 4384 magister
1695 4275 1782 4356 Odo
1799 4277 1922 4353 minus

492 4410 595 4518 juste
605 4405 790 4512 compulit
801 4406 921 4484 dictos
935 4405 1122 4484 firmarios
1136 4406 1184 4483 ad
1199 4403 1421 4485 solvendum
1437 4406 1561 4485 eidem
1573 4407 1702 4515 viginti
1717 4406 1834 4487 libras
1848 4411 1923 4486 Tu-

496 4568 696 4627 ronenses,
717 4566 786 4646 pro
807 4539 980 4645 eoquod
1003 4539 1082 4645 ipse
1103 4537 1254 4615 dicebat
1273 4537 1418 4615 dictum
1437 4537 1596 4617 bladum
1615 4566 1692 4618 non
1720 4568 1800 4619 esse
1820 4538 1921 4617 suffi-

497 4672 615 4762 ciam,
635 4670 745 4749 dictis
767 4669 942 4748 firmariis
965 4668 1267 4776 proponentibus
1286 4698 1325 4747 se
1346 4656 1394 4746 ad
1413 4668 1649 4748 solucionem
1670 4669 1855 4751 dictarum
1870 4672 1921 4747 vi-

496 4802 591 4909 ginti
609 4800 793 4879 librarum
813 4800 971 4879 minime
990 4801 1129 4892 teneri,
1147 4800 1342 4878 occasione
1362 4799 1669 4881 deterioracionis
1689 4802 1779 4881 dicti
1799 4802 1918 4893 bladi,

496 4958 585 5013 cum
598 4947 753 5039 propter
769 4959 876 5010 suam
890 4932 1066 5009 saisinam
1081 4931 1288 5038 predictam
1304 4934 1377 5011 boc
1391 4932 1523 5040 pocius
1538 4932 1771 5041 contigisset,
1787 4950 1826 5011 et
1840 4932 1921 5039 plu-

500 5063 608 5143 ribus
618 5060 701 5140 aliis
710 5062 924 5140 racionibus
938 5062 985 5140 ab
1000 5062 1090 5168 ipsis
1103 5064 1321 5169 propositis,
1337 5064 1478 5171 quibus
1492 5065 1646 5171 spretis,
1662 5063 1784 5143 dictos
1798 5062 1921 5141 firma-
