4450 6209
735 695 1004 821 'uuoutrrs
1029 727 1093 802 nr
1118 707 1327 805 procus.
1360 703 1369 719 ’
1679 729 1743 804 121

319 873 451 952 liarius
468 888 599 950 noster
616 869 820 951 Oudardus
847 873 895 950 de
919 871 1156 966 Villa-Nova,
1181 890 1273 951 tunc
1293 871 1451 980 negocio
1472 871 1571 950 dicte
1591 871 1751 980 inquisi-
1788 915 1920 972 runnu
1934 891 1977 954 tv,

319 1005 439 1084 cionis
458 1004 675 1094 intendens,
697 1004 809 1082 sciret
827 1031 944 1114 super
961 1004 1035 1082 hoc
1048 1005 1255 1083 veritatem.
1278 1005 1353 1100 Qui
1370 1004 1591 1094 Oudardus,
1613 1005 1753 1084 vocatis
1852 1007 1916 1048 ¹³⁰³·

319 1138 508 1247 partibus,
530 1165 647 1244 super
665 1138 739 1214 hoc
755 1164 824 1244 per
838 1137 925 1215 lide
933 1138 1068 1245 dignos
1082 1136 1171 1216 lecit
1185 1139 1378 1217 veritatem
1394 1137 1534 1245 inquiri
1552 1171 1560 1215 z
1577 1139 1753 1245 lnquesta

320 1297 409 1348 vero
427 1269 615 1377 predicta,
637 1287 764 1348 nostre
783 1269 888 1346 curie
906 1287 1112 1377 reportata,
1139 1270 1215 1348 visa
1240 1287 1277 1352 et
1303 1271 1505 1378 diligenter
1529 1270 1754 1362 examinata,

319 1416 530 1508 vocatoque
547 1399 648 1478 dicto
667 1399 821 1480 Matheo
840 1400 889 1478 ad
903 1401 967 1509 jus
985 1426 1100 1507 super
1117 1399 1192 1478 hoc
1214 1399 1465 1526 audiendum,
1484 1429 1552 1508 per
1566 1402 1757 1510 judicium

320 1549 450 1611 nostre
464 1531 588 1620 curie,
604 1531 751 1608 dictum
761 1530 832 1610 luit
843 1533 1059 1639 predictum
1073 1532 1238 1609 Alanum
1254 1549 1382 1608 contra
1398 1532 1544 1609 dictum
1561 1534 1757 1612 Matheum

321 1665 582 1744 intencionem
609 1691 716 1742 suam
741 1661 974 1743 sufficienter
998 1663 1236 1772 probaviss03
1266 1682 1304 1742 et
1330 1665 1437 1772 quod
1468 1665 1593 1742 eidem
1618 1665 1753 1758 Alaun,

320 1797 491 1905 quandiu
518 1797 597 1904 ipse
622 1796 867 1903 vixerit,·pro
896 1796 1070 1903 dampnis
1094 1796 1190 1885 suis,
1214 1796 1337 1874 dictus
1361 1796 1535 1876 Matheus
1562 1799 1755 1875 annuatim

320 1928 509 2037 persolvet
531 1928 664 2005 decem
689 1945 728 2006 et
749 1945 836 2006 octo
860 1928 977 2006 libras
998 1927 1242 2017 Parisienses‚
1267 1943 1305 2004 et
1324 1928 1443 2006 eciam
1461 1927 1614 2036 triginta
1637 1945 1674 2006 et
1693 1957 1756 2006 sex

321 2060 438 2138 libras
456 2089 526 2167 pro
545 2060 742 2169 arreragiis
756 2060 847 2138 dicti
866 2060 1042 2137 redditus
1057 2059 1106 2136 d'e
1119 2059 1274 2138 ¹duobus
1292 2061 1400 2136 annis
1418 2060 1608 2166 preteritis
1623 2091 1645 2139 a
1660 2075 1756 2138 tem-

321 2219 414 2298 pore
433 2190 588 2270 lesionis
603 2191 787 2299 predicte,
804 2197 844 2268 et
854 2190 962 2299 quod
976 2190 1067 2267 dicti
1083 2191 1225 2271 Mathei
1242 2191 1433 2269 hereditas
1448 2208 1486 2268 et
1498 2191 1600 2270 bona
1615 2192 1662 2268 ad
1683 2194 1756 2270 hoc

284 2353 294 2380 ·
321 2323 576 2402 remanebunt
599 2323 762 2434 obligata
785 2321 904 2402 Alano
933 2323 1124 2430 predict03
1154 2339 1193 2400 st
1219 2322 1324 2430 quod
1351 2324 1454 2400 idom
1480 2323 1674 2413 Matheus,
1701 2351 1757 2401 ra-

319 2454 433 2532 done
451 2453 538 2531 lacti
558 2456 736 2561 predicti,
760 2471 1015 2534 trecentarum
1042 2455 1225 2533 librarum
1247 2455 1513 2537 Patisiensium
1537 2455 1648 2534 n'obis
1672 2483 1757 2562 per-

322 2583 442 2663 solvet
460 2586 675 2664 emendam.
1709 2615 1712 2624 ·
1748 2618 1751 2628 ·

379 2717 486 2794 Lune
505 2717 710 2796 inocubis
728 2716 1089 2828 Magdalene,·'anno
1108 2720 1527 2798 trecentesimo'tereio.
1613 2708 1616 2716 ⁵
1640 2707 1644 2721 ⁸

378 2985 438 3062 lX.
470 2984 567 3063 Cum
592 2985 635 3061 in
654 3013 764 3062 causa
782 2984 823 3062 in
842 2986 946 3062 curia
964 3002 1092 3063 nostra
1117 3001 1220 3063 mota
1238 2985 1338 3062 iuter
1361 2983 1527 3091 priorem
1551 3001 1589 3062 et
1614 2987 1756 3094 capitu-

323 3115 406 3192 lum
422 3115 579 3194 ecclesie
596 3117 885 3224 Santi-Caprasii
905 3117 952 3195 de
969 3115 1144 3224 Agcnno,
1168 3145 1213 3194 ex
1228 3146 1305 3195 una
1323 3134 1446 3224 parte,
1468 3133 1507 3194 et
1526 3117 1701 3196 consules
1719 3098 1757 3195 et

322 3247 623 3337 universitatem,
645 3246 802 3327 civitatis
815 3247 1066 3358 Agennensis,
1088 3279 1133 3326 ex
1152 3250 1282 3338 altera,
1302 3275 1414 3356 super
1428 3248 1601 3354 plmr'bus
1615 3250 1758 3328 violen-

323 3378 407 3469 ciis,
428 3379 577 3488 injuriis
595 3398 636 3461 et
653 3379 980 3488 oppressionibus,
998 3409 1067 3488 per
1085 3381 1207 3458 dictos
1226 3380 1455 3458 consuleret
1469 3381 1754 3460 'universitatem

324 3511 443 3588 eciam
468 3539 554 3589 cum
578 3514 708 3603 armis,
735 3512 776 3589 iu
801 3513 899 3589 dicta
924 3513 1080 3590 ecclesia
1103 3511 1225 3600 lactis,
1247 3528 1291 3588 ut
1316 3509 1534 3604 dicebatur;
1555 3512 1693 3591 auditis
1717 3531 1756 3591 et

323 3641 467 3749 pluries
484 3644 652 3750 parcium
677 3643 935 3752 predictarum
953 3644 1169 3722 racionihus
1188 3643 1278 3721 hinc
1297 3660 1336 3720 et
1354 3644 1460 3730 inde,
1481 3671 1550 3751 per
1568 3661 1753 3722 arrestum

325 3791 453 3852 nostre
467 3777 572 3853 curie
587 3775 733 3853 dictum
748 3775 880 3854 luisset
895 3777 1000 3885 quod
1015 3777 1187 3884 inquesta
1201 3804 1316 3883 super
1330 3775 1404 3855 hoc
1417 3773 1465 3852 de
1480 3777 1657 3854 mundato
1672 3805 1756 3856 nos

324 3923 384 3985 tro
399 3905 495 3984 lacta
509 3907 701 3986 videretur
715 3925 754 3986 et
763 3907 1022 4017 judicaretur:
1039 3907 1229 4002 Tandem,
1246 3913 1417 4016 inquesta
1434 3908 1600 4015 predicta
1613 3938 1683 4017 per
1697 3939 1756 3987 cu·

324 4039 421 4116 riam
431 4055 600 4118 nostram
608 4041 686 4118 visa
698 4057 738 4118 et
750 4039 951 4151 diligenter
962 4042 1184 4134 examinata,
1200 4041 1301 4118 dicta
1313 4041 1497 4148 inquens,
1512 4059 1699 4149 quantum
1709 4043 1758 4118 ad

324 4186 450 4277 partes
467 4171 672 4278 predictas,
692 4190 849 4280 propter
867 4175 1184 4280 compromissum
1204 4174 1304 4250 inter
1322 4199 1363 4250 se
1383 4171 1523 4252 lactum
1545 4201 1658 4280 super
1674 4203 1758 4281 pre-

325 4300 455 4391 dictis,
474 4301 549 4380 fuit
567 4304 617 4381 ad
635 4331 791 4412 presens
808 4304 930 4409 posita
944 4305 984 4380 in
999 4330 1197 4411 suspenso,
1218 4321 1257 4381 et
1271 4303 1321 4381 ad
1330 4303 1545 4412 judicatum
1561 4320 1755 4382 reservata.

324 4433 605 4524 Veruntamen,
627 4452 812 4542 quantum
841 4435 890 4511 ad
913 4462 1000 4525 nos,
1021 4461 1091 4540 per
1106 4433 1296 4542 judicium
1318 4450 1446 4511 nostre
1469 4433 1592 4522 curie,
1615 4431 1758 4510 dictum

325 4560 399 4640 luit
421 4564 529 4672 quod
552 4566 643 4642 dicti
671 4566 847 4644 consules
871 4581 910 4642 et
926 4563 1166 4656 universitas,
1186 4591 1256 4672 pro
1281 4561 1385 4640 lactis
1408 4563 1605 4670 predictis,
1627 4564 1760 4642 decem

326 4691 491 4772 millium
509 4695 691 4776 librarum
710 4697 995 4776 Turonensium
1014 4695 1126 4775 nobis
1144 4695 1360 4804 persolvent
1375 4695 1587 4772 emendam.

384 4825 491 4904 Lune
509 4845 598 4934 post
616 4827 797 4907 Sanctum
817 4830 1088 4919 Laurencium,
1110 4855 1210 4906 anno
1228 4827 1497 4906 trecentesimo
1517 4827 1647 4905 tercio.

382 5091 427 5167 X.
459 5090 556 5169 Cum
581 5093 750 5172 Thomas
774 5094 822 5172 de
850 5093 1025 5173 Graveria
1048 5093 1254 5200 quamdam
1280 5071 1509 5198 induestaru,
1539 5119 1652 5197 super
1678 5120 1755 5170 ser-

413 5269 466 5310 tss
488 5267 570 5312 οιιιι.
594 5271 640 5311 ιιι.
1614 5246 1650 5308 ι6
1742 5283 1746 5291 -
