4450 6209
778 680 1045 789 uuounvns
1070 698 1135 771 ev
1160 681 1367 774 reeens.
1710 704 1780 775 eor

367 861 493 917 coram
513 837 613 915 dicto
632 835 770 915 ballivo
790 838 829 915 in
848 854 946 917 statu
963 866 1049 928 suo,
1070 854 1110 915 et
1125 838 1231 945 quod
1244 839 1409 946 dampne
1423 837 1496 918 sibi
1510 868 1578 945 per
1594 840 1667 917 hoe
1684 840 1786 919 illata
1824 852 2007 917 esrrrrsrrv,

366 968 617 1047 redderentur
628 968 788 1058 eisdem,
807 968 906 1046 dicta
919 968 1109 1049 comitissa
1118 969 1158 1045 in
1172 968 1652 1075 contrarium-proponente
1662 972 1784 1078 quod,
1887 944 1949 987 Μ’

365 1116 441 1175 mm
465 1098 512 1176 de
527 1099 615 1206 jure
635 1127 749 1205 quem
770 1098 817 1177 de
836 1126 909 1181 usu
928 1116 967 1177 et
985 1099 1260 1177 consuetudine
1277 1100 1453 1188 notoriis,
1476 1099 1542 1177 diu
1562 1101 1729 1180 obtentis
1749 1118 1788 1180 et

367 1228 585 1319 observatis,
607 1229 817 1335 specialiter
836 1230 874 1305 in
895 1229 998 1307 curia
1017 1228 1114 1307 dicte
1135 1229 1391 1320 Villa-Nove,
1412 1229 1503 1307 dicti
1522 1229 1688 1339 religiosi
1707 1258 1787 1309 non

366 1376 541 1465 poterent
559 1360 688 1437 venire
714 1360 762 1437 ad
784 1359 997 1467 predictum
1022 1359 1223 1452 ballivum,
1242 1378 1436 1466 tamquam
1459 1362 1509 1438 ad
1532 1361 1785 1467 superiorem,

366 1490 438 1567 nisi
454 1518 522 1595 per
533 1489 827 1596 appellacionem
841 1518 862 1568 a
874 1489 966 1569 falso
983 1506 1021 1569 et
1033 1518 1146 1597 pravo
1157 1489 1304 1598 judicio
1316 1490 1377 1569 vel
1389 1519 1410 1567 a
1423 1489 1574 1569 delectu
1585 1492 1699 1599 juris,
1717 1491 1789 1571 dic-

365 1621 414 1699 tis
430 1621 614 1728 religiosis
633 1622 672 1697 in
692 1622 919 1699 contrarium
942 1621 1219 1710 asserentibus3
1240 1620 1412 1712 tandem,
1435 1620 1571 1700 auditis
1589 1621 1680 1699 hinc
1698 1622 1788 1701 inde

367 1750 583 1857 propositis,
607 1750 729 1827 dictus
754 1749 914 1829 ballivus
939 1749 1199 1856 pronunciavit
1218 1748 1338 1827 dictos
1361 1749 1555 1857 religiosos
1581 1778 1660 1831 non
1679 1777 1788 1856 posse

368 1908 436 1958 nec
455 1879 594 1959 debere
614 1882 750 1959 acuria
763 1882 862 1959 dicte
882 1880 1070 1959 comitisse
1089 1880 1216 1959 venire
1235 1878 1439 1985 adipsum,
1455 1896 1649 1987 tamquam
1668 1881 1717 1957 ad
1731 1910 1790 1961 su-

366 2011 653 2117 periorem,pro
672 2010 947 2118 delectn·juris,
963 2012 1033 2089 nisi
1050 2039 1119 2116 per
1137 2009 1452 2117 appel-lacionem3
1471 2038 1585 2117 aquo
1598 2011 1788 2117 judicato,

365 2152 554 2246 tamquam
567 2138 659 2217 falso
673 2156 710 2217 et
718 2166 847 2244 pravo,
860 2139 950 2217 dicti
963 2138 1127 2246 religiosi
1137 2138 1187 2215 ad
1199 2139 1340 2216 curiam
1349 2156 1515 2217 nostram
1526 2139 1785 2245 appellarunt:

368 2269 554 2360 Tandem,
571 2269 666 2347 lacta
689 2268 863 2376 inquesta
884 2269 930 2347 de
954 2268 1133 2347 mandato
1158 2268 1262 2345 curie
1286 2286 1414 2346 nostre
1437 2294 1552 2374 super
1575 2270 1785 2373 premissis,

367 2398 443 2475 visa
460 2416 498 2476 et
515 2398 717 2508 diligenter
736 2401 959 2491 examinata,
976 2399 1112 2477 auditis
1126 2398 1319 2476 hincinde
1335 2398 1555 2504 propositis,
1570 2402 1790 2504 pronuncia·

367 2544 450 2604 tum
470 2526 559 2617 fuit,
577 2558 645 2637 per
660 2530 761 2606 curie
782 2546 910 2607 nostre
925 2529 1130 2637 judicium,
1146 2528 1289 2606 dictum
1308 2527 1488 2605 ballivum
1507 2529 1606 2606 bene
1619 2557 1789 2635 pronun-

367 2656 497 2749 ciasse,
514 2675 552 2737 et
565 2658 684 2737 dictos
703 2657 897 2765 religiosos
913 2658 1011 2737 male
1032 2655 1254 2765 appellasse,
1270 2674 1308 2734 et
1321 2657 1394 2737 hoc
1412 2657 1683 2738 emendabunt.

422 2788 579 2868 Veneris
597 2804 684 2895 post
699 2787 932 2867 Brandcnes.

424 2919 649 3027 Pasquerius
667 2918 886 3025 reportavit

424 3180 546 3257 xtffl.
577 3178 674 3258 Cum
688 3180 878 3258 lohannes
893 3179 940 3256 de
954 3178 1077 3265 Levis,
1092 3179 1271 3257 dominus
1285 3178 1509 3285 Mirapiscis,
1524 3178 1724 3284 incepisset
1738 3182 1792 3259 im

369 3310 518 3416 quircre
535 3326 662 3387 cenna
677 3310 861 3415 quosdam
878 3308 1053 3388 homines
1065 3308 1153 3385 ville
1168 3307 1387 3413 Mirapiscis,
1405 3335 1579 3413 supereo
1598 3308 1705 3414 quod
1720 3309 1792 3387 do·-

370 3466 476 3517 mum
499 3439 666 3549 magistri
689 3438 843 3517 Amaldi
862 3439 959 3517 Picis
977 3438 1049 3517 nisi
1072 3438 1224 3515 fuerant
1247 3437 1399 3554 diruere
1422 3453 1462 3514 et
1481 3438 1686 3544 quemdam
1708 3439 1790 3545 ejus

368 3569 515 3647 vineam
537 3570 736 3675 extirpare,
756 3568 965 3645 inhibitum
987 3565 1119 3647 firiseet
1142 3595 1211 3672 per
1225 3582 1512 3673 procuratorem
1537 3582 1709 3646 nostrum
1733 3594 1791 3647 se·

369 3698 550 3777 nescallie⁴
571 3698 882 3779 Carcassonensis
897 3698 1073 3809 gentibus
1096 3696 1242 3788 domini
1267 3694 1472 3801 supradicti
1492 3724 1541 3776 ne
1561 3696 1721 3802 amplius
1740 3698 1791 3781 de

369 3828 467 3907 dicta
487 3856 595 3906 causa
619 3846 904 3937 cognoscerent,
926 3858 1012 3907 cum
1034 3828 1125 3906 dicti
1145 3827 1274 3906 delicti
1293 3826 1464 3934 cognicio
1482 3842 1523 3905 et·
1540 3826 1712 3931 punicio,
1733 3856 1792 3905 ra-

370 3959 477 4036 cione
497 3956 701 4035 delacionis
720 3986 913 4036 mmcmm
936 3974 975 4035 et
993 3956 1304 4063 fractionis-pacis
1323 3954 1373 4035 ed
1392 3983 1462 4033 nos
1480 3954 1609 4033 solum·
1624 3955 1791 4061 pertine·

370 4105 445 4176 ret,
465 4104 510 4166 ut
529 4086 735 4178 dicebat3a
755 4116 829 4194 qus
848 4088 1008 4195 quidem
1029 4087 1262 4166 inhibicione
1283 4102 1503 4191 procurator
1525 4086 1616 4163 dicti
1644 4086 1791 4164 demini

370 4217 574 4325 Mirepiscis
600 4215 798 4323 appellavit
809 4272 825 4306 ,.-
848 4244 923 4323 qua
949 4215 1204 4321 appellacicne
1230 4231 1422 4321 tamquam
1442 4212 1572 4292 frivola
1597 4241 1675 4293 non
1703 4213 1791 4291 obs-

370 4362 490 4436 tante,
506 4346 555 4423 de
568 4346 745 4423 mandato
757 4344 952 4423 senescalli
964 4345 1083 4425 nostri
1098 4343 1403 4423 Cereassenansis
1416 4326 1489 4418 suit
1501 4342 1725 4447 inquisitum
1742 4342 1790 4419 de

369 4476 582 4582 premissis,
607 4491 646 4553 et
664 4491 821 4581 postea,
837 4473 1052 4581 prepositus
1075 4490 1169 4554 tunc
1192 4471 1241 4549 de
1260 4470 1439 4550 Anversio
1460 4486 1502 4556 et
1519 4486 1650 4548 cantor
1671 4468 1792 4547 Aure

371 4604 565 4696 lissiensis,
585 4602 634 4683 ad
659 4620 784 4711 partes
803 4602 927 4681 illesa
944 4602 1054 4681 nobis
1074 4601 1199 4691 missi,
1225 4601 1364 4679 dictam
1384 4584 1621 4675 resumentes
1640 4596 1791 4703 inques-

371 4751 466 4823 tam,
486 4755 568 4811 eam
588 4731 738 4812 cuidam
758 4732 1011 4813 commissario
1030 4729 1269 4809 tradiderunt
1287 4725 1556 4836 perficiendam
1571 4725 1792 4831 etjudican·

372 4862 477 4954 dam;
489 4890 614 4941 coram
622 4880 931 4971 quoprccurator
944 4861 1032 4941 dicti
1044 4859 1190 4943 domini
1202 4857 1410 4967 Mirepisci‘e
1419 4856 1647 4964 comparuit,
1656 4874 1791 4965 petens

371 4992 513 5073 curiam
534 4993 581 5072 de
602 4993 711 5073 dictu
734 4994 951 5073 hominibus
969 4992 1109 5073 remitti
1130 4990 1179 5067 ad
1201 4990 1403 5069 dominum
1427 5016 1555 5079 suum,
1576 4985 1790 5067 exhibendo
