<?xml version="1.0" encoding="UTF-8"?>
<!DOCTYPE html PUBLIC "-//W3C//DTD XHTML 1.0 Transitional//EN"
    "http://www.w3.org/TR/xhtml1/DTD/xhtml1-transitional.dtd">
<html xmlns="http://www.w3.org/1999/xhtml" xml:lang="en" lang="en">
 <head>
  <title>
</title>
<meta http-equiv="Content-Type" content="text/html;charset=utf-8" />
  <meta name='ocr-system' content='tesseract 3.04.00' />
  <meta name='ocr-capabilities' content='ocr_page ocr_carea ocr_par ocr_line ocrx_word'/>
</head>
<body>
  <div class='ocr_page' id='page_1' title='image "./lesolimouregist00parigoog_0706.png"; bbox 0 0 4450 6209; ppageno 0'>
   <div class='ocr_carea' id='block_1_1' title="bbox 744 705 1742 817">
    <p class='ocr_par' dir='ltr' id='par_1_1' title="bbox 744 705 1742 817">
     <span class='ocr_line' id='line_1_1' title="bbox 744 705 1742 817; baseline -0.006 -19"><span class='ocrx_word' id='word_1_1' title='bbox 744 708 1011 817; x_wconf 80' lang='lat' dir='ltr'>nuoutrns</span> <span class='ocrx_word' id='word_1_2' title='bbox 1036 727 1098 799; x_wconf 77' lang='lat' dir='ltr'>st</span> <span class='ocrx_word' id='word_1_3' title='bbox 1126 705 1329 799; x_wconf 82' lang='lat' dir='ltr'>eaocts.</span> <span class='ocrx_word' id='word_1_4' title='bbox 1534 802 1540 815; x_wconf 63' lang='grc'>,</span> <span class='ocrx_word' id='word_1_5' title='bbox 1674 724 1742 793; x_wconf 85' lang='lat' dir='ltr'>on</span> 
     </span>
    </p>
   </div>
   <div class='ocr_carea' id='block_1_2' title="bbox 330 862 1969 4229">
    <p class='ocr_par' dir='ltr' id='par_1_2' title="bbox 330 862 1969 4229">
     <span class='ocr_line' id='line_1_2' title="bbox 331 862 1969 975; baseline -0.007 -26"><span class='ocrx_word' id='word_1_6' title='bbox 331 898 471 959; x_wconf 87' lang='lat' dir='ltr'>versos,</span> <span class='ocrx_word' id='word_1_7' title='bbox 493 871 533 945; x_wconf 92' lang='lat' dir='ltr'>in</span> <span class='ocrx_word' id='word_1_8' title='bbox 552 866 678 973; x_wconf 90' lang='lat' dir='ltr'>aliquo</span> <span class='ocrx_word' id='word_1_9' title='bbox 697 898 811 975; x_wconf 92' lang='lat' dir='ltr'>super</span> <span class='ocrx_word' id='word_1_10' title='bbox 825 868 898 947; x_wconf 89' lang='lat' dir='ltr'>hoc</span> <span class='ocrx_word' id='word_1_11' title='bbox 916 896 994 944; x_wconf 92' lang='lat' dir='ltr'>non</span> <span class='ocrx_word' id='word_1_12' title='bbox 1015 867 1154 945; x_wconf 89' lang='lat' dir='ltr'>debere</span> <span class='ocrx_word' id='word_1_13' title='bbox 1174 864 1457 971; x_wconf 86' lang='lat' dir='ltr'>condempnari,</span> <span class='ocrx_word' id='word_1_14' title='bbox 1470 892 1557 941; x_wconf 90' lang='lat' dir='ltr'>cum</span> <span class='ocrx_word' id='word_1_15' title='bbox 1577 890 1652 941; x_wconf 90' lang='lat' dir='ltr'>non</span> <span class='ocrx_word' id='word_1_16' title='bbox 1666 862 1748 941; x_wconf 83' lang='lat' dir='ltr'>lue·</span> <span class='ocrx_word' id='word_1_17' title='bbox 1778 867 1908 921; x_wconf 68' lang='lat' dir='ltr'>Pflfflm</span> <span class='ocrx_word' id='word_1_18' title='bbox 1927 866 1969 929; x_wconf 75' lang='lat' dir='ltr'>ll·</span> 
     </span>
     <span class='ocr_line' id='line_1_3' title="bbox 331 958 1910 1104; baseline -0.008 -25"><span class='ocrx_word' id='word_1_19' title='bbox 331 1002 381 1079; x_wconf 88' lang='lat' dir='ltr'>rit</span> <span class='ocrx_word' id='word_1_20' title='bbox 398 1002 537 1079; x_wconf 81' lang='lat' dir='ltr'>facturn</span> <span class='ocrx_word' id='word_1_21' title='bbox 556 997 822 1087; x_wconf 75' lang='lat' dir='ltr'>universitatis,</span> <span class='ocrx_word' id='word_1_22' title='bbox 839 998 907 1077; x_wconf 90' lang='lat' dir='ltr'>sed</span> <span class='ocrx_word' id='word_1_23' title='bbox 921 1015 1106 1077; x_wconf 88' lang='lat' dir='ltr'>certarum</span> <span class='ocrx_word' id='word_1_24' title='bbox 1121 1015 1160 1075; x_wconf 89' lang='lat' dir='ltr'>et</span> <span class='ocrx_word' id='word_1_25' title='bbox 1172 995 1415 1104; x_wconf 82' lang='lat' dir='ltr'><strong>singularium</strong></span> <span class='ocrx_word' id='word_1_26' title='bbox 1429 1021 1692 1100; x_wconf 88' lang='lat' dir='ltr'>personarum,</span> <span class='ocrx_word' id='word_1_27' title='bbox 1706 1009 1749 1069; x_wconf 93' lang='lat' dir='ltr'>ut</span> <span class='ocrx_word' id='word_1_28' title='bbox 1846 958 1910 1001; x_wconf 57' lang='lat' dir='ltr'>lm</span> 
     </span>
     <span class='ocr_line' id='line_1_4' title="bbox 331 1122 1751 1236; baseline -0.008 -27"><span class='ocrx_word' id='word_1_29' title='bbox 331 1130 496 1220; x_wconf 82' lang='lat' dir='ltr'>dicebat,</span> <span class='ocrx_word' id='word_1_30' title='bbox 507 1156 622 1236; x_wconf 88' lang='lat' dir='ltr'>super</span> <span class='ocrx_word' id='word_1_31' title='bbox 636 1129 775 1235; x_wconf 92' lang='lat' dir='ltr'>quibus</span> <span class='ocrx_word' id='word_1_32' title='bbox 787 1130 1060 1218; x_wconf 79' lang='lat' dir='ltr'><strong>mandavimus,</strong></span> <span class='ocrx_word' id='word_1_33' title='bbox 1078 1157 1147 1233; x_wconf 90' lang='lat' dir='ltr'>per</span> <span class='ocrx_word' id='word_1_34' title='bbox 1160 1128 1290 1235; x_wconf 88' lang='lat' dir='ltr'>plures</span> <span class='ocrx_word' id='word_1_35' title='bbox 1299 1126 1569 1205; x_wconf 90' lang='lat' dir='ltr'>commissarios</span> <span class='ocrx_word' id='word_1_36' title='bbox 1584 1141 1623 1203; x_wconf 88' lang='lat' dir='ltr'>et</span> <span class='ocrx_word' id='word_1_37' title='bbox 1636 1122 1751 1229; x_wconf 91' lang='lat' dir='ltr'>pluri-</span> 
     </span>
     <span class='ocr_line' id='line_1_5' title="bbox 331 1254 1749 1369; baseline -0.006 -30"><span class='ocrx_word' id='word_1_38' title='bbox 331 1262 404 1339; x_wconf 92' lang='lat' dir='ltr'>bus</span> <span class='ocrx_word' id='word_1_39' title='bbox 418 1261 575 1349; x_wconf 88' lang='lat' dir='ltr'>vicibus,</span> <span class='ocrx_word' id='word_1_40' title='bbox 593 1260 732 1366; x_wconf 86' lang='lat' dir='ltr'>inquiri</span> <span class='ocrx_word' id='word_1_41' title='bbox 747 1260 953 1338; x_wconf 86' lang='lat' dir='ltr'>veritatem:</span> <span class='ocrx_word' id='word_1_42' title='bbox 967 1262 1076 1337; x_wconf 85' lang='lat' dir='ltr'>Facta</span> <span class='ocrx_word' id='word_1_43' title='bbox 1094 1259 1208 1369; x_wconf 83' lang='lat' dir='ltr'>igitur</span> <span class='ocrx_word' id='word_1_44' title='bbox 1218 1257 1393 1347; x_wconf 86' lang='lat' dir='ltr'>finaliter,</span> <span class='ocrx_word' id='word_1_45' title='bbox 1410 1256 1546 1335; x_wconf 87' lang='lat' dir='ltr'>vocatis</span> <span class='ocrx_word' id='word_1_46' title='bbox 1559 1254 1679 1363; x_wconf 88' lang='lat' dir='ltr'>partib</span> <span class='ocrx_word' id='word_1_47' title='bbox 1686 1284 1749 1342; x_wconf 90' lang='lat' dir='ltr'>us,</span> 
     </span>
     <span class='ocr_line' id='line_1_6' title="bbox 332 1386 1753 1498; baseline -0.005 -30"><span class='ocrx_word' id='word_1_48' title='bbox 332 1392 506 1498; x_wconf 85' lang='lat' dir='ltr'>inquesta</span> <span class='ocrx_word' id='word_1_49' title='bbox 522 1391 571 1469; x_wconf 91' lang='lat' dir='ltr'>de</span> <span class='ocrx_word' id='word_1_50' title='bbox 590 1391 786 1497; x_wconf 82' lang='lat' dir='ltr'>predictis,</span> <span class='ocrx_word' id='word_1_51' title='bbox 805 1390 981 1498; x_wconf 76' lang='lat' dir='ltr'>dictoque</span> <span class='ocrx_word' id='word_1_52' title='bbox 997 1392 1099 1469; x_wconf 90' lang='lat' dir='ltr'>curie</span> <span class='ocrx_word' id='word_1_53' title='bbox 1118 1407 1244 1468; x_wconf 91' lang='lat' dir='ltr'>nostre</span> <span class='ocrx_word' id='word_1_54' title='bbox 1264 1405 1469 1495; x_wconf 84' lang='lat' dir='ltr'>reportata,</span> <span class='ocrx_word' id='word_1_55' title='bbox 1485 1415 1602 1493; x_wconf 89' lang='lat' dir='ltr'>eaque</span> <span class='ocrx_word' id='word_1_56' title='bbox 1622 1386 1697 1463; x_wconf 83' lang='lat' dir='ltr'>visa</span> <span class='ocrx_word' id='word_1_57' title='bbox 1712 1415 1753 1462; x_wconf 90' lang='lat' dir='ltr'>ac</span> 
     </span>
     <span class='ocr_line' id='line_1_7' title="bbox 334 1518 1754 1630; baseline -0.005 -31"><span class='ocrx_word' id='word_1_58' title='bbox 334 1521 534 1630; x_wconf 84' lang='lat' dir='ltr'>diligenter</span> <span class='ocrx_word' id='word_1_59' title='bbox 553 1522 774 1612; x_wconf 81' lang='lat' dir='ltr'>examinata,</span> <span class='ocrx_word' id='word_1_60' title='bbox 796 1523 899 1628; x_wconf 88' lang='lat' dir='ltr'>quia,</span> <span class='ocrx_word' id='word_1_61' title='bbox 922 1523 1125 1629; x_wconf 89' lang='lat' dir='ltr'>peripsam</span> <span class='ocrx_word' id='word_1_62' title='bbox 1151 1522 1378 1628; x_wconf 88' lang='lat' dir='ltr'>inquestam,</span> <span class='ocrx_word' id='word_1_63' title='bbox 1396 1536 1586 1625; x_wconf 88' lang='lat' dir='ltr'>repertum</span> <span class='ocrx_word' id='word_1_64' title='bbox 1607 1532 1662 1593; x_wconf 88' lang='lat' dir='ltr'>est</span> <span class='ocrx_word' id='word_1_65' title='bbox 1683 1518 1754 1593; x_wconf 85' lang='lat' dir='ltr'>ho·</span> 
     </span>
     <span class='ocr_line' id='line_1_8' title="bbox 333 1648 1755 1760; baseline -0.006 -29"><span class='ocrx_word' id='word_1_66' title='bbox 333 1654 458 1731; x_wconf 89' lang='lat' dir='ltr'>mines</span> <span class='ocrx_word' id='word_1_67' title='bbox 479 1670 519 1731; x_wconf 90' lang='lat' dir='ltr'>et</span> <span class='ocrx_word' id='word_1_68' title='bbox 545 1652 773 1731; x_wconf 71' lang='lat' dir='ltr'>habitatores</span> <span class='ocrx_word' id='word_1_69' title='bbox 791 1653 983 1760; x_wconf 89' lang='lat' dir='ltr'>predictos</span> <span class='ocrx_word' id='word_1_70' title='bbox 1010 1653 1267 1731; x_wconf 84' lang='lat' dir='ltr'>universaliter</span> <span class='ocrx_word' id='word_1_71' title='bbox 1290 1651 1404 1729; x_wconf 89' lang='lat' dir='ltr'>luisse</span> <span class='ocrx_word' id='word_1_72' title='bbox 1427 1648 1690 1727; x_wconf 79' lang='lat' dir='ltr'>inobedientes</span> <span class='ocrx_word' id='word_1_73' title='bbox 1718 1664 1755 1723; x_wconf 91' lang='lat' dir='ltr'>et</span> 
     </span>
     <span class='ocr_line' id='line_1_9' title="bbox 332 1782 1754 1893; baseline -0.003 -34"><span class='ocrx_word' id='word_1_74' title='bbox 332 1782 514 1871; x_wconf 85' lang='lat' dir='ltr'>rebelles,</span> <span class='ocrx_word' id='word_1_75' title='bbox 536 1783 575 1859; x_wconf 90' lang='lat' dir='ltr'>in</span> <span class='ocrx_word' id='word_1_76' title='bbox 587 1810 664 1861; x_wconf 91' lang='lat' dir='ltr'>non</span> <span class='ocrx_word' id='word_1_77' title='bbox 685 1783 866 1860; x_wconf 72' lang='lat' dir='ltr'>servando</span> <span class='ocrx_word' id='word_1_78' title='bbox 885 1783 1166 1861; x_wconf 87' lang='lat' dir='ltr'>ordinacionem</span> <span class='ocrx_word' id='word_1_79' title='bbox 1181 1800 1346 1861; x_wconf 86' lang='lat' dir='ltr'>nostram</span> <span class='ocrx_word' id='word_1_80' title='bbox 1366 1810 1479 1889; x_wconf 89' lang='lat' dir='ltr'>super</span> <span class='ocrx_word' id='word_1_81' title='bbox 1496 1808 1609 1893; x_wconf 86' lang='lat' dir='ltr'>cursu</span> <span class='ocrx_word' id='word_1_82' title='bbox 1628 1794 1754 1855; x_wconf 89' lang='lat' dir='ltr'>nostre</span> 
     </span>
     <span class='ocr_line' id='line_1_10' title="bbox 332 1904 1754 2019; baseline -0.003 -30"><span class='ocrx_word' id='word_1_83' title='bbox 332 1912 441 1991; x_wconf 85' lang='lat' dir='ltr'>fortis</span> <span class='ocrx_word' id='word_1_84' title='bbox 458 1928 625 2001; x_wconf 89' lang='lat' dir='ltr'>monete,</span> <span class='ocrx_word' id='word_1_85' title='bbox 647 1911 781 1989; x_wconf 67' lang='lat' dir='ltr'>lacum</span> <span class='ocrx_word' id='word_1_86' title='bbox 801 1928 839 1989; x_wconf 90' lang='lat' dir='ltr'>et</span> <span class='ocrx_word' id='word_1_87' title='bbox 853 1913 1079 2018; x_wconf 88' lang='lat' dir='ltr'>publicatam</span> <span class='ocrx_word' id='word_1_88' title='bbox 1099 1914 1137 1989; x_wconf 92' lang='lat' dir='ltr'>in</span> <span class='ocrx_word' id='word_1_89' title='bbox 1154 1913 1237 1990; x_wconf 89' lang='lat' dir='ltr'>villa</span> <span class='ocrx_word' id='word_1_90' title='bbox 1249 1913 1434 2019; x_wconf 88' lang='lat' dir='ltr'>predicta,</span> <span class='ocrx_word' id='word_1_91' title='bbox 1452 1928 1490 1989; x_wconf 87' lang='lat' dir='ltr'>et</span> <span class='ocrx_word' id='word_1_92' title='bbox 1507 1904 1614 2017; x_wconf 79' lang='lat' dir='ltr'>quod</span> <span class='ocrx_word' id='word_1_93' title='bbox 1626 1909 1754 2016; x_wconf 90' lang='lat' dir='ltr'>plures</span> 
     </span>
     <span class='ocr_line' id='line_1_11' title="bbox 330 2041 1755 2150; baseline -0.001 -31"><span class='ocrx_word' id='word_1_94' title='bbox 330 2042 455 2150; x_wconf 83' lang='lat' dir='ltr'>magni</span> <span class='ocrx_word' id='word_1_95' title='bbox 475 2072 516 2120; x_wconf 89' lang='lat' dir='ltr'>ac</span> <span class='ocrx_word' id='word_1_96' title='bbox 535 2042 670 2119; x_wconf 88' lang='lat' dir='ltr'>divites</span> <span class='ocrx_word' id='word_1_97' title='bbox 688 2041 787 2119; x_wconf 89' lang='lat' dir='ltr'>dicte</span> <span class='ocrx_word' id='word_1_98' title='bbox 810 2042 897 2121; x_wconf 86' lang='lat' dir='ltr'>ville</span> <span class='ocrx_word' id='word_1_99' title='bbox 916 2072 957 2120; x_wconf 87' lang='lat' dir='ltr'>se</span> <span class='ocrx_word' id='word_1_100' title='bbox 976 2043 1119 2149; x_wconf 91' lang='lat' dir='ltr'>pluries</span> <span class='ocrx_word' id='word_1_101' title='bbox 1133 2059 1421 2150; x_wconf 82' lang='lat' dir='ltr'>congregarunt,</span> <span class='ocrx_word' id='word_1_102' title='bbox 1437 2058 1636 2119; x_wconf 80' lang='lat' dir='ltr'>tractantes</span> <span class='ocrx_word' id='word_1_103' title='bbox 1657 2066 1755 2145; x_wconf 87' lang='lat' dir='ltr'>quo·</span> 
     </span>
     <span class='ocr_line' id='line_1_12' title="bbox 331 2169 1754 2279; baseline -0.003 -30"><span class='ocrx_word' id='word_1_104' title='bbox 331 2174 448 2251; x_wconf 90' lang='lat' dir='ltr'>modo</span> <span class='ocrx_word' id='word_1_105' title='bbox 462 2189 616 2277; x_wconf 85' lang='lat' dir='ltr'>possent</span> <span class='ocrx_word' id='word_1_106' title='bbox 629 2172 768 2250; x_wconf 64' lang='lat' dir='ltr'>dicum</span> <span class='ocrx_word' id='word_1_107' title='bbox 783 2173 1064 2251; x_wconf 89' lang='lat' dir='ltr'>ordinacionem</span> <span class='ocrx_word' id='word_1_108' title='bbox 1079 2174 1280 2279; x_wconf 89' lang='lat' dir='ltr'>impedire,</span> <span class='ocrx_word' id='word_1_109' title='bbox 1297 2173 1553 2276; x_wconf 89' lang='lat' dir='ltr'>inducereque</span> <span class='ocrx_word' id='word_1_110' title='bbox 1569 2169 1754 2276; x_wconf 91' lang='lat' dir='ltr'>populum</span> 
     </span>
     <span class='ocr_line' id='line_1_13' title="bbox 331 2300 1755 2409; baseline -0.001 -32"><span class='ocrx_word' id='word_1_111' title='bbox 331 2302 380 2378; x_wconf 87' lang='lat' dir='ltr'>ad</span> <span class='ocrx_word' id='word_1_112' title='bbox 398 2302 650 2380; x_wconf 89' lang='lat' dir='ltr'>resistendum</span> <span class='ocrx_word' id='word_1_113' title='bbox 670 2301 843 2409; x_wconf 85' lang='lat' dir='ltr'>gentibus</span> <span class='ocrx_word' id='word_1_114' title='bbox 865 2303 1003 2379; x_wconf 90' lang='lat' dir='ltr'>nostris</span> <span class='ocrx_word' id='word_1_115' title='bbox 1025 2330 1095 2409; x_wconf 90' lang='lat' dir='ltr'>per</span> <span class='ocrx_word' id='word_1_116' title='bbox 1118 2302 1358 2389; x_wconf 81' lang='lat' dir='ltr'>violenciam,</span> <span class='ocrx_word' id='word_1_117' title='bbox 1386 2300 1559 2377; x_wconf 78' lang='lat' dir='ltr'>eteniam</span> <span class='ocrx_word' id='word_1_118' title='bbox 1585 2328 1755 2377; x_wconf 89' lang='lat' dir='ltr'>commo-</span> 
     </span>
     <span class='ocr_line' id='line_1_14' title="bbox 332 2429 1754 2538; baseline -0.001 -32"><span class='ocrx_word' id='word_1_119' title='bbox 332 2460 418 2509; x_wconf 88' lang='lat' dir='ltr'>vere</span> <span class='ocrx_word' id='word_1_120' title='bbox 438 2432 622 2520; x_wconf 91' lang='lat' dir='ltr'>eundem,</span> <span class='ocrx_word' id='word_1_121' title='bbox 644 2432 887 2538; x_wconf 89' lang='lat' dir='ltr'>ipsorumque</span> <span class='ocrx_word' id='word_1_122' title='bbox 903 2448 1104 2510; x_wconf 88' lang='lat' dir='ltr'>tractatum</span> <span class='ocrx_word' id='word_1_123' title='bbox 1123 2434 1201 2508; x_wconf 91' lang='lat' dir='ltr'>suis</span> <span class='ocrx_word' id='word_1_124' title='bbox 1218 2432 1398 2537; x_wconf 88' lang='lat' dir='ltr'>operariis</span> <span class='ocrx_word' id='word_1_125' title='bbox 1416 2429 1611 2517; x_wconf 84' lang='lat' dir='ltr'>recitasse,</span> <span class='ocrx_word' id='word_1_126' title='bbox 1635 2445 1673 2505; x_wconf 93' lang='lat' dir='ltr'>et</span> <span class='ocrx_word' id='word_1_127' title='bbox 1691 2456 1754 2505; x_wconf 91' lang='lat' dir='ltr'>eos</span> 
     </span>
     <span class='ocr_line' id='line_1_15' title="bbox 331 2557 1756 2671; baseline -0.002 -34"><span class='ocrx_word' id='word_1_128' title='bbox 331 2560 381 2638; x_wconf 83' lang='lat' dir='ltr'>ad</span> <span class='ocrx_word' id='word_1_129' title='bbox 393 2561 562 2671; x_wconf 87' lang='lat' dir='ltr'>predicta</span> <span class='ocrx_word' id='word_1_130' title='bbox 581 2589 650 2637; x_wconf 91' lang='lat' dir='ltr'>seu</span> <span class='ocrx_word' id='word_1_131' title='bbox 673 2560 795 2666; x_wconf 89' lang='lat' dir='ltr'>pejora</span> <span class='ocrx_word' id='word_1_132' title='bbox 819 2560 989 2639; x_wconf 79' lang='lat' dir='ltr'>iacienda</span> <span class='ocrx_word' id='word_1_133' title='bbox 1008 2561 1199 2649; x_wconf 85' lang='lat' dir='ltr'>incitasse,</span> <span class='ocrx_word' id='word_1_134' title='bbox 1222 2588 1264 2637; x_wconf 86' lang='lat' dir='ltr'>ex</span> <span class='ocrx_word' id='word_1_135' title='bbox 1280 2560 1420 2666; x_wconf 91' lang='lat' dir='ltr'>quibus</span> <span class='ocrx_word' id='word_1_136' title='bbox 1435 2557 1698 2637; x_wconf 88' lang='lat' dir='ltr'>inobediencia</span> <span class='ocrx_word' id='word_1_137' title='bbox 1717 2576 1756 2635; x_wconf 89' lang='lat' dir='ltr'>et</span> 
     </span>
     <span class='ocr_line' id='line_1_16' title="bbox 331 2690 1755 2799; baseline -0.003 -30"><span class='ocrx_word' id='word_1_138' title='bbox 331 2692 559 2781; x_wconf 88' lang='lat' dir='ltr'>rebellione,</span> <span class='ocrx_word' id='word_1_139' title='bbox 573 2692 742 2799; x_wconf 85' lang='lat' dir='ltr'>predicte</span> <span class='ocrx_word' id='word_1_140' title='bbox 751 2691 890 2798; x_wconf 89' lang='lat' dir='ltr'>injurie</span> <span class='ocrx_word' id='word_1_141' title='bbox 899 2692 995 2769; x_wconf 84' lang='lat' dir='ltr'>lacte</span> <span class='ocrx_word' id='word_1_142' title='bbox 1005 2692 1107 2769; x_wconf 86' lang='lat' dir='ltr'>dieto</span> <span class='ocrx_word' id='word_1_143' title='bbox 1114 2692 1306 2798; x_wconf 90' lang='lat' dir='ltr'>preposito</span> <span class='ocrx_word' id='word_1_144' title='bbox 1317 2690 1474 2768; x_wconf 85' lang='lat' dir='ltr'>luerunt</span> <span class='ocrx_word' id='word_1_145' title='bbox 1483 2690 1705 2795; x_wconf 83' lang='lat' dir='ltr'>subsequte,</span> <span class='ocrx_word' id='word_1_146' title='bbox 1718 2706 1755 2765; x_wconf 90' lang='lat' dir='ltr'>et</span> 
     </span>
     <span class='ocr_line' id='line_1_17' title="bbox 331 2819 1755 2930; baseline -0.003 -30"><span class='ocrx_word' id='word_1_147' title='bbox 331 2823 437 2930; x_wconf 90' lang='lat' dir='ltr'>quod</span> <span class='ocrx_word' id='word_1_148' title='bbox 452 2823 588 2901; x_wconf 85' lang='lat' dir='ltr'>divites</span> <span class='ocrx_word' id='word_1_149' title='bbox 603 2839 641 2899; x_wconf 88' lang='lat' dir='ltr'>et</span> <span class='ocrx_word' id='word_1_150' title='bbox 660 2822 786 2928; x_wconf 81' lang='lat' dir='ltr'>magni</span> <span class='ocrx_word' id='word_1_151' title='bbox 807 2820 906 2899; x_wconf 88' lang='lat' dir='ltr'>dicte</span> <span class='ocrx_word' id='word_1_152' title='bbox 924 2822 1013 2899; x_wconf 86' lang='lat' dir='ltr'>ville</span> <span class='ocrx_word' id='word_1_153' title='bbox 1031 2824 1211 2901; x_wconf 88' lang='lat' dir='ltr'>restitisse</span> <span class='ocrx_word' id='word_1_154' title='bbox 1232 2822 1445 2901; x_wconf 89' lang='lat' dir='ltr'>minoribus</span> <span class='ocrx_word' id='word_1_155' title='bbox 1466 2822 1582 2899; x_wconf 86' lang='lat' dir='ltr'>dictas</span> <span class='ocrx_word' id='word_1_156' title='bbox 1601 2819 1755 2927; x_wconf 86' lang='lat' dir='ltr'>injurias</span> 
     </span>
     <span class='ocr_line' id='line_1_18' title="bbox 332 2950 1756 3058; baseline -0.003 -29"><span class='ocrx_word' id='word_1_157' title='bbox 332 2951 655 3031; x_wconf 86' lang='lat' dir='ltr'>committentibus</span> <span class='ocrx_word' id='word_1_158' title='bbox 663 2951 890 3058; x_wconf 89' lang='lat' dir='ltr'>potuissent,</span> <span class='ocrx_word' id='word_1_159' title='bbox 906 2954 1011 3058; x_wconf 89' lang='lat' dir='ltr'>quod</span> <span class='ocrx_word' id='word_1_160' title='bbox 1022 2952 1143 3031; x_wconf 85' lang='lat' dir='ltr'>facere</span> <span class='ocrx_word' id='word_1_161' title='bbox 1157 2981 1235 3031; x_wconf 90' lang='lat' dir='ltr'>non</span> <span class='ocrx_word' id='word_1_162' title='bbox 1247 2950 1440 3041; x_wconf 79' lang='lat' dir='ltr'>curarunt,</span> <span class='ocrx_word' id='word_1_163' title='bbox 1456 2969 1494 3029; x_wconf 92' lang='lat' dir='ltr'>et</span> <span class='ocrx_word' id='word_1_164' title='bbox 1507 2951 1612 3058; x_wconf 90' lang='lat' dir='ltr'>quod</span> <span class='ocrx_word' id='word_1_165' title='bbox 1623 2976 1756 3027; x_wconf 91' lang='lat' dir='ltr'>omnes</span> 
     </span>
     <span class='ocr_line' id='line_1_19' title="bbox 333 3082 1756 3190; baseline -0.001 -30"><span class='ocrx_word' id='word_1_166' title='bbox 333 3082 482 3173; x_wconf 88' lang='lat' dir='ltr'>divites,</span> <span class='ocrx_word' id='word_1_167' title='bbox 500 3084 711 3162; x_wconf 89' lang='lat' dir='ltr'>mediocres</span> <span class='ocrx_word' id='word_1_168' title='bbox 725 3101 761 3161; x_wconf 88' lang='lat' dir='ltr'>et</span> <span class='ocrx_word' id='word_1_169' title='bbox 776 3083 937 3188; x_wconf 88' lang='lat' dir='ltr'>majores</span> <span class='ocrx_word' id='word_1_170' title='bbox 952 3084 1052 3161; x_wconf 90' lang='lat' dir='ltr'>dicte</span> <span class='ocrx_word' id='word_1_171' title='bbox 1066 3084 1170 3174; x_wconf 91' lang='lat' dir='ltr'>ville,</span> <span class='ocrx_word' id='word_1_172' title='bbox 1189 3112 1416 3190; x_wconf 84' lang='lat' dir='ltr'>quamquam</span> <span class='ocrx_word' id='word_1_173' title='bbox 1432 3082 1670 3189; x_wconf 86' lang='lat' dir='ltr'>perciperent</span> <span class='ocrx_word' id='word_1_174' title='bbox 1688 3108 1756 3159; x_wconf 86' lang='lat' dir='ltr'>seu</span> 
     </span>
     <span class='ocr_line' id='line_1_20' title="bbox 331 3213 1756 3321; baseline -0.002 -30"><span class='ocrx_word' id='word_1_175' title='bbox 331 3230 486 3317; x_wconf 89' lang='lat' dir='ltr'>possent</span> <span class='ocrx_word' id='word_1_176' title='bbox 505 3213 697 3321; x_wconf 86' lang='lat' dir='ltr'>percipere</span> <span class='ocrx_word' id='word_1_177' title='bbox 717 3213 816 3291; x_wconf 87' lang='lat' dir='ltr'>dicta</span> <span class='ocrx_word' id='word_1_178' title='bbox 833 3213 997 3317; x_wconf 88' lang='lat' dir='ltr'>pericula</span> <span class='ocrx_word' id='word_1_179' title='bbox 1019 3241 1085 3290; x_wconf 89' lang='lat' dir='ltr'>seu</span> <span class='ocrx_word' id='word_1_180' title='bbox 1104 3215 1245 3320; x_wconf 87' lang='lat' dir='ltr'>majora</span> <span class='ocrx_word' id='word_1_181' title='bbox 1266 3213 1430 3292; x_wconf 86' lang='lat' dir='ltr'>evenisse</span> <span class='ocrx_word' id='word_1_182' title='bbox 1449 3239 1575 3317; x_wconf 85' lang='lat' dir='ltr'>posse,</span> <span class='ocrx_word' id='word_1_183' title='bbox 1602 3228 1756 3317; x_wconf 91' lang='lat' dir='ltr'>propter</span> 
     </span>
     <span class='ocr_line' id='line_1_21' title="bbox 332 3341 1755 3449; baseline -0.001 -30"><span class='ocrx_word' id='word_1_184' title='bbox 332 3342 633 3421; x_wconf 85' lang='lat' dir='ltr'>inobedientiam·</span> <span class='ocrx_word' id='word_1_185' title='bbox 663 3359 702 3419; x_wconf 92' lang='lat' dir='ltr'>et</span> <span class='ocrx_word' id='word_1_186' title='bbox 729 3342 980 3420; x_wconf 90' lang='lat' dir='ltr'>rebellionem</span> <span class='ocrx_word' id='word_1_187' title='bbox 1002 3343 1204 3448; x_wconf 81' lang='lat' dir='ltr'>predictas,</span> <span class='ocrx_word' id='word_1_188' title='bbox 1235 3370 1431 3449; x_wconf 86' lang='lat' dir='ltr'>nunquam</span> <span class='ocrx_word' id='word_1_189' title='bbox 1451 3358 1619 3420; x_wconf 83' lang='lat' dir='ltr'>tamena</span> <span class='ocrx_word' id='word_1_190' title='bbox 1646 3341 1755 3421; x_wconf 91' lang='lat' dir='ltr'>dictis</span> 
     </span>
     <span class='ocr_line' id='line_1_22' title="bbox 334 3471 1755 3564; baseline -0.001 -14"><span class='ocrx_word' id='word_1_191' title='bbox 334 3472 598 3551; x_wconf 83' lang='lat' dir='ltr'>inobediencia</span> <span class='ocrx_word' id='word_1_192' title='bbox 612 3490 651 3551; x_wconf 91' lang='lat' dir='ltr'>et</span> <span class='ocrx_word' id='word_1_193' title='bbox 664 3472 875 3550; x_wconf 92' lang='lat' dir='ltr'>rebellione</span> <span class='ocrx_word' id='word_1_194' title='bbox 887 3490 1141 3563; x_wconf 86' lang='lat' dir='ltr'>recesserunt,</span> <span class='ocrx_word' id='word_1_195' title='bbox 1159 3474 1288 3564; x_wconf 92' lang='lat' dir='ltr'>immo,</span> <span class='ocrx_word' id='word_1_196' title='bbox 1305 3502 1391 3551; x_wconf 90' lang='lat' dir='ltr'>cum</span> <span class='ocrx_word' id='word_1_197' title='bbox 1409 3473 1491 3551; x_wconf 88' lang='lat' dir='ltr'>eliis</span> <span class='ocrx_word' id='word_1_198' title='bbox 1505 3471 1755 3551; x_wconf 90' lang='lat' dir='ltr'>inobedienti·</span> 
     </span>
     <span class='ocr_line' id='line_1_23' title="bbox 334 3602 1755 3709; baseline -0.001 -28"><span class='ocrx_word' id='word_1_199' title='bbox 334 3604 406 3681; x_wconf 92' lang='lat' dir='ltr'>bus</span> <span class='ocrx_word' id='word_1_200' title='bbox 429 3621 466 3681; x_wconf 93' lang='lat' dir='ltr'>et</span> <span class='ocrx_word' id='word_1_201' title='bbox 484 3603 707 3693; x_wconf 87' lang='lat' dir='ltr'>rebellibus,</span> <span class='ocrx_word' id='word_1_202' title='bbox 728 3603 769 3681; x_wconf 92' lang='lat' dir='ltr'>in</span> <span class='ocrx_word' id='word_1_203' title='bbox 789 3602 898 3681; x_wconf 91' lang='lat' dir='ltr'>dictis</span> <span class='ocrx_word' id='word_1_204' title='bbox 917 3604 1178 3683; x_wconf 90' lang='lat' dir='ltr'>inobediencia</span> <span class='ocrx_word' id='word_1_205' title='bbox 1196 3623 1234 3683; x_wconf 88' lang='lat' dir='ltr'>et</span> <span class='ocrx_word' id='word_1_206' title='bbox 1252 3604 1458 3682; x_wconf 87' lang='lat' dir='ltr'>rebellione</span> <span class='ocrx_word' id='word_1_207' title='bbox 1478 3617 1755 3709; x_wconf 86' lang='lat' dir='ltr'>perseverantes</span> 
     </span>
     <span class='ocr_line' id='line_1_24' title="bbox 334 3733 1756 3844; baseline -0.001 -34"><span class='ocrx_word' id='word_1_208' title='bbox 334 3752 609 3826; x_wconf 82' lang='lat' dir='ltr'>remanserunt,</span> <span class='ocrx_word' id='word_1_209' title='bbox 630 3764 699 3843; x_wconf 90' lang='lat' dir='ltr'>per</span> <span class='ocrx_word' id='word_1_210' title='bbox 717 3737 820 3813; x_wconf 91' lang='lat' dir='ltr'>curie</span> <span class='ocrx_word' id='word_1_211' title='bbox 840 3754 967 3813; x_wconf 86' lang='lat' dir='ltr'>nostre</span> <span class='ocrx_word' id='word_1_212' title='bbox 982 3737 1191 3844; x_wconf 83' lang='lat' dir='ltr'>judicium,</span> <span class='ocrx_word' id='word_1_213' title='bbox 1214 3736 1303 3814; x_wconf 87' lang='lat' dir='ltr'>dicti</span> <span class='ocrx_word' id='word_1_214' title='bbox 1320 3736 1496 3813; x_wconf 90' lang='lat' dir='ltr'>homines</span> <span class='ocrx_word' id='word_1_215' title='bbox 1516 3750 1554 3811; x_wconf 89' lang='lat' dir='ltr'>et</span> <span class='ocrx_word' id='word_1_216' title='bbox 1573 3733 1756 3811; x_wconf 84' lang='lat' dir='ltr'>habitato-</span> 
     </span>
     <span class='ocr_line' id='line_1_25' title="bbox 335 3863 1754 3951; baseline 0.001 -9"><span class='ocrx_word' id='word_1_217' title='bbox 335 3893 395 3943; x_wconf 89' lang='lat' dir='ltr'>res</span> <span class='ocrx_word' id='word_1_218' title='bbox 410 3867 668 3945; x_wconf 87' lang='lat' dir='ltr'>universaliter</span> <span class='ocrx_word' id='word_1_219' title='bbox 683 3868 784 3945; x_wconf 87' lang='lat' dir='ltr'>dieto</span> <span class='ocrx_word' id='word_1_220' title='bbox 800 3867 959 3946; x_wconf 88' lang='lat' dir='ltr'>Girardo</span> <span class='ocrx_word' id='word_1_221' title='bbox 974 3869 1015 3944; x_wconf 91' lang='lat' dir='ltr'>in</span> <span class='ocrx_word' id='word_1_222' title='bbox 1033 3868 1185 3946; x_wconf 91' lang='lat' dir='ltr'>duobus</span> <span class='ocrx_word' id='word_1_223' title='bbox 1201 3866 1372 3945; x_wconf 91' lang='lat' dir='ltr'>millibus</span> <span class='ocrx_word' id='word_1_224' title='bbox 1383 3866 1565 3943; x_wconf 88' lang='lat' dir='ltr'>librarum</span> <span class='ocrx_word' id='word_1_225' title='bbox 1579 3881 1618 3942; x_wconf 88' lang='lat' dir='ltr'>et</span> <span class='ocrx_word' id='word_1_226' title='bbox 1628 3863 1754 3951; x_wconf 91' lang='lat' dir='ltr'>nobis,</span> 
     </span>
     <span class='ocr_line' id='line_1_26' title="bbox 335 3994 1758 4099; baseline 0.001 -30"><span class='ocrx_word' id='word_1_227' title='bbox 335 4022 405 4099; x_wconf 93' lang='lat' dir='ltr'>pro</span> <span class='ocrx_word' id='word_1_228' title='bbox 423 3994 582 4081; x_wconf 78' lang='lat' dir='ltr'>emenda</span> <span class='ocrx_word' id='word_1_229' title='bbox 601 4012 745 4086; x_wconf 82' lang='lat' dir='ltr'>nostra,</span> <span class='ocrx_word' id='word_1_230' title='bbox 766 3996 805 4072; x_wconf 92' lang='lat' dir='ltr'>in</span> <span class='ocrx_word' id='word_1_231' title='bbox 826 3996 958 4073; x_wconf 88' lang='lat' dir='ltr'>decem</span> <span class='ocrx_word' id='word_1_232' title='bbox 977 3998 1149 4076; x_wconf 90' lang='lat' dir='ltr'>millibus</span> <span class='ocrx_word' id='word_1_233' title='bbox 1169 3997 1350 4076; x_wconf 91' lang='lat' dir='ltr'>librarum</span> <span class='ocrx_word' id='word_1_234' title='bbox 1367 3996 1649 4075; x_wconf 86' lang='lat' dir='ltr'>Turonensium</span> <span class='ocrx_word' id='word_1_235' title='bbox 1670 4025 1758 4074; x_wconf 92' lang='lat' dir='ltr'>con·</span> 
     </span>
     <span class='ocr_line' id='line_1_27' title="bbox 335 4121 713 4229; baseline -0.005 -28"><span class='ocrx_word' id='word_1_236' title='bbox 335 4122 528 4229; x_wconf 87' lang='lat' dir='ltr'>dempnati</span> <span class='ocrx_word' id='word_1_237' title='bbox 549 4121 713 4200; x_wconf 88' lang='lat' dir='ltr'>fuerunt.</span> 
     </span>
    </p>
   </div>
   <div class='ocr_carea' id='block_1_3' title="bbox 393 4252 1240 4494">
    <p class='ocr_par' dir='ltr' id='par_1_3' title="bbox 393 4252 1240 4494">
     <span class='ocr_line' id='line_1_28' title="bbox 393 4252 961 4360; baseline -0.002 -28"><span class='ocrx_word' id='word_1_238' title='bbox 393 4252 555 4333; x_wconf 85' lang='lat' dir='ltr'>Sabbnto</span> <span class='ocrx_word' id='word_1_239' title='bbox 574 4270 660 4360; x_wconf 89' lang='lat' dir='ltr'>post</span> <span class='ocrx_word' id='word_1_240' title='bbox 676 4254 961 4331; x_wconf 88' lang='lat' dir='ltr'>Penthecosten.</span> 
     </span>
     <span class='ocr_line' id='line_1_29' title="bbox 393 4384 1240 4494; baseline -0.001 -33"><span class='ocrx_word' id='word_1_241' title='bbox 393 4386 556 4494; x_wconf 85' lang='lat' dir='ltr'>Mangon</span> <span class='ocrx_word' id='word_1_242' title='bbox 572 4401 610 4462; x_wconf 89' lang='lat' dir='ltr'>et</span> <span class='ocrx_word' id='word_1_243' title='bbox 624 4384 934 4462; x_wconf 78' lang='lat' dir='ltr'>Sanctus-Paulus</span> <span class='ocrx_word' id='word_1_244' title='bbox 948 4401 1240 4490; x_wconf 80' lang='lat' dir='ltr'>reportaverunt.</span> 
     </span>
    </p>
   </div>
   <div class='ocr_carea' id='block_1_4' title="bbox 337 4644 1757 5141">
    <p class='ocr_par' dir='ltr' id='par_1_4' title="bbox 337 4644 1757 5141">
     <span class='ocr_line' id='line_1_30' title="bbox 393 4644 1755 4736; baseline -0.001 -12"><span class='ocrx_word' id='word_1_245' title='bbox 393 4645 470 4724; x_wconf 87' lang='lat' dir='ltr'>Cll.</span> <span class='ocrx_word' id='word_1_246' title='bbox 501 4646 584 4723; x_wconf 88' lang='lat' dir='ltr'>Lite</span> <span class='ocrx_word' id='word_1_247' title='bbox 603 4664 721 4733; x_wconf 89' lang='lat' dir='ltr'>mota,</span> <span class='ocrx_word' id='word_1_248' title='bbox 751 4645 790 4721; x_wconf 93' lang='lat' dir='ltr'>in</span> <span class='ocrx_word' id='word_1_249' title='bbox 814 4645 914 4722; x_wconf 91' lang='lat' dir='ltr'>curia</span> <span class='ocrx_word' id='word_1_250' title='bbox 942 4661 1083 4736; x_wconf 88' lang='lat' dir='ltr'>nostra,</span> <span class='ocrx_word' id='word_1_251' title='bbox 1104 4646 1205 4721; x_wconf 87' lang='lat' dir='ltr'>inter</span> <span class='ocrx_word' id='word_1_252' title='bbox 1225 4644 1422 4722; x_wconf 83' lang='lat' dir='ltr'>Ricardum</span> <span class='ocrx_word' id='word_1_253' title='bbox 1443 4644 1489 4721; x_wconf 91' lang='lat' dir='ltr'>de</span> <span class='ocrx_word' id='word_1_254' title='bbox 1506 4645 1629 4734; x_wconf 81' lang='lat' dir='ltr'>Velle,</span> <span class='ocrx_word' id='word_1_255' title='bbox 1650 4645 1755 4724; x_wconf 92' lang='lat' dir='ltr'>Guil-</span> 
     </span>
     <span class='ocr_line' id='line_1_31' title="bbox 337 4774 1755 4867; baseline 0.001 -16"><span class='ocrx_word' id='word_1_256' title='bbox 337 4775 498 4853; x_wconf 89' lang='lat' dir='ltr'>lelmum</span> <span class='ocrx_word' id='word_1_257' title='bbox 526 4776 654 4854; x_wconf 87' lang='lat' dir='ltr'>Selille</span> <span class='ocrx_word' id='word_1_258' title='bbox 686 4793 724 4853; x_wconf 88' lang='lat' dir='ltr'>et</span> <span class='ocrx_word' id='word_1_259' title='bbox 748 4775 893 4853; x_wconf 89' lang='lat' dir='ltr'>Heliam</span> <span class='ocrx_word' id='word_1_260' title='bbox 922 4774 1142 4867; x_wconf 86' lang='lat' dir='ltr'>Columbel,</span> <span class='ocrx_word' id='word_1_261' title='bbox 1170 4791 1396 4853; x_wconf 88' lang='lat' dir='ltr'>mercatores</span> <span class='ocrx_word' id='word_1_262' title='bbox 1423 4774 1470 4852; x_wconf 94' lang='lat' dir='ltr'>de</span> <span class='ocrx_word' id='word_1_263' title='bbox 1498 4774 1683 4861; x_wconf 90' lang='lat' dir='ltr'>Cadomo,</span> <span class='ocrx_word' id='word_1_264' title='bbox 1713 4804 1755 4852; x_wconf 84' lang='lat' dir='ltr'>ex</span> 
     </span>
     <span class='ocr_line' id='line_1_32' title="bbox 337 4905 1754 5024; baseline -0.001 -41"><span class='ocrx_word' id='word_1_265' title='bbox 337 4921 441 5011; x_wconf 82' lang='lat' dir='ltr'>parte</span> <span class='ocrx_word' id='word_1_266' title='bbox 461 4933 553 4995; x_wconf 89' lang='lat' dir='ltr'>una,</span> <span class='ocrx_word' id='word_1_267' title='bbox 577 4923 614 4984; x_wconf 90' lang='lat' dir='ltr'>et</span> <span class='ocrx_word' id='word_1_268' title='bbox 636 4908 847 5024; x_wconf 80' lang='lat' dir='ltr'>iohannem</span> <span class='ocrx_word' id='word_1_269' title='bbox 871 4905 1066 4994; x_wconf 83' lang='lat' dir='ltr'>Tancreti,</span> <span class='ocrx_word' id='word_1_270' title='bbox 1095 4934 1140 4982; x_wconf 85' lang='lat' dir='ltr'>ex</span> <span class='ocrx_word' id='word_1_271' title='bbox 1167 4905 1303 4996; x_wconf 87' lang='lat' dir='ltr'>altera,</span> <span class='ocrx_word' id='word_1_272' title='bbox 1325 4934 1436 5012; x_wconf 92' lang='lat' dir='ltr'>super</span> <span class='ocrx_word' id='word_1_273' title='bbox 1465 4934 1510 4983; x_wconf 91' lang='lat' dir='ltr'>eo</span> <span class='ocrx_word' id='word_1_274' title='bbox 1539 4906 1643 5013; x_wconf 95' lang='lat' dir='ltr'>quod</span> <span class='ocrx_word' id='word_1_275' title='bbox 1667 4906 1754 4983; x_wconf 90' lang='lat' dir='ltr'>dicti</span> 
     </span>
     <span class='ocr_line' id='line_1_33' title="bbox 341 5035 1757 5141; baseline -0.003 -28"><span class='ocrx_word' id='word_1_276' title='bbox 341 5053 568 5115; x_wconf 82' lang='lat' dir='ltr'>mercatores</span> <span class='ocrx_word' id='word_1_277' title='bbox 587 5038 762 5115; x_wconf 84' lang='lat' dir='ltr'>dicebant</span> <span class='ocrx_word' id='word_1_278' title='bbox 780 5036 990 5115; x_wconf 76' lang='lat' dir='ltr'>iohannem</span> <span class='ocrx_word' id='word_1_279' title='bbox 1010 5036 1239 5141; x_wconf 89' lang='lat' dir='ltr'>predictum,</span> <span class='ocrx_word' id='word_1_280' title='bbox 1260 5035 1382 5113; x_wconf 89' lang='lat' dir='ltr'>filium</span> <span class='ocrx_word' id='word_1_281' title='bbox 1401 5052 1439 5114; x_wconf 92' lang='lat' dir='ltr'>et</span> <span class='ocrx_word' id='word_1_282' title='bbox 1458 5037 1638 5115; x_wconf 87' lang='lat' dir='ltr'>heredem</span> <span class='ocrx_word' id='word_1_283' title='bbox 1660 5038 1757 5115; x_wconf 91' lang='lat' dir='ltr'>Ven-</span> 
     </span>
    </p>
   </div>
   <div class='ocr_carea' id='block_1_5' title="bbox 1588 5212 1636 5272">
    <p class='ocr_par' dir='ltr' id='par_1_5' title="bbox 1588 5212 1636 5272">
     <span class='ocr_line' id='line_1_34' title="bbox 1588 5212 1636 5272; baseline 0 0"><span class='ocrx_word' id='word_1_284' title='bbox 1588 5212 1636 5272; x_wconf 87' lang='lat'>77·</span> 
     </span>
    </p>
   </div>
   <div class='ocr_carea' id='block_1_6' title="bbox 0 0 2237 6209">
    <p class='ocr_par' dir='ltr' id='par_1_6' title="bbox 0 0 2237 6209">
     <span class='ocr_line' id='line_1_35' title="bbox 0 0 2237 6209; baseline 0 0"><span class='ocrx_word' id='word_1_285' title='bbox 0 0 2237 6209; x_wconf 95' lang='lat' dir='ltr'> </span> 
     </span>
    </p>
   </div>
  </div>
 </body>
</html>
