4450 6209
524 710 569 781 lb
1102 702 1194 775 Las
1224 698 1366 775 OLlM.

290 870 419 923 Ριιιιιηι
433 864 476 927 tv.
519 848 845 959 consanguinitate
854 846 946 925 dicti
954 844 1427 952 debincti,qui,tanquam
1438 842 1702 947 beres,petere
1710 860 1836 949 posset
1844 844 1951 923 bona

352 960 415 1001 ’Μ’
520 980 703 1089 predicta,
726 998 765 1059 et
783 982 918 1058 Petrus
935 979 984 1055 de
997 978 1167 1065 Vestino,
1183 976 1311 1069 miles,
1330 975 1414 1081 qui,
1435 1002 1549 1081 super
1567 976 1803 1081 possessione
1824 974 1952 1053 dicto·

520 1141 608 1190 rum
631 1110 842 1199 bonorum,
870 1137 941 1215 pro
960 1138 1000 1187 se
1025 1110 1271 1198 sentenciam,
1299 1133 1422 1183 coram
1452 1106 1554 1184 dicto
1582 1107 1738 1198 ballivo,
1751 1106 1953 1187 ¹babuerat

521 1257 651 1321 contm
671 1241 869 1321 Galterum
895 1240 1097 1320 dominum
1123 1239 1172 1315 de
1192 1238 1385 1325 Tarmsio‚
1413 1236 1592 1329 militem,
1619 1240 1840 1348 bogerium,
1866 1240 1953 1346 ejus

521 1374 691 1463 fratrem,
715 1390 753 1451 et
768 1371 981 1449 lohannem
999 1370 1048 1448 de
1060 1372 1312 1461 Toncorcaut,
1330 1368 1568 1461 semiferum,
1584 1396 1752 1449 asserem
1764 1400 1805 1448 se
1822 1371 1952 1478 proxi·

522 1506 682 1584 miorem
699 1505 881 1583 heredem
896 1505 945 1580 de
960 1500 1284 1609 consanguinitate
1300 1500 1389 1579 dicti
1402 1500 1590 1593 defuncti,
1601 1518 1748 1608 peteret
1759 1501 1951 1581 dictorum

520 1638 711 1716 bonorum
726 1634 1002 1744 possessionem
1021 1634 1093 1711 sibi
1108 1630 1331 1721 deliberari,
1348 1650 1387 1709 et
1399 1632 1716 1739 impedimentum
1733 1632 1950 1739 predictum

521 1768 702 1845 ballivum
722 1796 836 1875 snper
855 1766 930 1843 boc
942 1764 1157 1871 appositum
1177 1763 1341 1844 amoveri
1355 1795 1364 1840 ε
1380 1762 1577 1864 Tandem,
1586 1763 1724 1841 auditis
1742 1790 1858 1870 super
1877 1764 1951 1841 boe

524 1898 714 1977 dictorum
728 1897 831 1976 Patri
851 1914 891 1973 et
908 1895 1037 1973 ballivi
1055 1893 1289 1983 racionibus,
1313 1910 1354 1971 et
1368 1893 1542 1999 inquesta
1561 1892 1657 1971 facta
1672 1922 1785 2001 sarper
1803 1894 1952 2001 predic·

524 2030 572 2105 tis
596 2028 671 2105 visa
691 2044 729 2105 et
750 2028 953 2133 diligenter
976 2024 1199 2113 examinata,
1221 2022 1494 2130 perjudicium
1514 2041 1643 2103 nostre
1658 2024 1782 2113 errrie,
1806 2026 1949 2103 dicorm

527 2159 599 2236 fuit
620 2176 657 2236 et
673 2159 966 2265 pronunciatum
990 2155 1096 2263 quod
1116 2156 1239 2231 dictus
1253 2153 1413 2233 ballivus
1428 2154 1746 2262 impedimentum
1765 2158 1872 2263 quod
1890 2186 1952 2264 ap-

526 2306 704 2397 posuerat
724 2291 763 2366 in
785 2288 895 2365 dictis
909 2288 1020 2365 bonis
1039 2302 1223 2374 amoveat,
1241 2304 1431 2363 eteorum
1451 2287 1625 2365 saisinam
1649 2288 1819 2394 predicto
1838 2289 1950 2367 Petro

528 2421 716 2502 deliberet
728 2438 767 2499 et
780 2420 934 2509 reddat,
950 2419 1052 2499 salvo
1066 2416 1317 2505 inomnibus,
1337 2446 1451 2523 super
1465 2418 1607 2497 eisdem
1624 2418 1754 2507 bonis,
1763 2419 1850 2527 jure
1865 2448 1951 2497 nos-

527 2551 872 2631 mmfflm·
1543 2555 1547 2564 '

582 2686 711 2763 Mense
732 2684 950 2764 Februario.

552 3024 559 3044 ,
584 2947 725 3025 XXVII.
755 2946 853 3023 Cum
875 2945 1038 3023 dilectus
1058 2944 1217 3020 clericus
1239 2961 1368 3037 noster
1390 2946 1567 3052 magister
1591 2944 1813 3051 Radulpbus
1831 2948 1950 3025 Rous-

530 3077 656 3165 seleti,
677 3076 877 3154 canonieus
890 3075 1082 3163 Dolensis,
1104 3073 1153 3152 ad
1172 3092 1295 3181 partes
1311 3076 1552 3181 Agetsnenses
1566 3076 1773 3155 destinatus
1793 3078 1949 3169 anobis,

530 3210 666 3287 virtute
680 3207 954 3285 commissionis
963 3224 1090 3285 nostre
1100 3206 1285 3312 quosdam
1301 3234 1496 3312 processus
1511 3223 1549 3283 ct
1563 3207 1773 3313 inquestrm
1787 3207 1949 3295 lecisset,

531 3356 659 3417 contra
679 3337 853 3417 consules
867 3356 907 3415 et
920 3338 1176 3417 communiam
1193 3338 1454 3445 Agennenses,
1472 3366 1585 3445 super
1596 3338 1825 3445 quibusdam
1838 3338 1952 3417 rebus

530 3499 605 3577 que
626 3470 853 3548 dicebantur
873 3470 984 3548 nobis
1008 3470 1224 3559 commisse,
1249 3470 1352 3561 item,
1376 3496 1491 3575 super
1508 3468 1755 3578 sigillo'.diete
1781 3494 1951 3549 commu-

530 3601 594 3679 nie
620 3618 659 3679 et
681 3600 763 3677 aliis
786 3600 1015 3706 quibusdam
1035 3602 1076 3676 in
1098 3600 1211 3677 dictis
1233 3601 1469 3705 processibus
1492 3614 1530 3677 et
1553 3601 1725 3708 inquesta
1747 3602 1949 3689 *contentis

532 3731 699 3836 dictique
726 3730 901 3809 consules
928 3749 967 3809 et
993 3730 1211 3809 communia
1236 3758 1349 3837 super
1371 3728 1603 3838 qmbusdam
1622 3730 1789 3809 anienis
1816 3732 1862 3809 ab
1888 3762 1951 3809 au·

533 3861 678 3937 diencia
696 3861 822 3937 cleriei
837 3863 954 3941 nostri
972 3862 1133 3967 predicti
1148 3862 1198 3939 ad
1216 3878 1381 3938 nostram
1403 3861 1544 3938 curiam
1561 3861 1833 3969 appellassent:
1854 3864 1951 3940 Tan·

533 3990 638 4079 dem,
662 3990 801 4068 auditis
826 3992 916 4070 dicti
933 3992 1062 4069 cleriei
1085 3992 1203 4070 nostri
1224 3991 1409 4070 relacione
1432 4018 1473 4069 ac
1495 4010 1736 4097 procuratore
1756 3992 1951 4074 consulum

533 4103 572 4199 et
591 4120 809 4202 communie
832 4123 1110 4228 predictorum,
1135 4122 1237 4199 curia
1261 4139 1403 4210 nostra,
1424 4123 1592 4228 predicta
1613 4123 1869 4231 appellncinne
1888 4150 1952 4229 per

517 4252 614 4330 'earn
646 4252 828 4345 andlan,
857 4254 906 4331 de
930 4253 1082 4360 speciali
1100 4254 1223 4360 gracia
1241 4254 1295 4333 sic
1321 4253 1507 4332 ordinavit
1525 4254 1633 4361 quod
1646 4254 1741 4331 dicti
1760 4280 1952 4361 processus

534 4402 572 4462 et
597 4385 769 4491 inquesta
791 4384 997 4475 dormiant,
1021 4402 1059 4463 et
1069 4384 1176 4491 qarod
1195 4412 1332 4463 manus
1347 4402 1490 4473 nostra,
1507 4414 1576 4491 per
1591 4385 1737 4463 dictum
1752 4388 1799 4463 R.
1814 4386 1857 4463 in
1874 4410 1953 4491 pre·

535 4515 644 4592 dictis
659 4514 843 4621 apposita,
862 4516 910 4592 ad
923 4542 1079 4622 presens
1094 4531 1322 4607 amoveatur,
1338 4532 1376 4591 et
1388 4515 1759 4621 quedinhibieisnes
1771 4540 1841 4623 per
1852 4544 1953 4594 eum

535 4644 624 4721 dem
648 4648 691 4721 R.
719 4645 814 4722 facte
842 4674 954 4752 super
973 4646 1166 4752 premissis
1188 4663 1347 4737 cessent,
1377 4662 1560 4752 quantum
1586 4647 1633 4723 ad
1660 4624 1829 4754 presens,
1856 4646 1952 4724 salvo

530 4776 616 4883 jure
637 4777 822 4870 nostruin
844 4776 1038 4867 omnibus,
1056 4794 1095 4854 et
1112 4776 1218 4884 quod
1235 4806 1305 4883 per
1323 4777 1397 4854 boc
1412 4776 1562 4855 nullum
1578 4778 1726 4857 eisdem
1740 4779 1803 4886 jus
1822 4801 1953 4885 quera·

534 4922 599 4995 tur
613 4934 684 4982 nee
700 4906 740 4983 in
754 4908 983 5012 proprietate
998 4935 1068 4985 nec
1086 4909 1126 4992 in
1141 4908 1374 5013 possessione
1395 4936 1507 5015 super
1524 4908 1733 5016 premissis,
1756 4909 1824 4987 sed
1842 4934 1953 5015 super

445 5143 449 5153 Ι
535 5036 591 5116 eis
595 5036 659 5141 jus
671 5050 842 5117 nostrum
851 5066 921 5142 per
932 5038 1059 5118 omnia
1072 5038 1352 5118 etinonlnibus
1365 5039 1518 5119 illesum
1531 5057 1720 5133 servotum
1733 5058 1789 5131 et,
1803 5038 1951 5148 quando
