4450 6209
743 733 1017 843 anouarrs
1042 753 1106 825 rr
1132 734 1338 828 Procas.
1682 753 1752 825 165

330 894 404 970 hoc
427 869 703 999 opposuerrmt‚
734 911 774 970 et
802 895 851 971 ad
875 894 1015 972 dictam
1036 895 1252 973 resaisinam
1281 921 1437 970 manum
1463 908 1689 998 posuerunt,
1719 909 1757 971 et
1794 903 1984 971 emonam,

329 1024 452 1130 prod,
472 1040 627 1130 propter
641 1023 823 1102 debatum
836 1026 1030 1131 parcium,
1048 1025 1149 1104 dicta
1167 1027 1343 1104 resaisina
1355 1025 1410 1102 ad
1432 1052 1588 1100 manum
1610 1023 1756 1103 domini
1856 999 1918 1043 m

329 1156 440 1263 Regis
449 1154 572 1232 fuerat
581 1156 719 1261 posita,
730 1174 776 1233 ut
789 1157 967 1234 dicebant
978 1190 987 1235 :
999 1159 1189 1248 Tandem,
1204 1159 1279 1236 visa
1291 1158 1464 1264 inquesta
1479 1184 1592 1261 super
1601 1155 1691 1243 hoc,
1708 1155 1756 1232 de

328 1285 507 1364 mandato
528 1287 631 1364 curia
651 1304 778 1365 nostre
802 1287 915 1381 facta,
933 1317 1002 1395 per
1025 1290 1129 1367 curie
1152 1305 1280 1366 nostre
1295 1287 1502 1395 judicium,
1521 1286 1664 1380 dictum
1684 1285 1757 1364 fuit

327 1446 397 1523 per
415 1415 536 1494 dictos
554 1417 763 1496 monachos
783 1418 1016 1497 sufficienter
1034 1449 1115 1498 esse
1134 1419 1336 1526 probatum
1358 1418 1463 1524 quod
1483 1417 1554 1523 ipsi
1580 1418 1679 1494 dicte
1698 1445 1757 1494 re-

328 1549 462 1628 saisine
479 1578 520 1628 se
539 1567 815 1656 opposuerunt,
839 1568 878 1626 et
895 1552 1017 1656 quod,
1034 1569 1190 1657 propter
1209 1552 1390 1628 debatum
1407 1550 1595 1656 parcium,
1614 1551 1661 1626 ad
1677 1578 1756 1626 ma-

330 1708 423 1758 num
442 1695 627 1769 nostram,
650 1697 832 1786 tanquam
852 1681 1073 1785 superioris,
1094 1698 1226 1787 postea
1244 1680 1317 1758 suit
1335 1681 1513 1758 resaisina
1531 1679 1711 1785 predicta.

384 1811 562 1890 Mercurii
580 1810 622 1887 in
639 1811 778 1918 vigiliis
789 1809 1036 1888 Assensionis.

384 2078 477 2157 XVI.
507 2077 607 2156 Cum
626 2077 880 2185 significatum
899 2075 1011 2156 nobis
1027 2075 1173 2164 fuisset,
1192 2091 1355 2181 exparte
1376 2073 1641 2182 religiosorum
1660 2075 1757 2152 viro-

327 2237 412 2288 rum
429 2208 575 2286 abbatis
593 2225 633 2286 et
652 2226 860 2286 conventus
878 2205 1192 2315 Sancti-Dyonisii
1216 2207 1256 2283 in
1274 2206 1445 2296 Francia,
1464 2207 1504 2283 in
1525 2223 1652 2284 nostra
1672 2235 1756 2312 spe-

328 2339 412 2417 ciali
433 2339 547 2448 garda
571 2339 836 2430 existendum,
858 2339 964 2445 quod
987 2337 1036 2417 ad
1054 2337 1181 2415 villam
1207 2339 1257 2414 de*
1278 2336 1479 2426 Solesmis,
1506 2336 1642 2443 inqua
1664 2337 1756 2414 dicti

327 2471 491 2580 religiosi
511 2473 774 2550 omnimodam
789 2470 981 2580 justiciam
1000 2485 1174 2546 assenmt
1191 2496 1231 2547 se
1250 2467 1413 2558 habere.
1424 2467 1600 2546 Galterus
1620 2468 1668 2546 de
1685 2470 1757 2545 Bo-

327 2603 417 2695 ries,
440 2602 568 2694 miles,
589 2619 743 2680 venerat
761 2619 802 2680 et
819 2602 939 2680 multa
958 2599 1134 2678 debonis
1151 2598 1355 2677 hominum
1377 2596 1585 2675 dinteville
1608 2614 1757 2703 ceperat
1827 2573 1834 2585 .

327 2733 522 2825 violenter,
538 2751 578 2812 et
595 2751 697 2813 extra
715 2762 876 2840 regnum
897 2749 1070 2810 nostrum
1094 2730 1267 2818 duxerat,
1285 2730 1325 2806 in
1343 2728 1462 2808 nostri
1482 2728 1753 2835 prejudicium,

327 2892 369 2940 ac
389 2864 559 2972 ipsorum
584 2864 851 2974 religiosorum
877 2881 916 2944 et
940 2863 1141 2942 hominum
1165 2861 1428 3066 predictos!
1450 2857 1658 2966 dampnum
1679 2885 1755 2939 non

328 2996 523 3074 modicum
548 3013 586 3074 et
605 3023 830 3102 gravamen:
857 2996 1045 3086 Tandem,
1068 2993 1240 3100 inquesta
1260 3019 1373 3098 super
1426 3017 1486 3080 oc,
1510 2989 1560 3067 de
1579 2990 1755 3069 mandato

327 3143 473 3216 nostro,
495 3125 605 3216 iacta,
622 3127 700 3204 visa
715 3144 754 3204 et
774 3125 977 3236 diiigenter
991 3124 1214 3216 examinata,
1234 3124 1430 3200 inventum
1451 3138 1509 3200 est
1527 3121 1757 3201 sufficienter

326 3259 527 3364 probatum
544 3257 687 3335 dictum
703 3257 866 3333 militem
882 3256 1022 3334 multas
1039 3285 1144 3334 vacas
1164 3253 1365 3332 hominum
1386 3253 1486 3330 dicte
1503 3252 1605 3343 ville,
1623 3253 1662 3330 in
1672 3253 1755 3366 jus-

326 3389 413 3466 ticia
434 3388 622 3468 dictorum
640 3388 922 3497 religiosorum,
946 3387 987 3463 in
1006 3387 1121 3496 garda
1142 3403 1268 3464 nostra
1289 3381 1551 3473 existendum,
1571 3382 1757 3461 violenter

327 3521 484 3626 cepisse,
507 3537 546 3598 et
569 3536 669 3598 extra
687 3546 848 3626 regnum
868 3534 1043 3596 nostrum
1063 3516 1229 3607 duxisse3
1252 3540 1416 3622 cumque
1441 3512 1551 3590 dictis
1570 3512 1756 3620 religiosis

327 3668 365 3730 et
390 3650 610 3729 hominibus
636 3650 686 3727 de
717 3650 829 3727 dictis
855 3649 1029 3754 dampnis
1053 3666 1093 3726 et
1120 3647 1267 3756 injuriis
1296 3647 1345 3725 sit
1371 3643 1484 3752 plene
1508 3643 1752 3734 satisfactum,

326 3800 440 3888 prout
456 3799 681 3889 procurator
696 3781 787 3858 dicti
807 3780 1025 3858 monasterii
1042 3779 1148 3858 curie
1163 3795 1290 3858 nostre
1310 3776 1442 3854 retulit
1457 3776 1536 3854 viva
1550 3803 1658 3864 voce,
1679 3775 1756 3852 dio-

325 3931 389 3990 tus
406 3914 535 4004 miles,
554 3941 624 4020 per
642 3913 747 3990 curie
764 3929 893 3990 nostre
908 3910 1116 4020 judicium,
1138 3910 1265 3999 nobis,
1286 3937 1356 4015 pro
1376 3905 1537 3986 emenda
1555 3923 1698 3996 nostra,
1717 3905 1756 3982 in

329 4045 500 4123 ducentis
514 4045 623 4122 libris
637 4044 924 4122 Turonensibus
939 4043 1060 4121 extitit
1074 4041 1386 4147 condempnatus.
1508 4019 1510 4024 s

382 4177 558 4257 Mercurii
577 4193 664 4285 post
678 4175 957 4255 Assensionem.

262 4502 270 4514 ,
383 4442 491 4521 XVII.
521 4442 578 4519 De
603 4440 777 4546 inquesta
803 4439 903 4515 inter
930 4439 971 4514 P.
995 4437 1043 4513 de
1059 4436 1196 4513 Brocia
1217 4451 1256 4513 et
1279 4433 1486 4510 monachos
1510 4432 1558 4508 de
1580 4429 1753 4522 Barbael,

327 4601 413 4679 pars
436 4571 531 4650 sacta
555 4599 626 4680 pro
654 4572 755 4648 dicto
781 4570 822 4647 P.
845 4569 1011 4648 dormiet
1036 4594 1238 4675 quousque
1265 4593 1333 4672 pro
1355 4564 1465 4642 dictis
1488 4561 1699 4648 monachis,
1723 4561 1755 4636 si

326 4703 505 4812 prosequi
536 4702 741 4792 voluerint,
762 4703 814 4779 sit
835 4699 1038 4809 completa,
1059 4714 1177 4805 prout
1198 4695 1411 4775 continetur
1433 4693 1474 4771 in
1492 4691 1620 4772 rotulo
1641 4691 1756 4799 hujus

327 4836 562 4942 parlamenti.

384 5081 508 5180 XVIII.
538 5101 639 5180 Cum
658 5097 814 5176 domina
835 5097 883 5174 de
905 5094 1055 5204 Langiis
1075 5049 1209 5179 eoram¹
1225 5089 1362 5170 ballivo
1385 5086 1644 5166 Aurelianensi
1665 5111 1756 5162 con·
