4450 6209
511 740 586 811 362
658 780 662 787 -
1086 732 1178 807 LES
1208 730 1349 805 OLIM.

281 892 412 947 ervom
424 888 469 953 tv,
506 896 591 957 tum
617 876 731 985 primi
750 874 891 985 judicis
915 873 1147 953 sentenciam
1175 870 1427 965 confirmavit,
1453 871 1553 954 male
1577 869 1862 977 pronunciasse,
1892 890 1928 949 et

343 980 408 1027 m
507 1037 623 1117 super
639 1011 711 1089 boc
725 1008 825 1087 bene
843 1007 1074 1115 appellatum
1088 1005 1223 1095 brisse3
1244 1020 1428 1112 quantum
1450 1030 1539 1081 vero
1559 1002 1606 1079 de
1627 992 1726 1079 dicta
1745 1001 1925 1079 sentencia

509 1141 704 1247 principali
735 1138 911 1228 detraxit,
938 1136 1039 1215 benc
1065 1136 1335 1223 sentencinsoe,
1364 1150 1403 1213 et
1432 1134 1530 1213 male
1554 1162 1622 1241 per
1642 1126 1922 1239 'procuratorem

508 1288 678 1350 nostrum
698 1268 927 1377 appellatum
947 1266 1080 1357 ferisse,
1095 1267 1258 1375 prefatos
1274 1266 1449 1344 homines
1460 1294 1484 1343 a
1495 1264 1674 1373 predictis
1686 1279 1814 1341 contra
1831 1262 1924 1369 ipsos

505 1401 754 1491 denuncietis,
779 1418 895 1508 prout
923 1400 962 1476 io
994 1399 1107 1477 dictis
1133 1398 1371 1506 processibus
1401 1396 1626 1489 continetur,
1653 1393 1923 1473 sentencialiter

398 1542 404 1549 '
504 1532 754 1611 absolventes.

559 1662 712 1743 sabbati
731 1679 817 1769 post
835 1659 1251 1769 Sanctum-Georgium.

559 1796 609 1873 M.
632 1796 672 1872 Ρ.
695 1793 743 1871 de
764 1791 968 1901 Arreblayo
982 1792 1195 1898 reportavit.

559 2056 603 2131 X.
634 2054 718 2131 Lite
749 2070 852 2131 mon
877 2052 977 2130 inter
1004 2070 1289 2160 procuratorem
1315 2070 1487 2132 nostrum
1517 2052 1560 2129 in
1583 2050 1733 2130 balbria
1758 2052 1920 2129 Matisco-

503 2184 624 2276 nensi,
637 2214 708 2291 pro
720 2183 842 2275 nobis,
859 2212 903 2261 ex
918 2212 994 2260 una
1006 2201 1124 2289 parte,
1143 2202 1180 2263 et
1195 2185 1371 2263 comitem
1386 2186 1590 2263 Foreosem
1602 2200 1640 2259 et
1655 2182 1737 2289 ejus
1750 2182 1920 2261 officiales

501 2314 840 2409 Montis-Brisonis,
857 2344 900 2391 ac
917 2315 1126 2423 burgenses
1146 2331 1184 2395 et
1198 2316 1290 2394 alios
1305 2316 1534 2394 habitatores
1548 2315 1648 2393 dicte
1666 2313 1754 2391 ville
1770 2312 1921 2391 inferius

500 2450 730 2537 nominatos,
753 2476 795 2523 ex
814 2447 949 2535 altera,
976 2475 1104 2525 coram
1128 2446 1266 2526 ballivo
1290 2466 1419 2525 nostro
1446 2446 1725 2536 Matisconensi,
1748 2474 1861 2553 super
1879 2474 1921 2525 eo

499 2579 607 2686 quod
616 2579 854 2686 proponebat
867 2579 1219 2686 dictusprocurntor
1229 2596 1358 2656 noster
1373 2596 1501 2657 contra
1508 2577 1697 2684 predictos
1709 2576 1825 2685 quod,
1840 2606 1920 2655 cum

499 2711 662 2789 Jacobus
676 2710 779 2798 Albi,
802 2709 960 2789 clericus
973 2726 1013 2787 ct
1020 2709 1267 2789 cancellarius
1286 2726 1415 2788 noster
1428 2708 1469 2788 in
1479 2708 1628 2787 ballivis
1642 2708 1919 2797 Matisconensi,

500 2857 538 2916 et
551 2840 766 2947 Stephanus
778 2840 988 2930 Galinardi,
1006 2841 1229 2919 castellanus
1243 2858 1372 2920 noster
1385 2840 1592 2930 Ruri-Loci,
1609 2867 1655 2917 ex
1667 2858 1772 2946 parte
1787 2857 1919 2928 nostra

499 2972 601 3076 apud
615 2970 986 3063 Mentem-Brisouis‚
1007 3002 1078 3079 pro
1092 2972 1250 3051 levonde
1265 2973 1394 3051 debita
1409 2972 1520 3051 nobis
1534 2970 1922 3057 subvencioucarovis-

498 3100 792 3207 simasooorum,
807 3120 936 3181 nostro
947 3105 1119 3193 nomine,
1137 3104 1184 3181 ab
1200 3104 1422 3182 hominibus
1435 3105 1534 3182 dicte
1548 3102 1653 3193 ville,
1669 3102 1917 3190 accessissent,

499 3232 826 3341 injunxisseutque
845 3234 1007 3324 eisdem,
1026 3262 1070 3312 ex
1085 3251 1191 3342 purte
1209 3252 1351 3325 nostre,
1366 3236 1502 3313 virtute
1517 3233 1792 3315 commissionis
1805 3264 1828 3310 a
1846 3232 1921 3310 bel·

501 3362 575 3441 livo
595 3380 725 3442 nostro
744 3364 1010 3444 Matiscouensi
1029 3366 1230 3471 superbos
1250 3366 1322 3443 sibi
1340 3364 1449 3455 facte,
1471 3366 1518 3445 de
1538 3394 1613 3472 qua
1628 3364 1921 3443 fidemfecerunt

499 3522 624 3573 coram
647 3496 721 3589 eis,
739 3514 784 3573 ut
798 3498 952 3576 nomina
970 3497 1144 3575 focorum
1161 3497 1259 3575 dicte
1271 3496 1360 3576 ville
1380 3500 1434 3575 eis
1448 3499 1655 3587 traderent,
1675 3514 1716 3575 et
1730 3514 1773 3576 ut
1788 3496 1920 3574 dictam

500 3626 790 3705 subventionem
807 3645 975 3706 taxarem
991 3646 1029 3705 et
1043 3628 1225 3718 levarent3
1246 3629 1313 3735 qui
1329 3631 1622 3736 responderunt,
1642 3627 1816 3736 pluribus
1833 3626 1922 3704 deli·

499 3755 759 3834 berationibus
771 3786 887 3865 super
899 3759 973 3835 hoc
984 3758 1138 3848 habitis,
1153 3757 1258 3866 quod
1270 3759 1368 3837 dicta
1380 3760 1582 3838 subvencio
1596 3786 1675 3837 nou
1688 3776 1767 3836 erat
1781 3776 1918 3843 nostra,

502 3906 541 3965 et
554 3886 659 3994 quod
676 3889 745 3994 ipsi
759 3888 936 3965 oecalius
955 3889 1091 3966 dictum
1108 3890 1401 3969 subvencionem
1419 3892 1583 3969 levarent
1597 3891 1757 3981 ibidem,
1773 3906 1921 3999 propter

501 4018 606 4124 quod
623 4018 714 4095 dicti
734 4019 958 4097 castellanus
977 4038 1015 4099 et
1033 4021 1276 4099 cancellarius
1298 4023 1345 4100 de
1365 4023 1543 4129 predictis
1564 4022 1783 4103 hominibus
1804 4048 1919 4128 usque

501 4150 549 4228 ad
566 4150 811 4259 quadraginta
827 4168 1056 4229 mestrrunt
1071 4152 1110 4228 io
1131 4154 1247 4231 domo
1263 4152 1444 4233 Johauuis
1458 4156 1610 4233 du-Mes
1624 4154 1747 4233 donec
1760 4152 1830 4259 ipsi
1846 4178 1921 4260 pre

494 4280 612 4385 ‚misso
633 4282 747 4387 petita
772 4282 819 4359 ab
844 4283 898 4360 eis
923 4283 1117 4372 fecissent,
1144 4301 1182 4361 et
1206 4311 1270 4361 eos
1295 4283 1466 4361 fecerunt
1491 4302 1689 4365 arrestntos
1713 4286 1833 4362 teneri
1858 4310 1921 4392 per

501 4412 600 4491 duos
618 4414 821 4491 servientes
839 4431 1010 4504 nostros,
1032 4414 1117 4521 qui,
1138 4415 1191 4491 sic
1210 4416 1394 4505 arrestati,
1416 4432 1599 4493 arrestum
1617 4415 1832 4525 predictum
1851 4415 1921 4493 fre-

499 4563 653 4651 gerunt,
675 4564 715 4623 ct
734 4547 891 4625 demum
916 4546 1095 4625 domibus
1116 4562 1155 4623 et
1178 4546 1398 4652 operatoriis
1417 4548 1656 4637 eorumdem,
1679 4564 1835 4655 propter
1854 4549 1922 4626 hoc
2030 4630 2037 4649 ,

500 4676 666 4782 sigillatis
685 4707 754 4784 per
772 4678 975 4757 servientes
991 4694 1154 4768 nostros,
1171 4678 1242 4783 ipsi
1263 4706 1324 4755 eas
1344 4678 1646 4788 desigillaverunt
1666 4698 1704 4759 et
1720 4680 1839 4789 sigilla
1854 4678 1923 4757 fre-

499 4825 649 4911 gerunt,
671 4836 713 4885 ac
737 4810 859 4887 hostia
883 4827 922 4887 et
943 4809 1153 4917 operatoria
1178 4838 1243 4887 sua
1268 4810 1519 4901 intraveruut3
1541 4839 1703 4918 cumque
1724 4812 1814 4889 dicti
1839 4838 1919 4889 esn-

499 4937 672 5015 cellarius
687 4958 726 5017 et
737 4942 960 5020 castellanus
972 4942 1182 5050 gagiasscut
1193 4972 1261 5019 scu
1274 4942 1410 5052 gagiari
1426 4943 1615 5033 fecissent,
1632 4944 1826 5024 occasione
1841 4944 1920 5023 sub
1944 4987 1948 4995 ·

498 5070 683 5148 vectionis
708 5072 942 5177 supradicte,
969 5074 1190 5152 Michaelem
1218 5075 1384 5154 berberii
1411 5077 1457 5154 de
1485 5106 1563 5154 uno
1590 5076 1770 5183 topiceto,
1801 5075 1918 5155 dictus
2044 5069 2048 5087 '
