4450 6209
752 690 1021 824 evocares
1048 734 1110 806 cr
1138 720 1345 812 Procas
1688 748 1762 819 265

394 879 484 956 LIV.
516 877 623 954 Prior
651 894 689 952 et
715 875 923 982 capitulum
953 873 1108 952 ecclesie
1136 878 1313 956 secularis
1338 879 1764 963 Sancti-Petri-Puella'-
1801 898 1987 960 Pnuuutt.

336 1037 421 1086 rum
441 1007 684 1086 Bituricensis
703 1026 742 1085 et
761 1023 910 1084 curatus
930 1004 1085 1084 ecclesie
1105 1009 1347 1113 parrochialis
1368 1011 1765 1094 sancti-Germaniae-
1854 991 1917 1032 Πολ

336 1141 473 1229 bosco,
494 1136 624 1230 nobis,
648 1139 934 1244 conquerendo,
957 1156 1216 1218 monstrarunt
1230 1142 1350 1246 quod,
1369 1171 1455 1218 cum
1476 1163 1631 1251 propter
1649 1147 1764 1225 deba-

266 1262 269 1267 ’
335 1289 419 1348 turn
435 1271 624 1357 intereos,
638 1297 684 1346 ex
698 1299 774 1346 una
785 1287 907 1375 parte,
921 1287 959 1346 et
969 1269 1144 1347 abbatem
1163 1289 1201 1349 et
1210 1291 1435 1351 conventum
1451 1275 1706 1382 Nigri-Lacus,
1721 1309 1765 1358 ex
1791 1372 1798 1381 μ

337 1401 425 1491 alia,
443 1402 594 1480 racione
611 1401 745 1478 saisina
757 1401 854 1508 juris
869 1401 1102 1507 percipiendi
1119 1389 1283 1480 decimas
1300 1405 1349 1482 de
1368 1406 1564 1485 novalibus
1579 1408 1620 1485 in
1636 1439 1765 1516 parro-

338 1534 422 1610 chia
441 1532 760 1611 Sancti-Germani
782 1532 965 1639 predicta,
987 1532 1026 1607 in
1047 1533 1154 1640 cujus
1167 1534 1266 1641 juris
1286 1536 1422 1613 saisina
1438 1567 1477 1614 se
1498 1539 1653 1616 existere
1674 1542 1764 1619 dicti

338 1681 611 1771 conquerentes
627 1664 819 1756 dicebant,
837 1663 998 1740 ballivus
1015 1663 1258 1743 Bituricensis
1275 1696 1394 1744 unum
1413 1671 1636 1748 servientem
1652 1673 1766 1781 depu-

336 1813 476 1874 taverat
495 1796 543 1872 ad
563 1793 848 1872 defendendum
868 1797 1023 1872 eosdem
1039 1795 1084 1873 ab
1106 1796 1257 1904 injuriis
1277 1815 1315 1876 et
1333 1799 1525 1878 violenciis
1540 1802 1762 1896 manifestis,

338 1945 375 2005 et
394 1929 443 2006 ad
459 1927 685 2034 capiendum
701 1955 762 2004 res
781 1927 1040 2005 contenciosas
1058 1927 1159 2006 inter
1175 1947 1297 2036 partes
1313 1930 1352 2006 in
1372 1959 1488 2008 manu
1507 1950 1648 2023 nostra,
1669 1951 1765 2012 tamss

336 2089 449 2167 quam
465 2060 685 2168 superioris,
701 2060 780 2166 qui,
798 2087 883 2137 cum
897 2060 945 2136 ad
955 2078 1055 2138 certa
1068 2059 1150 2138 loca
1164 2063 1324 2155 novalia,
1344 2093 1431 2140 cum
1445 2063 1546 2142 dicto
1562 2066 1761 2158 serviente,

337 2192 573 2283 accederent,
588 2205 627 2268 et
641 2191 784 2268 ibidem
799 2220 869 2268 suo
884 2191 970 2298 jure
987 2208 1024 2267 et
1038 2192 1172 2269 saisina
1186 2211 1396 2282 uterentur,
1411 2223 1544 2303 magna
1558 2197 1763 2275 multitudo

338 2325 610 2401 monachorum
629 2339 668 2399 et
685 2351 950 2400 conversorum
967 2322 1121 2400 abbacie
1138 2325 1370 2431 supradicte,
1388 2327 1574 2404 associatis
1590 2328 1661 2406 sibi
1682 2328 1764 2405 aliis

339 2455 584 2561 complicibus
604 2455 750 2533 clericis
770 2472 808 2532 et
834 2454 946 2560 laycis
972 2455 1019 2530 de
1043 2453 1184 2531 familia
1208 2456 1393 2561 ipsorum,
1423 2486 1508 2533 cum
1531 2458 1684 2535 diversis
1708 2489 1765 2536 ar-

338 2615 488 2664 morum
511 2587 728 2695 generibus,
753 2587 791 2662 in
818 2586 919 2692 ipsos
941 2585 1129 2662 hostiliter
1149 2586 1350 2677 irruentes,
1379 2605 1508 2665 contra
1532 2589 1763 2695 prohibicio-

338 2746 425 2796 nem
446 2719 640 2798 servientis
657 2719 834 2826 predicti,
853 2716 1158 2795 commissionem
1181 2747 1286 2796 suam
1311 2720 1453 2796 eisdem
1474 2722 1706 2799 ostendentis
1727 2738 1764 2798 et

339 2851 463 2956 legere
478 2851 687 2939 offerentis,
704 2867 874 2928 curatum
890 2851 1104 2954 predictum
1125 2851 1284 2956 graviter
1299 2851 1541 2929 verberarunt
1554 2869 1591 2928 et
1607 2880 1696 2929 eum
1716 2852 1764 2930 le·

282 3086 286 3094 ¹
338 2982 462 3059 taliter
475 2983 514 3057 in
532 2979 683 3060 duobus
699 2981 791 3058 locis
801 2981 1060 3071 vulnerarunt,
1077 2999 1252 3087 presente
1269 3001 1307 3059 et
1325 2982 1508 3060 advoante
1525 2982 1658 3060 abbate
1677 3012 1764 3089 pre-

340 3114 458 3205 dicto,
479 3141 594 3219 super
614 3111 769 3219 quibus,
790 3141 858 3217 per
876 3110 1057 3188 ballivum
1077 3109 1250 3189 nostrum
1270 3113 1563 3202 bituricensem,
1584 3115 1763 3221 adjuncto

339 3275 465 3324 secum
485 3244 634 3323 officiali
651 3243 896 3330 Bituricensi,
918 3244 1055 3320 vocatis
1075 3244 1264 3349 partibus,
1287 3246 1547 3323 mandavimus
1569 3245 1764 3321 veritatem

340 3378 500 3485 inquiri,
527 3395 564 3455 et
588 3379 799 3483 inquestam
823 3373 1027 3481 perlectam
1052 3375 1164 3452 nobis
1188 3376 1346 3465 remitti3
1368 3378 1454 3483 qui,
1476 3392 1605 3453 vocato
1633 3404 1763 3454 secum

340 3509 488 3587 officiali
507 3510 694 3617 predicto,
718 3507 856 3584 vocatis
879 3507 1050 3613 partibus
1074 3523 1112 3583 et
1135 3507 1274 3585 auditis
1299 3536 1428 3584 carum
1452 3505 1681 3600 racionibus,
1703 3536 1766 3585 su·

339 3670 407 3748 per
429 3642 620 3747 premissis
646 3638 837 3747 inquisivit
860 3639 1069 3732 veritatem,
1092 3655 1130 3716 et
1151 3639 1361 3746 inquestam
1387 3639 1607 3745 perfectam,
1634 3637 1764 3746 sigillis

341 3800 472 3851 eorum
494 3772 711 3880 sigillatam,
729 3771 776 3848 ad
793 3770 935 3848 curiam
951 3787 1117 3848 nostram
1137 3771 1300 3848 remisit:
1318 3772 1403 3866 Qua
1415 3771 1491 3851 visa
1507 3788 1545 3849 et
1566 3769 1765 3878 diligenter

340 3904 521 4010 inspecta,
540 3905 734 3981 inventum
752 3902 824 3980 suit
843 3903 1024 4009 premissa
1042 3931 1122 3979 esse
1141 3931 1241 3993 vera,
1266 3902 1550 3981 necnon'dictos
1569 3902 1764 4011 religiosos

340 4035 441 4112 nisos
463 4034 577 4113 fuisse
598 4035 740 4111 dictum
759 4035 982 4112 servientem
1003 4035 1051 4111 de
1073 4063 1173 4140 equo
1194 4063 1262 4111 suo
1283 4051 1520 4140 prosternere
1543 4034 1591 4109 ad
1608 4051 1783 4121 terram-,-

341 4183 379 4242 et
397 4194 531 4244 manus
554 4167 593 4241 in
611 4165 746 4272 ipsum
757 4165 940 4243 violenter
958 4164 1145 4273 injecisse,
1167 4183 1205 4242 et
1230 4165 1373 4242 dictum
1393 4164 1567 4241 abbatem
1589 4165 1764 4240 advoasse

341 4298 539 4403 premissa,
561 4299 682 4386 unde,
703 4325 771 4404 per
783 4297 972 4405 judicium
992 4297 1096 4373 curie
1119 4313 1268 4387 nostre,
1285 4295 1428 4372 dictum
1447 4294 1520 4372 suit
1540 4295 1644 4403 quod
1666 4293 1765 4370 bona

340 4428 561 4536 temporalia
571 4428 723 4505 abbacie
736 4428 949 4535 supradicte
963 4426 1008 4504 ad
1025 4456 1180 4505 manum
1195 4443 1361 4506 nostram
1374 4427 1606 4504 tenebuntur
1625 4452 1766 4532 quous-

340 4587 414 4667 que
445 4560 554 4637 dictis
580 4560 696 4668 priori
725 4577 763 4635 et
789 4559 967 4665 capitulo,
999 4559 1154 4635 nomine
1183 4557 1343 4635 emende
1371 4586 1439 4664 pro
1465 4555 1616 4663 injuria,
1643 4555 1690 4632 de
1714 4556 1766 4631 vi-

223 4773 227 4781 ,
341 4692 434 4799 ginti
462 4691 568 4770 libris
589 4690 893 4778 Turonensibus,
918 4708 957 4767 et
978 4689 1077 4767 dicto
1097 4706 1244 4779 curato,
1266 4716 1335 4794 pro
1358 4687 1494 4795 injuria
1517 4703 1554 4762 et
1576 4684 1764 4792 dampnis,

342 4822 391 4899 de
414 4823 635 4930 octingentis
658 4821 766 4899 libris
793 4819 1097 4909 Turonensibus,
1115 4821 1152 4897 ai
1180 4849 1241 4898 eas
1259 4819 1386 4928 jurare
1406 4816 1608 4907 voluerint,
1633 4834 1670 4895 et
1690 4846 1767 4894 ser-

342 4952 456 5030 vienti
470 4954 640 5059 predicto
657 4954 703 5032 de
716 4953 845 5061 viginti
862 4951 968 5031 libris
987 4951 1287 5041 Turonensibus,
1311 4968 1347 5028 et
1361 4949 1471 5028 nobis
1487 4949 1535 5026 de
1554 4949 1768 5056 quingentis

343 5083 449 5162 libris
462 5083 750 5163 Turonensibus
768 5083 882 5162 luerit
897 5082 1133 5162 satisfactum.

427 5263 481 5307 [ΕΒ
501 5263 586 5306 om.
609 5264 655 5306 111.
1602 5232 1643 5298 34
