4450 6209
482 671 561 742 ddi
1067 667 1163 741 LES
1188 665 1329 741 OLlM.

261 819 391 874 Parnm
404 819 447 882 IV·
486 807 714 889 Guiilelmus
731 825 769 885 et
785 806 849 884 alii
869 807 962 886 socii
977 807 1036 884 sui
1052 807 1243 886 debebant
1258 807 1397 885 ducere
1413 805 1534 884 dictos
1547 806 1784 896 seminatos,
1804 808 1904 884 vide·

325 911 387 956 ’ω’
486 940 576 1020 licet
593 967 663 1046 per
681 939 925 1017 Matisconem
946 957 985 1017 et
1001 967 1071 1047 per
1087 939 1313 1020 Sabaudiam
1334 955 1374 1018 et
1391 936 1526 1016 exinde
1539 937 1811 1044 perdirectum
1829 968 1902 1016 ma-

486 1099 605 1182 gnum
619 1087 658 1146 et
672 1069 796 1177 regale
811 1071 883 1148 iter
897 1071 1076 1148 usitatum
1089 1087 1128 1148 et
1138 1085 1364 1147 consuetum
1379 1096 1501 1176 usque
1511 1069 1560 1146 ad
1573 1069 1760 1148 civitatem
1771 1073 1898 1160 Saone,

486 1219 601 1309 prout
627 1201 665 1278 in
686 1200 820 1279 litteris
838 1201 1025 1283 Castelleti
1045 1201 1279 1291 Parisiensis,
1306 1229 1421 1308 super
1440 1200 1514 1278 hoc
1536 1199 1733 1291 consectis,
1763 1202 1903 1280 dicebat

485 1333 638 1440 plenius
652 1331 854 1424 contineri,
878 1351 1005 1412 etune
1019 1363 1106 1412 cum
1121 1332 1195 1410 hoc
1208 1332 1428 1410 ordinatum
1445 1347 1484 1408 et
1503 1332 1775 1412 concordatum
1788 1333 1902 1413 dierat

487 1466 586 1542 inter
606 1493 671 1543 eos
687 1465 796 1572 quod
816 1465 938 1543 dictus
952 1465 1068 1544 Caute
1083 1464 1251 1543 traderet
1264 1465 1320 1541 eis
1330 1491 1451 1541 unum
1463 1461 1644 1542 relietum
1657 1467 1725 1572 qui
1741 1467 1901 1545 iretcum

484 1597 541 1675 eis
554 1613 592 1674 et
601 1597 829 1675 conduceret
841 1623 907 1674 eos
920 1614 958 1674 et
971 1597 1189 1676 ostenderet
1203 1595 1258 1674 eis
1277 1596 1351 1674 iter
1363 1624 1432 1673 seu
1446 1594 1546 1672 dam
1560 1623 1629 1701 per
1641 1625 1739 1704 quos
1752 1597 1824 1705 ipsi
1839 1599 1903 1677 du

487 1745 615 1806 cerent
629 1728 750 1806 dictos
765 1727 1002 1822 troussellos,
1018 1746 1056 1806 et
1068 1729 1174 1836 quod
1184 1727 1308 1804 dictus
1319 1726 1439 1805 Cante
1454 1725 1561 1804 dedit
1572 1726 1629 1804 cis
1638 1731 1844 1834 quemdam
1855 1732 1904 1809 ia·

488 1858 636 1936 muium
655 1858 809 1937 nomine
824 1859 1019 1952 Mathiam‚
1036 1876 1073 1938 et
1091 1857 1199 1937 dedit
1211 1856 1337 1935 eidem
1349 1859 1495 1964 copiam
1504 1856 1586 1938 sive
1600 1860 1767 1939 vidimus
1785 1862 1903 1941 littere

487 1988 678 2069 Castelleti
709 2017 822 2095 super
843 1990 916 2068 hoc
939 1988 1051 2081 facte,
1072 2007 1116 2068 ut
1139 1987 1279 2067 melius
1299 2007 1428 2095 posset
1446 1991 1589 2073 eisdem
1612 1994 1815 2074 ostendere
1837 1995 1905 2072 iter

489 2119 727 2226 designatum
741 2119 781 2197 in
797 2119 906 2198 dictis
920 2119 1070 2210 litteris,
1092 2136 1131 2196 et
1148 2117 1317 2228 precepit
1335 2118 1479 2199 eisdem
1499 2125 1605 2231 quod
1619 2125 1690 2233 ipsi
1716 2124 1819 2202 dicto
1839 2127 1905 2203 rai-

488 2249 578 2340 leto,
595 2251 635 2328 in
651 2250 786 2328 itinere
799 2250 984 2345 faciendo,
1002 2252 1042 2328 in
1059 2250 1238 2331 omnibus
1253 2249 1473 2345 obedirent;
1489 2255 1637 2336 dicebat
1654 2256 1774 2334 eciam
1785 2258 1903 2364 qnod,

489 2380 700 2460 secundum
720 2382 825 2488 quod
844 2383 1069 2490 premissum
1085 2401 1157 2474 est,
1181 2381 1272 2460 dicti
1288 2386 1486 2463 vecturarii
1506 2405 1743 2466 recesserunt
1753 2388 1804 2466 de
1818 2389 1905 2466 Pari

488 2513 565 2592 sius
588 2529 626 2591 et
650 2513 893 2619 arripuerunt
910 2514 983 2591 itor
1001 2543 1113 2592 suum
1135 2543 1222 2592 cum
1242 2511 1344 2590 dicto
1368 2514 1504 2597 vadato
1525 2519 1625 2596 etin
1644 2521 1837 2598 conductu
1860 2521 1907 2626 ip

488 2644 567 2722 sius
594 2644 784 2722 duxerunt
804 2644 924 2724 dictos
946 2646 1167 2725 troussellos
1187 2672 1256 2752 per
1280 2645 1524 2727 Matisconem
1548 2668 1587 2729 et
1606 2650 1853 2740 sabaudiam,
1873 2626 1908 2728 et

490 2775 624 2852 exinde
645 2793 747 2855 recto
767 2805 903 2884 magno
930 2779 1044 2886 regali
1068 2778 1204 2855 itinere
1228 2804 1357 2858 versus
1377 2781 1559 2873 Saonam,
1580 2781 1790 2860 secundum
1806 2783 1907 2888 quod

490 2906 755 3012 promiserant,
788 2923 827 2984 et
853 2909 1066 2986 secundum
1097 2908 1201 3017 quod
1239 2909 1362 2990 dictus
1398 2913 1572 3004 relictus,
1606 2912 1764 2990 nomine
1793 2913 1907 3019 ipsius

488 3036 607 3114 Cante
623 3054 663 3114 et
675 3036 864 3115 sociorum
881 3066 1053 3129 suorum,
1070 3040 1234 3119 ducebat
1247 3043 1421 3134 eosdem,
1437 3060 1476 3121 et
1489 3043 1593 3152 quod
1605 3043 1646 3120 in
1661 3043 1762 3121 dicto
1777 3043 1906 3120 itincre

488 3193 556 3273 per
567 3165 661 3244 duas
673 3165 796 3245 leucas
808 3195 926 3275 prope
942 3170 1308 3264 Mentem-Acutum,
1325 3174 1568 3254 obviaverunt
1581 3175 1636 3252 eis
1648 3174 1778 3282 piures
1792 3174 1907 3252 homi

489 3326 557 3376 nes
576 3297 615 3374 in
634 3299 747 3377 armis
763 3299 828 3408 qui
850 3299 1024 3379 dicebant
1035 3302 1141 3408 quod
1161 3301 1285 3382 dictus
1303 3304 1421 3383 Caute
1445 3322 1484 3384 et
1498 3306 1590 3384 socii
1610 3306 1668 3383 sui
1686 3305 1906 3383 tenebantur

489 3429 599 3506 eisin
616 3430 760 3536 magnis
774 3431 1020 3539 pecuniarum
1036 3434 1210 3526 summis3
1224 3435 1290 3542 qui
1310 3436 1505 3526 homines,
1529 3465 1646 3515 manu
1664 3453 1822 3525 armata,
1842 3464 1906 3542 per

476 3559 734 3651 ·violenciam‚
757 3578 886 3640 contra
899 3561 1131 3642 voluntatem
1153 3564 1341 3643 dictorum
1354 3568 1650 3646 vecturariorum
1674 3583 1713 3645 et
1725 3567 1817 3645 dicti
1835 3567 1906 3644 val·

491 3690 575 3782 leti,
600 3709 782 3797 ceperunt
804 3692 925 3772 dictos
950 3694 1171 3772 trousscllos
1190 3712 1229 3772 et
1255 3696 1294 3774 in
1314 3697 1415 3776 dicto
1434 3715 1555 3776 castro
1575 3698 1624 3776 de
1643 3697 1903 3776 Monte-Acuta

491 3823 701 3909 duxemnt3
722 3821 825 3901 unde
851 3851 937 3900 cum
964 3824 1086 3901 dictus
1107 3824 1336 3906 Guillelmus
1353 3827 1549 3918 Germanis,
1575 3827 1713 3935 utipse
1741 3827 1902 3915 dicebat,

492 3970 531 4030 et
550 3952 638 4029 dicti
660 3953 749 4029 socii
771 3954 829 4030 sui
843 3952 942 4030 bene
962 3971 1001 4032 et
1019 3954 1249 4034 sufficienter
1262 3957 1437 4037 iecissent
1451 3961 1500 4037 de
1517 3958 1709 4066 premissis
1723 3959 1827 4065 quod
1844 3985 1905 4035 sua

492 4083 684 4172 intererat,
701 4084 907 4162 secundum
923 4088 1027 4193 quod
1047 4086 1313 4194 promiserant,
1334 4107 1373 4168 et
1389 4119 1458 4198 per
1472 4090 1613 4169 factum
1629 4089 1720 4168 dicti
1739 4090 1857 4169 Cantc
1870 4106 1906 4166 et

490 4214 682 4292 sociorum
696 4242 849 4292 suorum
867 4216 956 4295 dicti
970 4216 1133 4297 trosselli
1147 4220 1244 4327 capti
1254 4219 1412 4299 fuissent
1423 4221 1464 4298 in
1475 4236 1580 4299 recto
1594 4221 1730 4298 itinere
1745 4237 1784 4297 et
1794 4245 1905 4327 prope

492 4347 653 4426 Saonam
664 4375 735 4453 per
747 4364 824 4425 tres
843 4348 978 4441 dietas,
998 4351 1078 4428 sine
1098 4349 1195 4428 sacto
1216 4366 1255 4428 et
1276 4350 1385 4458 culpa
1403 4352 1574 4459 ipsorum
1596 4352 1903 4436 secernimur,

492 4478 641 4556 dicebat
664 4478 787 4557 dictus
806 4479 1036 4560 Guiilelmus
1053 4511 1092 4560 se
1112 4481 1160 4559 ab
1179 4481 1422 4589 impedcione
1442 4481 1560 4590 ipsius
1582 4483 1717 4573 eante,
1741 4507 1905 4588 persen

491 4611 654 4686 tenciam
670 4611 759 4688 dicti
775 4610 972 4718 prepositi,
991 4613 1131 4691 debere
1149 4611 1305 4703 absolvi,
1323 4629 1362 4691 et
1376 4611 1619 4721 pronunciari
1637 4611 1781 4690 dictum
1794 4613 1905 4692 Caute

494 4739 630 4847 injuste
648 4757 687 4818 et
705 4741 786 4820 sine
802 4771 912 4820 causa
927 4742 1051 4848 ipsum
1071 4759 1109 4819 et
1125 4743 1227 4820 bona
1241 4773 1308 4821 sua
1326 4743 1458 4821 iecisse
1475 4743 1556 4850 capi
1576 4759 1615 4819 et
1629 4743 1803 4820 arrestari
1821 4742 1905 4819 etin

491 4869 656 4976 prisione
676 4873 822 4950 firmata
848 4873 1024 4966 detineri,
1052 4890 1090 4951 et
1118 4873 1243 4981 ipsum
1264 4891 1303 4951 et
1319 4875 1421 4952 bona
1444 4901 1511 4952 sua
1531 4871 1672 4951 debere
1691 4872 1904 4962 deliberari,

496 5018 533 5079 et
554 5002 698 5080 dictum
718 5003 834 5081 Cante
858 5004 983 5083 eidem
1006 5005 1044 5082 in
1067 5003 1240 5112 dampnis
1261 5022 1300 5084 et
1323 5005 1495 5111 expensis
1514 5032 1625 5112 quos,
1647 5004 1801 5084 racione
1823 5003 1904 5083 dicti
