4450 6209
760 748 1027 859 nnoutrns
1054 766 1118 841 nr
1145 750 1351 843 rnoots.
1580 825 1583 831 .
1695 774 1769 845 ιιι

343 936 479 987 nemus
502 908 541 985 in
567 908 654 987 villa
684 910 903 989 Nove-Ville
930 937 1018 987 cum
1042 909 1125 1019 ejus
1147 910 1404 1017 pertinenciis,
1426 910 1588 1019 exceptis
1613 910 1771 991 edificiis
1809 916 1995 984 mursiam,

344 1039 481 1117 domus
503 1056 541 1116 et
560 1040 772 1119 molendini
790 1070 859 1149 per
880 1042 1025 1119 dictum
1045 1041 1091 1121 G.
1115 1040 1298 1119 edificatis
1317 1043 1477 1131 ibidem,
1499 1071 1574 1149 que
1599 1042 1770 1121 edificata
1870 1012 1933 1055 lm

343 1172 466 1248 dictus
483 1170 527 1250 G.
546 1174 756 1250 secundum
778 1190 951 1251 tenorem
973 1173 1170 1281 cujusdam
1190 1173 1344 1251 alterius
1364 1173 1506 1263 littere,
1529 1172 1654 1280 sigillo
1679 1173 1768 1253 dicti

340 1302 521 1381 lobannis
543 1302 711 1381 defuncti
733 1303 910 1411 sigillato,
931 1304 1020 1381 inde
1039 1304 1181 1411 poterit
1194 1332 1384 1394 amovere,
1402 1321 1442 1382 et
1460 1304 1621 1410 exceptis
1636 1333 1768 1413 campo

342 1434 407 1541 qni
426 1434 499 1510 Iuit
518 1433 699 1527 Modreti‚
723 1434 789 1543 qui
810 1434 925 1513 debet
943 1435 1215 1544 quinquaginta
1236 1462 1358 1514 unum
1378 1434 1521 1513 solidos
1541 1452 1580 1512 et
1597 1436 1768 1542 quinque

342 1592 502 1670 capones
516 1566 712 1655 redditus;
734 1567 825 1645 item
841 1585 939 1644 terra
960 1594 1035 1673 que
1056 1565 1130 1643 luit
1148 1568 1249 1645 Petri
1269 1568 1318 1644 de
1337 1566 1549 1655 Haricuria,
1562 1595 1638 1673 que
1653 1566 1769 1643 debet

342 1696 612 1804 quinquaginta
638 1698 735 1775 duos
762 1697 905 1775 solidos
934 1714 1099 1809 quatuor
1124 1697 1298 1775 denarios
1330 1726 1418 1775 cum
1447 1696 1580 1786 obolo,
1607 1714 1769 1804 quatuor

341 1851 501 1933 capones
520 1856 607 1904 cum
627 1826 789 1906 dimidio
807 1846 949 1905 etcum
970 1856 1049 1905 uno
1067 1829 1258 1934 quarterio
1282 1828 1437 1935 caponis
1458 1828 1652 1919 redditum
1675 1828 1769 1904 item

340 1972 439 2033 terra
455 1984 532 2062 que
553 1956 625 2035 luit
645 1960 796 2065 Joguet,
819 1986 893 2064 que
911 1958 1026 2036 debet
1041 1958 1193 2065 triginta
1212 1975 1290 2035 tres
1309 1957 1453 2036 solidos
1471 1986 1558 2036 cum
1570 1957 1694 2035 tribus
1708 1987 1768 2034 ca-

340 2085 504 2193 ponibus
525 2088 713 2177 redditus,
737 2116 811 2196 que
830 2084 1023 2196 ‘exceptata
1043 2089 1288 2167 eontinentur
1306 2090 1346 2165 in
1368 2088 1492 2167 littera
1511 2089 1697 2197 predicta,
1719 2089 1768 2165 si-

339 2216 439 2324 gillis
463 2218 611 2296 ballivie
633 2220 945 2328 Rothomagensis
970 2238 1009 2298 et
1036 2221 1126 2297 dicti
1152 2218 1320 2297 defuncti
1344 2222 1376 2296 J.
1402 2220 1583 2329 sigillata3
1607 2221 1700 2297 item
1727 2221 1767 2296 in

339 2346 452 2425 feodo
468 2349 516 2426 de
527 2352 646 2439 Mara,
661 2378 748 2427 curn
766 2350 847 2458 ejus
858 2351 1113 2457 pertinenciis,
1133 2378 1289 2428 manum
1301 2368 1486 2443 nostram,
1500 2350 1653 2427 racione
1666 2350 1766 2426 dicte

339 2478 470 2583 garde,
496 2506 574 2555 non
603 2508 856 2586 apponemus;
882 2481 974 2558 item
999 2482 1038 2556 in
1065 2479 1204 2570 feodis,
1230 2479 1402 2557 releveiis
1431 2496 1470 2556 et
1489 2479 1766 2557 hereditatibus

340 2608 519 2715 antiquis,
535 2609 679 2687 situatis
698 2612 736 2686 in
751 2612 961 2718 parrochiis
977 2611 1023 2688 de
1039 2610 1175 2700 Yville,
1191 2610 1491 2719 d'Espaingnart,
1510 2610 1558 2687 de
1577 2610 1696 2700 Vitol,
1718 2609 1765 2685 de

229 2728 235 2743 ’
339 2738 500 2835 Vitocel,
519 2740 570 2818 du
585 2744 730 2832 Trunc,
749 2741 1008 2833 d'AnIreville,
1026 2741 1072 2819 dc
1090 2742 1126 2819 la
1141 2741 1305 2850 Puyllie‚
1323 2740 1371 2818 de
1387 2741 1700 2830 Sancto-Albino,
1717 2740 1765 2817 de

337 2869 518 2962 Fraxinis,
542 2871 589 2949 de
610 2872 1134 2962 Sancto-Nicota0·in-Bosco‚
1157 2873 1209 2950 du
1234 2873 1337 2962 Teil,
1358 2873 1406 2949 de
1425 2871 1607 2959 Torville,
1630 2871 1678 2947 de
1698 2870 1767 2947 Se-

338 3001 566 3109 meleingne,
580 3004 627 3080 de
639 3004 886 3097 Quatremare
904 3021 942 3081 et
950 3004 990 3079 in
1000 3003 1270 3112 omnibusque
1285 3003 1528 3081 continentur
1542 3002 1581 3079 in
1597 3002 1689 3079 locis
1699 3003 1765 3108 qui

339 3150 517 3209 vocantur
541 3131 595 3211 les
617 3134 936 3223 Nouviaus-Bans,
959 3134 1026 3211 ubi
1047 3135 1162 3211 abbas
1187 3150 1226 3211 et
1249 3151 1455 3210 conventus
1476 3134 1523 3211 de
1541 3132 1767 3210 Becco-Hel-

338 3261 441 3369 loyni
459 3277 497 3337 et
508 3262 715 3368 capitulum
728 3262 964 3369 Ebroyccnse
981 3264 1197 3371 percipiunt
1210 3262 1392 3355 decimas,
1408 3290 1564 3339 manum
1579 3279 1762 3352 nostram,

338 3393 491 3469 racione
508 3391 608 3470 dicte
623 3391 755 3498 garde,
774 3422 1026 3500 apponemus;
1044 3392 1111 3469 sed
1127 3420 1282 3469 manum
1298 3407 1480 3479 nostram,
1499 3392 1649 3468 racione
1665 3392 1764 3469 dicte

339 3523 472 3633 garde,
494 3550 573 3601 uon
594 3550 827 3630 apponemus
846 3524 887 3601 in
907 3523 1179 3631 conquestibus
1198 3521 1305 3600 Iactis
1322 3550 1392 3628 per
1409 3520 1554 3598 dictum
1571 3520 1616 3602 G.
1632 3522 1673 3598 in
1684 3550 1766 3628 pre-

340 3654 447 3732 dictis
459 3653 664 3759 parrochiis
676 3654 881 3743 contentis,
900 3671 937 3732 et
952 3654 1121 3761 quittatis
1136 3654 1237 3731 dicto
1249 3652 1295 3731 G.
1310 3668 1354 3729 ut
1367 3651 1517 3744 dicitnr,
1534 3679 1604 3758 per
1619 3651 1763 3730 dictum

338 3782 461 3861 filium
477 3812 605 3872 suum,
626 3782 830 3890 dequibus
850 3784 894 3861 fit
912 3785 1061 3862 mencio
1080 3783 1121 3861 in
1140 3782 1308 3891 predicta
1326 3782 1451 3860 littera
1470 3781 1625 3889 sigillata
1640 3781 1764 3890 sigillo

338 3914 488 3993 ballivie
507 3915 819 4023 Rothomagensis
845 3933 882 3993 et
902 3916 998 4001 dicti¹
1017 3917 1049 3992 J.
1079 3915 1128 3995 de
1155 3914 1367 4005 Haricuria,
1394 3914 1588 4021 quondam
1614 3912 1761 4003 militis,

339 4072 442 4123 nunc
462 4044 654 4137 defuncti3
678 4062 732 4133 et,
753 4047 784 4123 si
806 4045 960 4153 aliquod
979 4046 1140 4123 dubium
1165 4046 1372 4153 superbiis
1392 4045 1605 4134 emerserit,
1626 4046 1765 4123 scietur

338 4176 472 4254 veritas
490 4205 559 4282 per
576 4177 746 4284 parcium
768 4194 1011 4269 sacramenta,
1037 4192 1091 4268 et,
1113 4178 1144 4253 si
1164 4204 1262 4282 opus
1275 4175 1406 4264 fuerit,
1429 4174 1700 4253 nichilominus
1720 4204 1764 4250 ex

340 4305 464 4383 officio
483 4324 612 4385 nostro
628 4305 779 4414 plenius
798 4305 978 4384 faciemus
996 4305 1192 4383 veritatem
1214 4304 1368 4411 inquiri.

395 4437 524 4515 Martis
543 4453 631 4544 post
646 4436 981 4515 Circumcisidnem
999 4436 1170 4515 Domini.

396 4700 517 4778 LXIII.
549 4699 764 4781 Senescallo
780 4698 1065 4779 Carcassonensi
1079 4698 1139 4777 vel
1153 4700 1237 4809 ejus
1250 4697 1379 4778 locum
1395 4697 1559 4787 tenenti,
1577 4696 1761 4775 salntem:

340 4829 438 4908 Cum
448 4858 517 4938 per
531 4832 763 4939 inquestam,
778 4860 845 4939 per
857 4858 921 4909 vos
935 4860 1003 4911 seu
1016 4830 1315 4911 commissarium
1324 4845 1506 4922 vestrum,
1522 4828 1570 4907 de
1585 4827 1762 4906 mandato

341 4961 552 5055 litterarum
568 4980 794 5054 nostrarum,
812 4962 963 5051 saetam,
983 4980 1021 5041 et
1037 4978 1165 5041 nostre
1184 4962 1290 5039 curie
1304 4977 1548 5069 reportatam,
1571 4960 1640 5067 ipsi
1659 4959 1762 5037 curie

341 5108 469 5171 nostre
497 5108 643 5171 constet
674 5092 782 5202 quod
809 5095 1053 5201 Raymundus
1080 5090 1252 5182 Frodoli,
1281 5092 1413 5184 miles,
1443 5109 1483 5171 et
1505 5091 1622 5199 ipsius
1651 5088 1760 5179 socii,

426 5268 477 5312 nes
498 5268 583 5311 οιιιι.
606 5268 653 5310 ιιι.
1595 5244 1636 5304 35
