4450 6209
735 712 1007 819 svousrss
1032 731 1097 802 nr
1123 712 1332 804 enecas.
1666 729 1737 804 etr

322 871 465 948 vivebat
480 887 519 948 et
533 899 609 978 quo
628 871 803 960 decessit,
822 870 974 949 tenebat
988 889 1026 950 et
1043 872 1274 977 possidebat,
1291 890 1485 980 tamquam
1505 903 1617 950 suum
1633 873 1743 978 patri-
1780 877 1911 932 Parmae
1922 875 1966 940 W·

275 1038 278 1046 ¹
322 1002 493 1080 monium
510 1002 721 1109 proprium,
742 1018 779 1080 et
797 1001 955 1080 eandem
970 1031 1177 1091 masuram,
1196 1033 1282 1082 carm
1299 1004 1377 1082 suis
1389 1003 1647 1108 pertinenciis,
1669 1019 1741 1080 tra-
1842 969 1906 1013 Μ’

321 1131 467 1212 diderat
488 1131 711 1240 Templariis
734 1132 782 1210 ad
807 1149 951 1210 certum
975 1150 1126 1239 tempus
1148 1134 1390 1212 excolendam
1413 1135 1460 1212 ad
1481 1134 1740 1222 medietatem,

321 1282 474 1372 eratque
488 1265 610 1344 dictus
621 1265 811 1343 lohannes
826 1264 866 1341 in
884 1263 1034 1352 saisina,
1047 1265 1106 1342 vel
1117 1266 1239 1373 quasi,
1252 1265 1486 1372 percipiendi
1501 1265 1741 1343 medietatem

321 1393 511 1472 fruetuum
532 1395 630 1472 dicte
650 1423 796 1474 masure
821 1423 842 1472 a
862 1395 1306 1503 predictis·Templariis;
1325 1396 1597 1474 nichilominus
1620 1396 1743 1474 dictus

322 1527 520 1617 Renerius,
542 1527 688 1605 racione
710 1527 807 1603 dicte
825 1527 1177 1617 administracionis,
1199 1528 1385 1633 predictas
1404 1527 1606 1606 Ysabellim
1627 1546 1664 1605 et
1682 1530 1744 1605 Jo-

322 1655 503 1745 bannam,
525 1687 601 1764 que
625 1657 667 1734 in
684 1657 797 1736 bonis
822 1657 911 1734 dicti
941 1657 1063 1764 patrui
1084 1659 1163 1747 sui,
1185 1677 1377 1765 tamquam
1401 1658 1651 1765 proximiores
1675 1659 1743 1736 be-

321 1788 443 1875 redes,
461 1791 734 1875 successerunt,
758 1790 797 1864 in
812 1789 1047 1866 successione
1070 1818 1139 1866 seu
1156 1789 1290 1866 saisina
1309 1788 1409 1866 dicte
1428 1817 1596 1876 masure,
1616 1788 1744 1867 minus

314 1917 416 2022 juste
442 1935 479 1995 et
498 1919 578 1997 sine
593 1947 701 1996 causa
715 1918 951 2007 racionabili,
968 1919 1119 1996 racione
1134 1919 1234 1996 dicte
1254 1919 1608 2010 administracionis,
1624 1920 1744 2023 impe-

322 2046 451 2125 diebat
465 2066 503 2126 et
517 2047 775 2154 perturbabat3
797 2076 911 2155 quare
928 2048 1109 2153 petebant
1131 2049 1230 2126 dicte
1257 2048 1438 2127 mulieres
1462 2049 1609 2128 dictum
1622 2051 1743 2154 impe-

321 2180 532 2258 dimentum
556 2180 744 2259 amoveri:
769 2179 917 2258 Auditis
942 2180 1056 2286 igitur
1076 2180 1185 2259 dictis
1202 2181 1373 2286 partibus
1388 2210 1500 2287 super
1517 2183 1607 2270 hoc,
1625 2198 1664 2258 et
1686 2183 1743 2256 in-

321 2327 452 2418 questa
463 2290 580 2416 super¹
590 2310 800 2417 premissis,
820 2310 867 2386 de
886 2310 1063 2388 mandato
1079 2327 1220 2399 nostro,
1237 2339 1306 2417 per
1321 2311 1464 2388 dictum
1482 2310 1662 2388 ballivum
1685 2313 1744 2389 rel
1766 2319 1772 2330 '

322 2442 401 2547 ejus
417 2440 733 2529 commissarium,
752 2437 843 2516 lacta
858 2457 895 2516 et
915 2440 1018 2518 curie
1038 2457 1167 2518 nostre
1180 2457 1383 2548 reportata,
1399 2442 1475 2518 visa
1491 2459 1529 2520 et
1545 2441 1745 2549 diligenter

322 2573 541 2660 examinata,
562 2600 632 2680 per
657 2572 759 2648 curie
784 2588 912 2650 nostre
930 2571 1134 2678 judicium,
1163 2571 1305 2648 dictum
1333 2571 1406 2649 fuit
1428 2572 1743 2678 impedimentum

321 2704 533 2810 predictum
546 2731 615 2810 per
628 2699 769 2780 dictum
781 2703 1003 2795 Renerium,
1018 2703 1175 2782 uomiue
1188 2731 1265 2810 quo
1278 2731 1405 2808 supra,
1425 2704 1465 2780 iu
1485 2704 1581 2782 dicta
1596 2732 1743 2780 masura

321 2813 407 2914 cuni
427 2835 504 2914 suis
521 2834 762 2942 pertinenciis
779 2833 1008 2942 appositum,
1031 2833 1170 2913 debere
1187 2833 1366 2923 amoveri,
1383 2852 1422 2911 et
1436 2833 1554 2912 dietas
1567 2835 1745 2914 mulieres

321 2971 359 3046 in
375 2967 508 3046 saisina
529 2995 597 3046 seu
617 2967 849 3074 possessione
863 2993 1013 3044 masure
1033 2966 1202 3072 predicte
1214 2964 1352 3043 debere
1366 2995 1572 3044 remanere.
1648 3013 1652 3020 ·

376 3100 504 3178 Martis
524 3099 701 3205 predicta.

379 3233 429 3308 M.
450 3234 492 3308 R.
510 3229 558 3306 de
575 3228 757 3327 Brianqon
777 3231 990 3336 reportavit.

378 3479 422 3553 X.
453 3477 550 3554 Cum
567 3491 786 3582 procurator
806 3475 1004 3551 hominum
1025 3473 1109 3552 ville
1133 3475 1181 3550 de
1202 3473 1457 3559 Anthoniaco,
1485 3475 1531 3551 ab
1551 3473 1685 3552 abbate
1707 3493 1747 3552 et

324 3624 508 3686 conventu
525 3605 848 3687 Sancti-Germani
865 3607 912 3682 de
927 3603 1059 3692 Pratis,
1084 3633 1104 3681 a
1120 3604 1280 3685 ,domino
1299 3605 1399 3712 Rege
1421 3622 1458 3682 et
1473 3635 1494 3680 a
1515 3603 1745 3717 quibusdam

323 3737 404 3816 aliis
424 3738 603 3829 dominis,
624 3738 749 3815 vineas
766 3765 851 3816 suas
864 3735 1079 3814 teuenoimn
1102 3734 1345 3814 interritorio
1361 3735 1459 3813 dicte
1481 3735 1583 3830 ville,
1603 3763 1744 3842 propo·

324 3870 473 3957 suisset,
507 3897 630 3946 coram
654 3867 845 3974 preposito
874 3866 1088 3955 Parisiensi,
1105 3866 1218 3973 quod
1248 3866 1318 3972 ipsi
1344 3867 1519 3944 homines
1538 3883 1581 3943 et
1610 3896 1744 3944 eorum

324 3999 606 4104 predecessores
617 3997 766 4075 inerant
779 4015 816 4076 et
830 4014 936 4075 erant
948 4000 988 4075 in
1003 3998 1240 4104 possessione
1257 4015 1295 4074 et
1306 3999 1456 4088 saisina,
1473 3999 1589 4076 eciam
1603 4028 1625 4074 a
1638 4016 1743 4076 tauto

323 4146 492 4233 tempore
509 4128 614 4235 cujus
624 4128 797 4206 contrarii
813 4129 994 4205 memoria
1009 4156 1086 4206 non
1103 4128 1244 4218 existit,
1262 4128 1516 4206 vindemiandi
1536 4131 1659 4207 vineas
1674 4148 1745 4208 ter·

324 4259 442 4336 ritorii
472 4256 570 4334 dicte
595 4255 682 4334 ville
706 4257 1050 4363 quocienscumque
1074 4273 1226 4361 tempus
1252 4285 1292 4334 se
1320 4258 1502 4336 offerebat
1534 4273 1586 4336 et'
1600 4260 1744 4338 eisdem

325 4388 490 4494 placebat
510 4415 594 4464 suas
613 4388 737 4464 vineas
757 4387 1003 4475 vindemiare,
1024 4388 1164 4494 absque
1187 4416 1233 4464 eo
1254 4387 1359 4493 quod
1379 4387 1572 4464 licenciam
1593 4389 1640 4464 de
1661 4417 1745 4496 pre·

325 4519 432 4597 dictis
451 4517 639 4625 abaliquo
655 4536 782 4623 petere
802 4519 859 4596 vel
876 4519 991 4596 eciam
1009 4519 1203 4624 requirere
1221 4535 1451 4606 tenerentur,
1473 4518 1745 4598 nichilominus

324 4650 413 4727 dicti
433 4648 547 4728 abbas
567 4665 605 4726 et
619 4667 840 4739 conventus,
855 4679 923 4728 seu
934 4650 1029 4728 alius
1044 4649 1282 4728 demandato
1297 4677 1446 4738 eorum,
1463 4649 1631 4728 indebite
1645 4668 1684 4728 et
1696 4653 1744 4730 de

325 4807 420 4858 novo
441 4779 610 4858 lecerunt
635 4809 702 4859 seu
728 4779 808 4857 lieri
839 4780 1111 4859 mandaverunt
1142 4779 1288 4858 notorie
1311 4779 1512 4885 quamdam
1529 4783 1744 4888 generalem

326 4909 601 5000 defensionem,
632 4929 824 5018 tamquam
849 4913 996 5020 judices
1023 4911 1114 4989 dicti
1144 4910 1218 4988 loci
1242 4909 1468 5018 justiciando
1496 4929 1535 4988 et
1555 4913 1745 5019 justiciam

325 5041 468 5119 ibidem
500 5043 720 5131 exercende,
750 5042 922 5120 videlicet
944 5043 1048 5149 quod
1082 5041 1211 5120 nullus
1238 5041 1483 5120 vindemiaret
1506 5043 1628 5120 vineas
1653 5044 1743 5120 dicti

409 5216 461 5257 nss
481 5215 562 5257 euru.
586 5217 631 5256 m.
1575 5195 1612 5256 81
