4450 6209
508 716 556 789 70
1091 714 1183 789 tus
1213 712 1354 789 otttt.

280 868 411 924 terami
425 867 468 932 Ν,
563 858 607 934 Χ.
638 856 854 937 Senesoello
881 854 1125 935 Tbelossno:
1156 856 1297 935 Notum
1325 856 1376 935 sit
1406 858 1586 956 omnibns
1614 858 1738 967 quod,
1768 890 1855 939 cnm
1883 864 1931 941 de

342 960 405 1004 Μ’
508 989 686 1067 mandato
709 988 876 1097 magistri
897 987 1043 1066 Sicardi
1062 987 1110 1065 de
1128 988 1274 1079 Vauro,
1296 1006 1389 1067 tnnc
1402 989 1544 1097 judicis
1567 990 1719 1098 majoris
1739 994 1931 1073 senescalli

500 1118 626 1204 ,nostri
646 1118 871 1210 Tholosani,
891 1119 1065 1227 inquests
1084 1118 1179 1197 sacta
1200 1118 1350 1209 inisset,
1370 1122 1509 1199 vocatis
1524 1121 1590 1229 qui
1614 1122 1829 1203 debuerunt
1847 1156 1932 1205 evn-

507 1251 599 1341 ean,
616 1268 747 1330 contra
761 1251 984 1329 Arnaudum
1002 1250 1050 1329 de
1065 1250 1249 1343 Guitano,
1263 1250 1506 1331 canellsnum
1523 1254 1570 1330 de
1586 1253 1786 1345 Scanchro,
1802 1256 1932 1335 trual-

507 1384 602 1461 dum
622 1383 833 1492 Rnymondi
846 1382 989 1475 Bastol,
1008 1382 1255 1461 castellanum
1277 1384 1324 1461 de
1343 1384 1673 1477 Pedio-Maurino,
1696 1414 1739 1465 ac
1753 1388 1928 1467 homiues

507 1514 696 1593 dictorum
718 1533 945 1605 castrorum,
960 1542 1032 1592 nec
1052 1542 1131 1592 non
1147 1515 1323 1593 homines
1342 1515 1465 1593 insula
1485 1516 1533 1593 de
1554 1518 1682 1607 Zonis,
1708 1518 1929 1613 descedes,

506 1644 555 1722 de
574 1646 937 1735 Montedlaillardo,
960 1674 1002 1722 ac
1021 1646 1150 1754 plures
1169 1645 1263 1725 alios
1284 1676 1418 1725 eorum
1434 1648 1474 1724 in
1489 1648 1558 1725 lite
1571 1666 1764 1727 consortes
1779 1651 1932 1729 comita-

505 1796 569 1857 tus
587 1778 869 1869 Convenarum,
887 1806 1002 1885 super
1021 1780 1235 1858 excessibus
1252 1798 1289 1857 et
1304 1777 1499 1857 violenciis
1512 1808 1599 1857 cum
1614 1782 1728 1859 armis
1743 1780 1849 1861 lactis
1867 1810 1932 1889 per

506 1908 608 2015 ipsos
623 1907 763 1985 invilla
778 1909 825 1985 de
842 1908 1129 2001 Muudelhanis,
1144 1927 1272 1989 contra
1287 1910 1462 1990 consules
1472 1928 1510 1987 ct
1524 1910 1701 1989 homines
1713 1913 1813 1991 dicte
1827 1912 1930 2005 ville,

507 2039 742 2117 verberando
757 2040 912 2117 eosdem
928 2057 967 2117 et
980 2040 1265 2133 incarcerando,
1281 2070 1322 2119 ac
1338 2070 1470 2121 eorum
1486 2042 1587 2121 bona
1603 2044 1850 2149 asportando,
1865 2074 1934 2123 ser

507 2173 748 2279 vientemque
768 2189 942 2250 nestrum
958 2173 1212 2267 vulnerando,
1235 2191 1321 2279 post
1339 2191 1379 2252 et
1397 2192 1525 2252 contra
1545 2173 1843 2281 appellacionem
1869 2204 1931 2285 per

508 2304 631 2381 dictos
648 2304 825 2383 homines
850 2305 896 2382 de
917 2304 1184 2384 Mondclbanis
1199 2307 1248 2384 ad
1271 2306 1413 2384 curiam
1439 2306 1634 2385 senescalli
1656 2308 1775 2385 nostri
1788 2308 1930 2387 Tholo-

508 2436 587 2513 sani
616 2435 894 2542 interpositam,
926 2455 965 2515 et
987 2438 1278 2530 iuhibicionem,
1310 2434 1419 2517 dictis
1443 2439 1518 2517 reis
1540 2438 1674 2517 lacman
1701 2468 1768 2545 per
1791 2439 1932 2517 dictum

507 2567 730 2645 servientem
752 2586 942 2659 nostrum,
966 2598 1011 2646 es
1028 2586 1135 2677 parte
1149 2570 1290 2677 judicis
1309 2569 1610 2678 appellacionum
1632 2570 1826 2649 senescalli
1847 2600 1932 2650 nos-

507 2699 554 2774 tri
574 2699 803 2792 Tholosani,
824 2728 873 2778 ne
893 2719 979 2807 post
998 2700 1055 2779 vel
1078 2719 1210 2779 contra
1230 2702 1368 2779 dictam
1388 2700 1685 2809 appellacionern
1711 2702 1875 2811 aliquid,
1896 2705 1931 2781 in

507 2836 761 2943 prejudicium
791 2837 980 2913 dictorum
1006 2838 1226 2927 hominurn,
1255 2837 1478 2915 innovarent
1500 2866 1568 2915 seu
1594 2837 1712 2915 eciam
1737 2852 1933 2945 attempta-

507 2984 614 3042 rent:
633 2968 824 3057 Tandem,
843 2967 940 3045 dicta
956 2969 1129 3075 inquesta
1147 2970 1317 3075 predicto
1335 2970 1511 3077 magistro
1537 2966 1690 3047 Sicardo
1707 2967 1841 3060 relata,
1862 2970 1933 3047 risa

507 3122 576 3202 per
595 3097 720 3203 ipsum
741 3112 778 3177 et
796 3098 1000 3209 diligenter
1022 3101 1246 3190 examinata,
1272 3100 1524 3207 servato‘juris
1538 3101 1688 3191 ordine,
1707 3099 1829 3176 dictos
1850 3126 1932 3177 reos

507 3228 547 3302 in
575 3230 685 3307 certis
711 3230 871 3336 pecunie
896 3231 1186 3339 quantitatibus,
1216 3231 1326 3309 nobis
1349 3258 1417 3337 pro
1441 3231 1621 3337 predictis
1639 3231 1853 3309 excessibus
1875 3260 1933 3339 ap-

506 3360 707 3466 plicandis,
724 3388 793 3467 per
808 3360 1045 3439 diffinitivam
1060 3364 1290 3441 sentenciam
1308 3362 1614 3469 condempnarit3
1631 3388 1735 3468 aqua
1753 3362 1845 3442 dicti
1859 3364 1928 3453 rei,

506 3508 684 3599 tanquam
705 3492 752 3572 ab
775 3494 925 3601 iniqua,
948 3495 988 3572 iu
1006 3512 1192 3602 quantum
1209 3512 1338 3572 contra
1359 3494 1475 3601 ipsos,
1494 3510 1532 3571 et
1551 3510 1774 3601 procurator
1792 3511 1929 3584 noster,

507 3624 747 3731 inquantum
763 3643 893 3702 contra
913 3654 1001 3716 nos,
1019 3628 1066 3703 ad
1084 3644 1251 3703 nostram
1270 3626 1412 3703 curiam
1432 3625 1686 3733 appellarunt,
1709 3641 1748 3702 et
1766 3645 1932 3733 postmo-

506 3754 600 3830 dum
613 3756 785 3862 judicem
806 3754 877 3832 sibi
899 3757 978 3832 dari
997 3757 1263 3847 obtinuerunt,
1286 3758 1324 3833 in
1346 3784 1455 3835 causa
1471 3755 1738 3865 appellacionis
1751 3756 1928 3865 predicte,

506 3912 575 3989 per
589 3884 823 3962 carissimum
843 3889 1165 3998 consanguineum
1186 3907 1224 3966 et
1243 3888 1398 3967 fidelem
1418 3905 1591 3966 nostrum
1604 3890 1652 3965 ll.
1676 3889 1854 3967 comitem
1870 3891 1931 3969 At-

373 4071 377 4080 .
506 4014 776 4107 trebatensem,
792 4034 987 4097 tenentem
1001 4036 1091 4098 tunc
1103 4021 1231 4099 locum
1248 4037 1421 4097 nostrum
1437 4021 1476 4097 in
1490 4038 1588 4099 terra
1602 4020 1782 4101 Vasconis
1799 4040 1838 4099 et
1851 4038 1929 4100 toto

506 4146 646 4225 ducatu
665 4148 882 4257 Aquitanie3
903 4151 968 4259 qui
985 4152 1103 4260 judex
1123 4155 1162 4231 in
1179 4180 1289 4231 causa
1304 4150 1405 4230 dicte
1419 4152 1685 4260 appellscionis
1698 4152 1927 4258 procedens,

504 4282 643 4359 vocatis
664 4281 776 4360 dictis
790 4284 961 4391 partibus
977 4303 1015 4362 et
1034 4313 1163 4363 earum
1184 4284 1351 4363 articulis
1370 4284 1559 4375 admissis,
1581 4284 1881 4364 deffensionibus
1895 4302 1931 4363 et

505 4410 797 4522 allegacionibus
805 4414 1133 4507 auditis,tcstibus
1144 4417 1375 4508 examinatis,
1387 4416 1564 4493 concluso
1575 4415 1615 4493 in
1624 4416 1857 4523 negocio,ad
1865 4442 1931 4495 nos

505 4545 650 4622 remisit
673 4571 869 4653 processus
890 4564 969 4626 tam
990 4578 1097 4630 eausa
1123 4550 1340 4657 principalis
1364 4576 1479 4655 quam
1507 4549 1624 4627 eciam
1644 4546 1927 4658 appellarionisz

505 4673 601 4751 Visis
624 4676 738 4783 igitur
757 4706 826 4785 per
845 4680 987 4756 curiam
1007 4700 1173 4759 nostram
1194 4678 1391 4787 utriusque
1412 4708 1520 4758 cause
1540 4680 1777 4785 processibus
1793 4698 1831 4757 ct
1851 4678 1929 4759 dili-

505 4821 637 4909 genter
647 4809 880 4898 examinatis,
893 4810 980 4900 fuit,
994 4839 1062 4916 per
1072 4813 1174 4889 curie
1185 4828 1313 4890 nostre
1319 4811 1525 4919 judicium,
1539 4812 1639 4891 dicta
1649 4811 1837 4889 sentencia
1846 4838 1928 4889 con·

506 4934 669 5028 firmata,
691 4954 728 5014 et
746 4941 1054 5045 pronunciatum,
1074 4944 1256 5050 peridem
1268 4943 1473 5052 judicium,
1492 4972 1574 5021 earn
1592 4944 1805 5023 erecucioni
1823 4970 1927 5021 man-

507 5065 586 5147 dari
608 5067 765 5163 debere,
784 5072 952 5182 predicta
970 5074 1244 5185 appellacionc,
1261 5092 1441 5187 tanquam
1456 5076 1635 5167 invalida,
1653 5076 1924 5155 nonobstante.
