4450 6209
520 730 594 805 sas
1105 733 1197 808 uus
1226 706 1368 807 otm.

296 880 427 937 eurum
438 880 483 945 tt,
521 901 565 947 ex
577 872 711 960 altera,
733 902 848 981 super
867 902 914 953 eo
932 875 1037 981 quod
1052 874 1175 953 diuus
1188 874 1442 965 Courrardus,
1456 903 1675 983 proponens
1689 904 1730 953 se
1749 892 1826 955 tres
1840 876 1940 957 belus

357 976 422 1018 Μ’
520 1032 606 1083 suas
618 1016 810 1082 armorum
825 1004 866 1081 iu
880 1005 1046 1111 quadam
1061 1005 1197 1094 domo,
1216 1006 1393 1095 Parisius,
1410 1007 1581 1113 posuisse
1594 1006 1641 1085 sd
1657 1006 1936 1097 custodiendas,

519 1163 594 1240 que
616 1134 716 1213 bene
734 1135 905 1214 valebant
928 1152 1115 1215 trecentus
1143 1136 1257 1213 libras
1282 1137 1509 1217 Parisienses
1528 1136 1629 1217 bone
1649 1154 1821 1225 monete,
1842 1140 1939 1219 dice·

520 1264 584 1341 bat
607 1265 751 1343 dictum
778 1266 957 1356 militem,
978 1294 1046 1343 seu
1061 1266 1178 1344 alium
1196 1266 1278 1373 ejus
1297 1266 1492 1357 mandato,
1515 1268 1597 1374 ipso
1616 1285 1740 1347 retum
1760 1268 1935 1358 habente,
2014 1245 2027 1263 ,

520 1396 613 1473 duas
631 1396 682 1473 de
702 1395 811 1473 dictis
826 1394 938 1485 batis,
959 1413 997 1473 et
1013 1396 1157 1474 dictum
1172 1396 1406 1503 prepositum
1420 1382 1575 1475 terciam
1591 1396 1732 1487 bulum,
1750 1398 1887 1506 injuste
1902 1418 1939 1477 et

519 1524 600 1602 sine
614 1538 719 1604 causa
734 1526 953 1604 racionabili
968 1528 1172 1634 accepisse,
1190 1546 1321 1634 petens
1334 1529 1484 1607 easdem
1500 1528 1603 1605 balss
1616 1528 1672 1607 vel
1688 1528 1834 1609 dictum
1845 1530 1939 1609 valo

518 1685 599 1731 rem
614 1656 686 1735 sibi
702 1657 830 1747 reddi3
848 1656 958 1735 dictis
976 1657 1096 1735 milite
1111 1677 1150 1735 et
1164 1657 1356 1766 preposito
1371 1659 1411 1735 in
1425 1659 1657 1737 contrarium
1674 1658 1887 1739 dicentibus
1900 1690 1937 1739 se

520 1786 635 1865 dictas
648 1785 750 1863 balas
764 1787 949 1893 accepisse
962 1787 1011 1865 de
1027 1806 1155 1877 nocte,
1171 1806 1210 1867 et
1223 1790 1329 1895 quod
1340 1788 1577 1867 Courrnrdus
1592 1788 1781 1896 predictus
1796 1791 1937 1869 volebat

520 1944 581 1993 cas
600 1917 749 1995 mittere
769 1934 868 1995 extra
886 1945 1061 2025 regnum,
1078 1947 1194 2033 quare
1215 1918 1392 1999 dicebant
1411 1920 1529 1997 dictus
1546 1918 1649 1997 balos
1669 1946 1749 2000 esse
1766 1923 1937 2007 commis-

519 2074 577 2124 sas
594 2078 602 2122 :
618 2048 808 2139 Tandem,
828 2048 1001 2154 inquesta
1016 2078 1131 2155 super
1148 2050 1221 2127 hoc
1236 2049 1285 2127 de
1302 2050 1479 2129 mandato
1495 2065 1625 2129 nostro
1637 2048 1730 2129 fecta
1744 2052 1819 2129 visa
1834 2070 1872 2131 et
1885 2054 1937 2129 di-

519 2176 682 2283 ligenter
698 2178 921 2267 examinata,
938 2178 1028 2285 quia
1047 2180 1241 2259 inventum
1262 2198 1318 2259 est
1337 2180 1457 2261 dictos
1475 2180 1634 2279 militem
1656 2198 1694 2258 et
1709 2184 1936 2288 prepositum

520 2308 637 2387 dictas
655 2307 760 2387 balas
774 2308 823 2387 de
843 2309 906 2387 die
924 2313 1130 2417 accepisse,
1152 2339 1222 2389 nec
1242 2328 1298 2389 ost
1317 2312 1513 2389 inventum
1528 2311 1672 2419 aliquid
1687 2313 1886 2421 probatum
1901 2313 1936 2390 in

518 2440 617 2519 dicta
635 2441 808 2547 inquesta
836 2458 988 2548 propter
1008 2441 1114 2546 quod
1135 2442 1233 2521 dicte
1248 2441 1510 2555 baledebesnt
1530 2444 1603 2521 diei
1620 2444 1835 2536 commisse,
1852 2445 1938 2523 dicti

516 2569 627 2647 miles
648 2588 687 2648 et
704 2572 934 2678 prepositus,
954 2600 1023 2679 per
1045 2571 1148 2651 curie
1168 2548 1293 2651 nostre
1308 2572 1518 2680 judicium,
1541 2573 1641 2653 dicto
1663 2575 1877 2655 Courrardo
1895 2576 1938 2651 ad

516 2702 799 2779 restitucionem
817 2703 1002 2781 dictarum
1018 2702 1208 2793 belarum,
1224 2705 1256 2781 si
1270 2722 1428 2795 exstant,
1444 2722 1482 2783 et
1495 2704 1525 2783 si
1536 2732 1614 2784 non
1625 2724 1785 2799 exstant,
1802 2708 1850 2787 nd
1863 2708 1939 2785 red·

520 2832 689 2909 dendum
709 2832 854 2909 dictum
876 2834 1064 2939 precium,
1085 2835 1351 2942 condempnati
1371 2836 1537 2915 fuerunt.

574 2962 617 3037 ln
636 2962 779 3039 octabis
796 2965 948 3041 Pascbe.

574 3092 750 3171 Bocellus
769 3095 981 3200 reportavit.

573 3357 761 3437 LXXXVI.
792 3359 891 3437 Cum
913 3359 1051 3468 Helyas
1069 3361 1118 3438 de
1137 3358 1313 3439 burdelia
1334 3362 1534 3467 incepisset
1554 3362 1729 3441 edificme
1747 3364 1937 3470 quoddam

516 3486 745 3567 fortalicium
765 3507 803 3567 et
820 3490 986 3597 quedam
1007 3490 1077 3568 alia
1096 3491 1245 3570 edificia
1264 3510 1352 3571 ante
1375 3493 1585 3573 cletuuram
1606 3496 1714 3573 castri
1738 3496 1787 3575 de
1803 3498 1938 3575 Burde

516 3618 581 3707 lia,
608 3620 923 3727 prohibitumque
947 3621 1079 3700 fuisset
1096 3623 1239 3711 eidem,
1264 3652 1308 3701 ex
1332 3640 1435 3731 parte
1462 3642 1605 3716 nostra,
1629 3654 1676 3704 ne
1697 3625 1745 3704 ad
1773 3628 1937 3732 ipsorum

516 3748 689 3826 fortalicii
717 3749 938 3827 stelionum
958 3752 1196 3831 edificiorum
1222 3756 1539 3835 constructionem
1564 3782 1631 3835 seu
1658 3756 1937 3838 edificacionem

515 3878 754 3984 procederet,
775 3898 814 3957 et
831 3899 978 3986 postea,
1000 3882 1101 3961 dicto
1124 3884 1237 3991 Helya
1259 3905 1531 3993 conquerente,
1550 3888 1853 3995 prohibicionem
1872 3890 1939 3967 bu-

512 4008 682 4114 jusmodi
703 4008 816 4087 fuisse
831 4012 957 4089 minus
967 4013 1126 4120 justam,
1150 4016 1452 4095 mandaverimus
1470 4018 1611 4124 inquiri
1632 4036 1760 4097 utrum
1779 4021 1857 4125 ipse
1872 4022 1939 4098 He-

517 4138 595 4245 lyas
609 4138 674 4245 jus
692 4138 850 4219 haberet
864 4144 1043 4249 premissa
1055 4142 1215 4223 faciendi
1230 4178 1240 4223 :¹
1254 4148 1442 4253 lnquisito
1462 4149 1576 4256 igitur
1596 4150 1643 4227 de
1663 4148 1870 4256 premissis,
1891 4150 1939 4225 vi-

516 4296 638 4375 saque
659 4269 831 4377 inquesta
850 4300 963 4380 super
988 4276 1060 4353 hoc
1085 4276 1195 4365 facta,
1218 4278 1307 4384 quia
1331 4280 1524 4357 inventum
1547 4281 1728 4387 estquod
1753 4282 1937 4359 distortun

517 4399 691 4477 fortalicii
712 4418 751 4479 et
770 4382 1008 4483 edificiorum
1029 4409 1329 4486 constructiones
1352 4428 1390 4486 et
1415 4411 1675 4489 edificaciones
1698 4430 1825 4491 essent
1847 4412 1937 4489 adeo

516 4532 782 4638 prejudiciales
796 4535 906 4613 nobis
927 4555 965 4613 et
983 4536 1085 4615 dicto
1106 4556 1243 4625 castro,
1261 4540 1367 4645 quod
1382 4542 1526 4619 dictum
1540 4560 1700 4621 castrum
1719 4560 1890 4622 nostrum
1904 4560 1939 4617 et

516 4662 634 4768 ipsius
649 4662 876 4742 fortalicium
903 4668 1073 4745 subesset
1095 4669 1288 4747 fortaliciis
1312 4688 1349 4747 et
1375 4670 1552 4765 edificiis,
1575 4674 1719 4751 ibidem
1736 4702 1803 4780 per
1818 4675 1937 4779 ipsum

514 4789 672 4898 Helyam
683 4795 762 4901 jam
771 4797 946 4904 inceptis,
961 4828 1048 4877 cum
1060 4829 1147 4889 nos,
1163 4803 1384 4881 auctoritate
1395 4805 1666 4911 superioritatis
1681 4821 1824 4891 nostre,
1841 4804 1936 4881 licite

515 4949 712 5025 possemus
725 4930 852 5005 omnia
872 4959 946 5037 que
966 4951 1121 5037 possent
1137 4934 1373 5041 prejudicare
1386 4935 1580 5013 fortaliciis
1593 4937 1748 5027 nostris,
1762 4936 1852 5015 licet
1860 4936 1936 5042 jam

515 5049 626 5142 facta,
638 5054 833 5135 destruere
844 5078 881 5136 et
893 5062 1016 5140 multo
1031 5063 1170 5142 forcius
1184 5093 1231 5141 ne
1248 5064 1384 5143 fierent
1397 5068 1599 5173 impedire,
1609 5096 1681 5174 ‚per
1695 5068 1797 5144 curie
1812 5082 1935 5144 nostre
