<?xml version="1.0" encoding="UTF-8"?>
<!DOCTYPE html PUBLIC "-//W3C//DTD XHTML 1.0 Transitional//EN"
    "http://www.w3.org/TR/xhtml1/DTD/xhtml1-transitional.dtd">
<html xmlns="http://www.w3.org/1999/xhtml" xml:lang="en" lang="en">
 <head>
  <title>
</title>
<meta http-equiv="Content-Type" content="text/html;charset=utf-8" />
  <meta name='ocr-system' content='tesseract 3.04.00' />
  <meta name='ocr-capabilities' content='ocr_page ocr_carea ocr_par ocr_line ocrx_word'/>
</head>
<body>
  <div class='ocr_page' id='page_1' title='image "./lesolimouregist00parigoog_0591.png"; bbox 0 0 4450 6209; ppageno 0'>
   <div class='ocr_carea' id='block_1_1' title="bbox 478 655 1324 732">
    <p class='ocr_par' dir='ltr' id='par_1_1' title="bbox 478 655 1324 732">
     <span class='ocr_line' id='line_1_1' title="bbox 478 655 1324 732; baseline -0.002 -2"><span class='ocrx_word' id='word_1_1' title='bbox 478 655 551 731; x_wconf 70' lang='lat'>[1911</span> <span class='ocrx_word' id='word_1_2' title='bbox 1062 658 1154 732; x_wconf 86' lang='lat' dir='ltr'><strong>LES</strong></span> <span class='ocrx_word' id='word_1_3' title='bbox 1183 656 1324 731; x_wconf 88' lang='lat' dir='ltr'><strong>OLIM.</strong></span> 
     </span>
    </p>
   </div>
   <div class='ocr_carea' id='block_1_2' title="bbox 244 794 1902 1047">
    <p class='ocr_par' dir='ltr' id='par_1_2' title="bbox 244 794 1902 1047">
     <span class='ocr_line' id='line_1_2' title="bbox 244 794 1902 909; baseline -0.001 -32"><span class='ocrx_word' id='word_1_4' title='bbox 244 809 376 861; x_wconf 66' lang='lat' dir='ltr'><strong>rernm</strong></span> <span class='ocrx_word' id='word_1_5' title='bbox 395 806 438 866; x_wconf 75' lang='lat' dir='ltr'><strong>¹V=</strong></span> <span class='ocrx_word' id='word_1_6' title='bbox 478 801 631 879; x_wconf 82' lang='lat' dir='ltr'><strong>ecclesie</strong></span> <span class='ocrx_word' id='word_1_7' title='bbox 658 803 901 909; x_wconf 73' lang='lat' dir='ltr'><strong>parrochialis</strong></span> <span class='ocrx_word' id='word_1_8' title='bbox 926 804 1025 879; x_wconf 87' lang='lat' dir='ltr'><strong>dicte</strong></span> <span class='ocrx_word' id='word_1_9' title='bbox 1051 801 1138 878; x_wconf 84' lang='lat' dir='ltr'><strong>ville</strong></span> <span class='ocrx_word' id='word_1_10' title='bbox 1163 798 1494 907; x_wconf 85' lang='lat' dir='ltr'><strong>Compendiensis,</strong></span> <span class='ocrx_word' id='word_1_11' title='bbox 1522 797 1562 873; x_wconf 92' lang='lat' dir='ltr'><strong>iu</strong></span> <span class='ocrx_word' id='word_1_12' title='bbox 1584 794 1691 903; x_wconf 89' lang='lat' dir='ltr'><strong>cujus</strong></span> <span class='ocrx_word' id='word_1_13' title='bbox 1710 798 1902 901; x_wconf 83' lang='lat' dir='ltr'><strong>parrochia</strong></span> 
     </span>
     <span class='ocr_line' id='line_1_3' title="bbox 314 898 1282 1047; baseline -0.002 -40"><span class='ocrx_word' id='word_1_14' title='bbox 314 898 378 941; x_wconf 58' lang='lat' dir='ltr'><em>m</em></span> <span class='ocrx_word' id='word_1_15' title='bbox 470 933 616 1047; x_wconf 32' lang='lat' dir='ltr'><strong>,factum</strong></span> <span class='ocrx_word' id='word_1_16' title='bbox 638 934 856 1042; x_wconf 88' lang='lat' dir='ltr'><strong>hujusmodi</strong></span> <span class='ocrx_word' id='word_1_17' title='bbox 879 933 1000 1010; x_wconf 82' lang='lat' dir='ltr'><strong>extitit</strong></span> <span class='ocrx_word' id='word_1_18' title='bbox 1017 948 1282 1037; x_wconf 85' lang='lat' dir='ltr'><strong>perpetratum.</strong></span> 
     </span>
    </p>
   </div>
   <div class='ocr_carea' id='block_1_3' title="bbox 534 1064 988 1144">
    <p class='ocr_par' dir='ltr' id='par_1_3' title="bbox 534 1064 988 1144">
     <span class='ocr_line' id='line_1_4' title="bbox 534 1064 988 1144; baseline -0.002 -3"><span class='ocrx_word' id='word_1_19' title='bbox 534 1069 637 1141; x_wconf 90' lang='lat' dir='ltr'><strong>Lune</strong></span> <span class='ocrx_word' id='word_1_20' title='bbox 657 1084 743 1144; x_wconf 87' lang='lat' dir='ltr'><strong>ante</strong></span> <span class='ocrx_word' id='word_1_21' title='bbox 759 1064 988 1143; x_wconf 86' lang='lat' dir='ltr'><strong>Brandoues.</strong></span> 
     </span>
    </p>
   </div>
   <div class='ocr_carea' id='block_1_4' title="bbox 375 1321 2042 3367">
    <p class='ocr_par' dir='ltr' id='par_1_4' title="bbox 475 1321 1907 2611">
     <span class='ocr_line' id='line_1_5' title="bbox 532 1321 1897 1431; baseline -0.004 -26"><span class='ocrx_word' id='word_1_22' title='bbox 532 1327 657 1405; x_wconf 84' lang='lat' dir='ltr'><strong>XClX.</strong></span> <span class='ocrx_word' id='word_1_23' title='bbox 689 1327 804 1415; x_wconf 91' lang='lat' dir='ltr'><strong>Cum,</strong></span> <span class='ocrx_word' id='word_1_24' title='bbox 823 1354 867 1402; x_wconf 85' lang='lat' dir='ltr'><strong>ex</strong></span> <span class='ocrx_word' id='word_1_25' title='bbox 880 1343 984 1431; x_wconf 84' lang='lat' dir='ltr'><strong>parte</strong></span> <span class='ocrx_word' id='word_1_26' title='bbox 1000 1324 1237 1430; x_wconf 80' lang='lat' dir='ltr'><strong>Regnandini</strong></span> <span class='ocrx_word' id='word_1_27' title='bbox 1253 1326 1300 1400; x_wconf 91' lang='lat' dir='ltr'><strong>de</strong></span> <span class='ocrx_word' id='word_1_28' title='bbox 1314 1321 1488 1413; x_wconf 82' lang='lat' dir='ltr'><strong>Bruillia,</strong></span> <span class='ocrx_word' id='word_1_29' title='bbox 1501 1322 1680 1427; x_wconf 90' lang='lat' dir='ltr'><strong>junioris,</strong></span> <span class='ocrx_word' id='word_1_30' title='bbox 1700 1324 1806 1399; x_wconf 90' lang='lat' dir='ltr'><strong>curie</strong></span> <span class='ocrx_word' id='word_1_31' title='bbox 1820 1351 1897 1400; x_wconf 90' lang='lat' dir='ltr'><strong>nos-</strong></span> 
     </span>
     <span class='ocr_line' id='line_1_6' title="bbox 476 1452 1902 1565; baseline -0.003 -30"><span class='ocrx_word' id='word_1_32' title='bbox 476 1478 532 1536; x_wconf 87' lang='lat' dir='ltr'><strong>tre</strong></span> <span class='ocrx_word' id='word_1_33' title='bbox 549 1458 798 1565; x_wconf 82' lang='lat' dir='ltr'><strong>significatum</strong></span> <span class='ocrx_word' id='word_1_34' title='bbox 817 1456 950 1534; x_wconf 87' lang='lat' dir='ltr'><strong>fuisset</strong></span> <span class='ocrx_word' id='word_1_35' title='bbox 963 1458 1070 1562; x_wconf 87' lang='lat' dir='ltr'><strong>quod</strong></span> <span class='ocrx_word' id='word_1_36' title='bbox 1084 1454 1312 1562; x_wconf 85' lang='lat' dir='ltr'><strong>Regnaudus</strong></span> <span class='ocrx_word' id='word_1_37' title='bbox 1323 1452 1443 1532; x_wconf 87' lang='lat' dir='ltr'><strong>Souef</strong></span> <span class='ocrx_word' id='word_1_38' title='bbox 1454 1470 1493 1529; x_wconf 89' lang='lat' dir='ltr'><strong>et</strong></span> <span class='ocrx_word' id='word_1_39' title='bbox 1504 1453 1734 1560; x_wconf 82' lang='lat' dir='ltr'><strong>Regiualdus</strong></span> <span class='ocrx_word' id='word_1_40' title='bbox 1748 1453 1783 1529; x_wconf 93' lang='lat' dir='ltr'><strong>le</strong></span> <span class='ocrx_word' id='word_1_41' title='bbox 1804 1456 1902 1549; x_wconf 74' lang='lat' dir='ltr'><strong>Bocu</strong></span> 
     </span>
     <span class='ocr_line' id='line_1_7' title="bbox 476 1582 1905 1697; baseline -0.003 -32"><span class='ocrx_word' id='word_1_42' title='bbox 476 1608 513 1666; x_wconf 90' lang='lat' dir='ltr'><strong>et</strong></span> <span class='ocrx_word' id='word_1_43' title='bbox 540 1590 755 1697; x_wconf 80' lang='lat' dir='ltr'><strong>Stephanus</strong></span> <span class='ocrx_word' id='word_1_44' title='bbox 782 1590 830 1665; x_wconf 87' lang='lat' dir='ltr'><strong>de</strong></span> <span class='ocrx_word' id='word_1_45' title='bbox 860 1588 995 1695; x_wconf 87' lang='lat' dir='ltr'><strong>Gurgi,</strong></span> <span class='ocrx_word' id='word_1_46' title='bbox 1029 1617 1072 1663; x_wconf 88' lang='lat' dir='ltr'><strong>ac</strong></span> <span class='ocrx_word' id='word_1_47' title='bbox 1100 1586 1179 1663; x_wconf 91' lang='lat' dir='ltr'><strong>duo</strong></span> <span class='ocrx_word' id='word_1_48' title='bbox 1209 1586 1271 1661; x_wconf 84' lang='lat' dir='ltr'><strong>alii</strong></span> <span class='ocrx_word' id='word_1_49' title='bbox 1306 1584 1494 1670; x_wconf 79' lang='lat' dir='ltr'><strong>scutiferi,</strong></span> <span class='ocrx_word' id='word_1_50' title='bbox 1521 1582 1649 1688; x_wconf 90' lang='lat' dir='ltr'><strong>plures</strong></span> <span class='ocrx_word' id='word_1_51' title='bbox 1681 1585 1840 1691; x_wconf 87' lang='lat' dir='ltr'><strong>injurias</strong></span> <span class='ocrx_word' id='word_1_52' title='bbox 1869 1603 1905 1661; x_wconf 88' lang='lat' dir='ltr'><strong>et</strong></span> 
     </span>
     <span class='ocr_line' id='line_1_8' title="bbox 475 1714 1905 1823; baseline -0.003 -28"><span class='ocrx_word' id='word_1_53' title='bbox 475 1719 638 1798; x_wconf 91' lang='lat' dir='ltr'><strong>lesiones</strong></span> <span class='ocrx_word' id='word_1_54' title='bbox 658 1719 863 1796; x_wconf 85' lang='lat' dir='ltr'><strong>intulerant</strong></span> <span class='ocrx_word' id='word_1_55' title='bbox 886 1719 1028 1807; x_wconf 87' lang='lat' dir='ltr'><strong>eidem,</strong></span> <span class='ocrx_word' id='word_1_56' title='bbox 1055 1717 1286 1823; x_wconf 89' lang='lat' dir='ltr'><strong>requirendo</strong></span> <span class='ocrx_word' id='word_1_57' title='bbox 1314 1714 1479 1822; x_wconf 88' lang='lat' dir='ltr'><strong>predicta</strong></span> <span class='ocrx_word' id='word_1_58' title='bbox 1505 1732 1767 1821; x_wconf 87' lang='lat' dir='ltr'><strong>competenter</strong></span> <span class='ocrx_word' id='word_1_59' title='bbox 1786 1744 1905 1793; x_wconf 82' lang='lat' dir='ltr'><strong>emen</strong></span> 
     </span>
     <span class='ocr_line' id='line_1_9' title="bbox 477 1846 1905 1955; baseline -0.004 -28"><span class='ocrx_word' id='word_1_60' title='bbox 477 1850 558 1927; x_wconf 86' lang='lat' dir='ltr'><strong>dari</strong></span> <span class='ocrx_word' id='word_1_61' title='bbox 576 1866 615 1926; x_wconf 89' lang='lat' dir='ltr'><strong>et</strong></span> <span class='ocrx_word' id='word_1_62' title='bbox 626 1850 776 1955; x_wconf 88' lang='lat' dir='ltr'><strong>puniri:</strong></span> <span class='ocrx_word' id='word_1_63' title='bbox 795 1851 916 1955; x_wconf 86' lang='lat' dir='ltr'><strong>Super</strong></span> <span class='ocrx_word' id='word_1_64' title='bbox 931 1848 1127 1955; x_wconf 81' lang='lat' dir='ltr'><strong>predictis,</strong></span> <span class='ocrx_word' id='word_1_65' title='bbox 1147 1846 1384 1924; x_wconf 83' lang='lat' dir='ltr'><strong>demandato</strong></span> <span class='ocrx_word' id='word_1_66' title='bbox 1400 1848 1503 1924; x_wconf 89' lang='lat' dir='ltr'><strong>curie</strong></span> <span class='ocrx_word' id='word_1_67' title='bbox 1517 1862 1659 1933; x_wconf 89' lang='lat' dir='ltr'><strong>nostro,</strong></span> <span class='ocrx_word' id='word_1_68' title='bbox 1678 1848 1816 1923; x_wconf 84' lang='lat' dir='ltr'><strong>vocatis</strong></span> <span class='ocrx_word' id='word_1_69' title='bbox 1831 1874 1905 1951; x_wconf 88' lang='lat' dir='ltr'><strong>par·</strong></span> 
     </span>
     <span class='ocr_line' id='line_1_10' title="bbox 476 1979 1903 2086; baseline -0.002 -30"><span class='ocrx_word' id='word_1_70' title='bbox 476 1980 594 2073; x_wconf 89' lang='lat' dir='ltr'><strong>tibus,</strong></span> <span class='ocrx_word' id='word_1_71' title='bbox 617 1980 795 2086; x_wconf 86' lang='lat' dir='ltr'><strong>inquisita</strong></span> <span class='ocrx_word' id='word_1_72' title='bbox 810 1982 963 2058; x_wconf 79' lang='lat' dir='ltr'><strong>veritate</strong></span> <span class='ocrx_word' id='word_1_73' title='bbox 988 1996 1026 2057; x_wconf 90' lang='lat' dir='ltr'><strong>et</strong></span> <span class='ocrx_word' id='word_1_74' title='bbox 1050 1979 1097 2056; x_wconf 87' lang='lat' dir='ltr'><strong>ad</strong></span> <span class='ocrx_word' id='word_1_75' title='bbox 1124 1980 1267 2055; x_wconf 88' lang='lat' dir='ltr'><strong>curiam</strong></span> <span class='ocrx_word' id='word_1_76' title='bbox 1286 1994 1491 2084; x_wconf 86' lang='lat' dir='ltr'><strong>reportata,</strong></span> <span class='ocrx_word' id='word_1_77' title='bbox 1512 2006 1579 2083; x_wconf 87' lang='lat' dir='ltr'><strong>per</strong></span> <span class='ocrx_word' id='word_1_78' title='bbox 1600 1994 1785 2084; x_wconf 85' lang='lat' dir='ltr'><strong>arrestum</strong></span> <span class='ocrx_word' id='word_1_79' title='bbox 1805 1980 1903 2054; x_wconf 88' lang='lat' dir='ltr'><strong>curie</strong></span> 
     </span>
     <span class='ocr_line' id='line_1_11' title="bbox 478 2107 1905 2217; baseline -0.003 -30"><span class='ocrx_word' id='word_1_80' title='bbox 478 2128 604 2187; x_wconf 91' lang='lat' dir='ltr'><strong>nostre</strong></span> <span class='ocrx_word' id='word_1_81' title='bbox 627 2112 771 2188; x_wconf 89' lang='lat' dir='ltr'><strong>dictum</strong></span> <span class='ocrx_word' id='word_1_82' title='bbox 791 2112 864 2190; x_wconf 86' lang='lat' dir='ltr'><strong>fuit</strong></span> <span class='ocrx_word' id='word_1_83' title='bbox 883 2111 987 2217; x_wconf 94' lang='lat' dir='ltr'><strong>quod</strong></span> <span class='ocrx_word' id='word_1_84' title='bbox 1007 2110 1167 2217; x_wconf 78' lang='lat' dir='ltr'><strong>predicti</strong></span> <span class='ocrx_word' id='word_1_85' title='bbox 1184 2108 1413 2217; x_wconf 84' lang='lat' dir='ltr'><strong>Reginaldus</strong></span> <span class='ocrx_word' id='word_1_86' title='bbox 1434 2108 1556 2197; x_wconf 84' lang='lat' dir='ltr'><strong>Souef</strong></span> <span class='ocrx_word' id='word_1_87' title='bbox 1572 2125 1609 2185; x_wconf 90' lang='lat' dir='ltr'><strong>et</strong></span> <span class='ocrx_word' id='word_1_88' title='bbox 1629 2107 1858 2215; x_wconf 84' lang='lat' dir='ltr'><strong>Reginaldus</strong></span> <span class='ocrx_word' id='word_1_89' title='bbox 1871 2110 1905 2183; x_wconf 89' lang='lat' dir='ltr'><strong>le</strong></span> 
     </span>
     <span class='ocr_line' id='line_1_12' title="bbox 477 2238 1901 2347; baseline -0.002 -29"><span class='ocrx_word' id='word_1_90' title='bbox 477 2243 595 2340; x_wconf 75' lang='lat' dir='ltr'><strong>Boqu,</strong></span> <span class='ocrx_word' id='word_1_91' title='bbox 612 2270 680 2347; x_wconf 91' lang='lat' dir='ltr'><strong>pro</strong></span> <span class='ocrx_word' id='word_1_92' title='bbox 699 2242 859 2319; x_wconf 86' lang='lat' dir='ltr'><strong>emenda</strong></span> <span class='ocrx_word' id='word_1_93' title='bbox 874 2240 1057 2318; x_wconf 89' lang='lat' dir='ltr'><strong>factorum</strong></span> <span class='ocrx_word' id='word_1_94' title='bbox 1074 2240 1348 2346; x_wconf 86' lang='lat' dir='ltr'><strong>predictorum,</strong></span> <span class='ocrx_word' id='word_1_95' title='bbox 1369 2238 1469 2315; x_wconf 90' lang='lat' dir='ltr'><strong>dicto</strong></span> <span class='ocrx_word' id='word_1_96' title='bbox 1485 2238 1563 2315; x_wconf 90' lang='lat' dir='ltr'><strong>leso</strong></span> <span class='ocrx_word' id='word_1_97' title='bbox 1581 2238 1760 2315; x_wconf 86' lang='lat' dir='ltr'><strong>ducentas</strong></span> <span class='ocrx_word' id='word_1_98' title='bbox 1775 2238 1901 2324; x_wconf 86' lang='lat' dir='ltr'><strong>libras,</strong></span> 
     </span>
     <span class='ocr_line' id='line_1_13' title="bbox 479 2368 1905 2481; baseline -0.001 -33"><span class='ocrx_word' id='word_1_99' title='bbox 479 2389 516 2448; x_wconf 91' lang='lat' dir='ltr'><strong>et</strong></span> <span class='ocrx_word' id='word_1_100' title='bbox 535 2370 692 2450; x_wconf 90' lang='lat' dir='ltr'><strong>domino</strong></span> <span class='ocrx_word' id='word_1_101' title='bbox 713 2374 822 2481; x_wconf 82' lang='lat' dir='ltr'><strong>Regi,</strong></span> <span class='ocrx_word' id='word_1_102' title='bbox 843 2373 932 2450; x_wconf 87' lang='lat' dir='ltr'><strong>alias</strong></span> <span class='ocrx_word' id='word_1_103' title='bbox 951 2372 1132 2449; x_wconf 83' lang='lat' dir='ltr'><strong>ducentas</strong></span> <span class='ocrx_word' id='word_1_104' title='bbox 1153 2370 1266 2448; x_wconf 87' lang='lat' dir='ltr'><strong>libras</strong></span> <span class='ocrx_word' id='word_1_105' title='bbox 1283 2372 1528 2449; x_wconf 89' lang='lat' dir='ltr'><strong>Turonenses</strong></span> <span class='ocrx_word' id='word_1_106' title='bbox 1547 2368 1779 2475; x_wconf 87' lang='lat' dir='ltr'><strong>persolvent,</strong></span> <span class='ocrx_word' id='word_1_107' title='bbox 1797 2387 1836 2445; x_wconf 89' lang='lat' dir='ltr'><strong>et</strong></span> <span class='ocrx_word' id='word_1_108' title='bbox 1851 2386 1905 2447; x_wconf 88' lang='lat' dir='ltr'><strong>te-</strong></span> 
     </span>
     <span class='ocr_line' id='line_1_14' title="bbox 478 2500 1907 2611; baseline -0.001 -32"><span class='ocrx_word' id='word_1_109' title='bbox 478 2502 626 2580; x_wconf 91' lang='lat' dir='ltr'><strong>nebunt</strong></span> <span class='ocrx_word' id='word_1_110' title='bbox 647 2504 853 2611; x_wconf 86' lang='lat' dir='ltr'><strong>prisionem</strong></span> <span class='ocrx_word' id='word_1_111' title='bbox 879 2506 919 2581; x_wconf 91' lang='lat' dir='ltr'><strong>in</strong></span> <span class='ocrx_word' id='word_1_112' title='bbox 940 2503 1145 2582; x_wconf 86' lang='lat' dir='ltr'><strong>Castelleto</strong></span> <span class='ocrx_word' id='word_1_113' title='bbox 1168 2502 1383 2589; x_wconf 90' lang='lat' dir='ltr'><strong>Parisiensi,</strong></span> <span class='ocrx_word' id='word_1_114' title='bbox 1407 2530 1607 2609; x_wconf 83' lang='lat' dir='ltr'><strong>quousque</strong></span> <span class='ocrx_word' id='word_1_115' title='bbox 1630 2500 1700 2607; x_wconf 89' lang='lat' dir='ltr'><strong>ipsi</strong></span> <span class='ocrx_word' id='word_1_116' title='bbox 1729 2501 1907 2579; x_wconf 81' lang='lat' dir='ltr'><strong>solverint</strong></span> 
     </span>
    </p>

    <p class='ocr_par' dir='ltr' id='par_1_5' title="bbox 375 2633 2042 3235">
     <span class='ocr_line' id='line_1_15' title="bbox 375 2633 1907 2743; baseline 0 -34"><span class='ocrx_word' id='word_1_117' title='bbox 375 2692 379 2700; x_wconf 90' lang='lat'>.</span> <span class='ocrx_word' id='word_1_118' title='bbox 478 2635 771 2743; x_wconf 84' lang='lat' dir='ltr'><strong>quadringentas</strong></span> <span class='ocrx_word' id='word_1_119' title='bbox 787 2635 902 2712; x_wconf 86' lang='lat' dir='ltr'><strong>libras</strong></span> <span class='ocrx_word' id='word_1_120' title='bbox 920 2635 1117 2741; x_wconf 84' lang='lat' dir='ltr'><strong>predictas.</strong></span> <span class='ocrx_word' id='word_1_121' title='bbox 1140 2635 1270 2713; x_wconf 85' lang='lat' dir='ltr'><strong>Dictus</strong></span> <span class='ocrx_word' id='word_1_122' title='bbox 1291 2660 1378 2711; x_wconf 89' lang='lat' dir='ltr'><strong>vero</strong></span> <span class='ocrx_word' id='word_1_123' title='bbox 1398 2633 1628 2739; x_wconf 77' lang='lat' dir='ltr'><strong>Stephanus,</strong></span> <span class='ocrx_word' id='word_1_124' title='bbox 1648 2650 1778 2710; x_wconf 85' lang='lat' dir='ltr'><strong>contra</strong></span> <span class='ocrx_word' id='word_1_125' title='bbox 1794 2662 1907 2739; x_wconf 90' lang='lat' dir='ltr'><strong>quem</strong></span> 
     </span>
     <span class='ocr_line' id='line_1_16' title="bbox 479 2763 2042 2872; baseline 0.001 -32"><span class='ocrx_word' id='word_1_126' title='bbox 479 2765 596 2843; x_wconf 85' lang='lat' dir='ltr'><strong>nichil</strong></span> <span class='ocrx_word' id='word_1_127' title='bbox 617 2766 688 2843; x_wconf 85' lang='lat' dir='ltr'><strong>fuit</strong></span> <span class='ocrx_word' id='word_1_128' title='bbox 705 2769 898 2843; x_wconf 85' lang='lat' dir='ltr'><strong>inventum</strong></span> <span class='ocrx_word' id='word_1_129' title='bbox 914 2766 1132 2872; x_wconf 85' lang='lat' dir='ltr'><strong>probatum,</strong></span> <span class='ocrx_word' id='word_1_130' title='bbox 1149 2765 1343 2843; x_wconf 87' lang='lat' dir='ltr'><strong>absolutus</strong></span> <span class='ocrx_word' id='word_1_131' title='bbox 1362 2764 1435 2841; x_wconf 88' lang='lat' dir='ltr'><strong>fuit</strong></span> <span class='ocrx_word' id='word_1_132' title='bbox 1451 2794 1470 2840; x_wconf 85' lang='lat' dir='ltr'><strong>a</strong></span> <span class='ocrx_word' id='word_1_133' title='bbox 1486 2763 1683 2869; x_wconf 84' lang='lat' dir='ltr'><strong>predictis,</strong></span> <span class='ocrx_word' id='word_1_134' title='bbox 1702 2782 1758 2851; x_wconf 89' lang='lat' dir='ltr'><strong>et,</strong></span> <span class='ocrx_word' id='word_1_135' title='bbox 1781 2782 1907 2841; x_wconf 83' lang='lat' dir='ltr'><strong>contra</strong></span> <span class='ocrx_word' id='word_1_136' title='bbox 2035 2852 2042 2865; x_wconf 30' lang='grc' dir='ltr'><strong><em>ι</em></strong></span> 
     </span>
     <span class='ocr_line' id='line_1_17' title="bbox 480 2895 1908 3003; baseline 0.002 -33"><span class='ocrx_word' id='word_1_137' title='bbox 480 2896 666 3001; x_wconf 87' lang='lat' dir='ltr'><strong>predictos</strong></span> <span class='ocrx_word' id='word_1_138' title='bbox 686 2896 881 2973; x_wconf 82' lang='lat' dir='ltr'><strong>scutiferos</strong></span> <span class='ocrx_word' id='word_1_139' title='bbox 899 2914 1026 2972; x_wconf 86' lang='lat' dir='ltr'><strong>contra</strong></span> <span class='ocrx_word' id='word_1_140' title='bbox 1046 2924 1142 3003; x_wconf 91' lang='lat' dir='ltr'><strong>quos</strong></span> <span class='ocrx_word' id='word_1_141' title='bbox 1163 2895 1329 2973; x_wconf 87' lang='lat' dir='ltr'><strong>nonfuit</strong></span> <span class='ocrx_word' id='word_1_142' title='bbox 1347 2895 1585 3001; x_wconf 87' lang='lat' dir='ltr'><strong>inquisitum,</strong></span> <span class='ocrx_word' id='word_1_143' title='bbox 1603 2896 1691 3002; x_wconf 90' lang='lat' dir='ltr'><strong>ipsis</strong></span> <span class='ocrx_word' id='word_1_144' title='bbox 1708 2896 1908 2973; x_wconf 79' lang='lat' dir='ltr'><strong>vocatis&#39;ad</strong></span> 
     </span>
     <span class='ocr_line' id='line_1_18' title="bbox 480 3025 1908 3133; baseline 0 -31"><span class='ocrx_word' id='word_1_145' title='bbox 480 3026 596 3102; x_wconf 87' lang='lat' dir='ltr'><strong>linem</strong></span> <span class='ocrx_word' id='word_1_146' title='bbox 617 3026 781 3115; x_wconf 88' lang='lat' dir='ltr'><strong>civilem,</strong></span> <span class='ocrx_word' id='word_1_147' title='bbox 799 3027 931 3104; x_wconf 85' lang='lat' dir='ltr'><strong>veritas</strong></span> <span class='ocrx_word' id='word_1_148' title='bbox 951 3027 1174 3133; x_wconf 89' lang='lat' dir='ltr'><strong>inquiretur,</strong></span> <span class='ocrx_word' id='word_1_149' title='bbox 1187 3044 1226 3103; x_wconf 89' lang='lat' dir='ltr'><strong>et</strong></span> <span class='ocrx_word' id='word_1_150' title='bbox 1242 3026 1352 3105; x_wconf 85' lang='lat' dir='ltr'><strong>faciet</strong></span> <span class='ocrx_word' id='word_1_151' title='bbox 1368 3026 1472 3102; x_wconf 91' lang='lat' dir='ltr'><strong>curia</strong></span> <span class='ocrx_word' id='word_1_152' title='bbox 1492 3056 1605 3131; x_wconf 88' lang='lat' dir='ltr'><strong>super</strong></span> <span class='ocrx_word' id='word_1_153' title='bbox 1617 3026 1692 3103; x_wconf 93' lang='lat' dir='ltr'><strong>hoc</strong></span> <span class='ocrx_word' id='word_1_154' title='bbox 1708 3026 1814 3131; x_wconf 91' lang='lat' dir='ltr'><strong>quod</strong></span> <span class='ocrx_word' id='word_1_155' title='bbox 1830 3025 1908 3102; x_wconf 90' lang='lat' dir='ltr'><strong>fue·</strong></span> 
     </span>
     <span class='ocr_line' id='line_1_19' title="bbox 480 3157 723 3235; baseline 0 -2"><span class='ocrx_word' id='word_1_156' title='bbox 480 3158 529 3233; x_wconf 90' lang='lat' dir='ltr'><strong>rit</strong></span> <span class='ocrx_word' id='word_1_157' title='bbox 550 3157 723 3235; x_wconf 87' lang='lat' dir='ltr'><strong>racionis.</strong></span> 
     </span>
    </p>

    <p class='ocr_par' dir='ltr' id='par_1_6' title="bbox 536 3290 993 3367">
     <span class='ocr_line' id='line_1_20' title="bbox 536 3290 993 3367; baseline 0.002 -2"><span class='ocrx_word' id='word_1_158' title='bbox 536 3290 645 3365; x_wconf 89' lang='lat' dir='ltr'><strong>Lune</strong></span> <span class='ocrx_word' id='word_1_159' title='bbox 664 3305 748 3366; x_wconf 84' lang='lat' dir='ltr'><strong>ante</strong></span> <span class='ocrx_word' id='word_1_160' title='bbox 765 3290 993 3367; x_wconf 87' lang='lat' dir='ltr'><strong>Braudoues.</strong></span> 
     </span>
    </p>
   </div>
   <div class='ocr_carea' id='block_1_5' title="bbox 479 3551 1909 4841">
    <p class='ocr_par' dir='ltr' id='par_1_7' title="bbox 479 3551 1909 4841">
     <span class='ocr_line' id='line_1_21' title="bbox 534 3551 1908 3659; baseline -0.001 -26"><span class='ocrx_word' id='word_1_161' title='bbox 534 3555 576 3634; x_wconf 92' lang='lat' dir='ltr'><strong>C.</strong></span> <span class='ocrx_word' id='word_1_162' title='bbox 608 3555 725 3642; x_wconf 91' lang='lat' dir='ltr'><strong>Cum,</strong></span> <span class='ocrx_word' id='word_1_163' title='bbox 748 3555 788 3631; x_wconf 88' lang='lat' dir='ltr'><strong>in</strong></span> <span class='ocrx_word' id='word_1_164' title='bbox 802 3580 908 3630; x_wconf 85' lang='lat' dir='ltr'><strong>causa</strong></span> <span class='ocrx_word' id='word_1_165' title='bbox 927 3580 1052 3629; x_wconf 89' lang='lat' dir='ltr'><strong>coram</strong></span> <span class='ocrx_word' id='word_1_166' title='bbox 1073 3552 1265 3658; x_wconf 89' lang='lat' dir='ltr'><strong>preposito</strong></span> <span class='ocrx_word' id='word_1_167' title='bbox 1284 3551 1480 3628; x_wconf 88' lang='lat' dir='ltr'><strong>Parisiensi</strong></span> <span class='ocrx_word' id='word_1_168' title='bbox 1499 3552 1706 3659; x_wconf 80' lang='lat' dir='ltr'><strong>pendente,</strong></span> <span class='ocrx_word' id='word_1_169' title='bbox 1729 3556 1828 3633; x_wconf 88' lang='lat' dir='ltr'><strong>iuter</strong></span> <span class='ocrx_word' id='word_1_170' title='bbox 1849 3557 1908 3632; x_wconf 94' lang='lat' dir='ltr'><strong>Ni-</strong></span> 
     </span>
     <span class='ocr_line' id='line_1_22' title="bbox 479 3680 1907 3787; baseline 0 -26"><span class='ocrx_word' id='word_1_171' title='bbox 479 3715 573 3761; x_wconf 91' lang='lat' dir='ltr'><strong>num</strong></span> <span class='ocrx_word' id='word_1_172' title='bbox 596 3685 644 3760; x_wconf 90' lang='lat' dir='ltr'><strong>de</strong></span> <span class='ocrx_word' id='word_1_173' title='bbox 664 3682 1015 3768; x_wconf 82' lang='lat' dir='ltr'><strong>Castro-Arentini,</strong></span> <span class='ocrx_word' id='word_1_174' title='bbox 1036 3699 1318 3787; x_wconf 89' lang='lat' dir='ltr'><strong>procuratorem</strong></span> <span class='ocrx_word' id='word_1_175' title='bbox 1342 3680 1464 3758; x_wconf 85' lang='lat' dir='ltr'><strong>fratris</strong></span> <span class='ocrx_word' id='word_1_176' title='bbox 1484 3683 1686 3761; x_wconf 89' lang='lat' dir='ltr'><strong>Tholomei</strong></span> <span class='ocrx_word' id='word_1_177' title='bbox 1709 3704 1746 3761; x_wconf 89' lang='lat' dir='ltr'><strong>et</strong></span> <span class='ocrx_word' id='word_1_178' title='bbox 1769 3687 1907 3762; x_wconf 84' lang='lat' dir='ltr'><strong>Lazarii</strong></span> 
     </span>
     <span class='ocr_line' id='line_1_23' title="bbox 479 3813 1906 3907; baseline 0.002 -15"><span class='ocrx_word' id='word_1_179' title='bbox 479 3818 527 3893; x_wconf 88' lang='lat' dir='ltr'><strong>de</strong></span> <span class='ocrx_word' id='word_1_180' title='bbox 552 3815 740 3902; x_wconf 87' lang='lat' dir='ltr'><strong>Fondera,</strong></span> <span class='ocrx_word' id='word_1_181' title='bbox 763 3831 1023 3900; x_wconf 79' lang='lat' dir='ltr'><strong>executurum,</strong></span> <span class='ocrx_word' id='word_1_182' title='bbox 1047 3830 1090 3889; x_wconf 90' lang='lat' dir='ltr'><strong>ut</strong></span> <span class='ocrx_word' id='word_1_183' title='bbox 1110 3813 1258 3903; x_wconf 89' lang='lat' dir='ltr'><strong>dicitur,</strong></span> <span class='ocrx_word' id='word_1_184' title='bbox 1278 3814 1446 3891; x_wconf 76' lang='lat' dir='ltr'><strong>defuncti</strong></span> <span class='ocrx_word' id='word_1_185' title='bbox 1460 3815 1589 3894; x_wconf 88' lang='lat' dir='ltr'><strong>Labbe</strong></span> <span class='ocrx_word' id='word_1_186' title='bbox 1609 3816 1838 3907; x_wconf 82' lang='lat' dir='ltr'><strong>Girarduce,</strong></span> <span class='ocrx_word' id='word_1_187' title='bbox 1862 3820 1906 3895; x_wconf 90' lang='lat' dir='ltr'><strong>dc</strong></span> 
     </span>
     <span class='ocr_line' id='line_1_24' title="bbox 479 3943 1909 4051; baseline 0.003 -29"><span class='ocrx_word' id='word_1_188' title='bbox 479 3946 666 4041; x_wconf 83' lang='lat' dir='ltr'><strong>Luca,ex</strong></span> <span class='ocrx_word' id='word_1_189' title='bbox 680 3972 754 4019; x_wconf 89' lang='lat' dir='ltr'><strong>una</strong></span> <span class='ocrx_word' id='word_1_190' title='bbox 771 3960 891 4047; x_wconf 85' lang='lat' dir='ltr'><strong>parte,</strong></span> <span class='ocrx_word' id='word_1_191' title='bbox 916 3960 953 4019; x_wconf 91' lang='lat' dir='ltr'><strong>et</strong></span> <span class='ocrx_word' id='word_1_192' title='bbox 975 3944 1095 4019; x_wconf 86' lang='lat' dir='ltr'><strong>dictos</strong></span> <span class='ocrx_word' id='word_1_193' title='bbox 1115 3943 1361 4051; x_wconf 90' lang='lat' dir='ltr'><strong>Quinquenel</strong></span> <span class='ocrx_word' id='word_1_194' title='bbox 1382 3962 1420 4021; x_wconf 90' lang='lat' dir='ltr'><strong>et</strong></span> <span class='ocrx_word' id='word_1_195' title='bbox 1439 3945 1628 4038; x_wconf 84' lang='lat' dir='ltr'><strong>Tenaille,</strong></span> <span class='ocrx_word' id='word_1_196' title='bbox 1652 3948 1700 4025; x_wconf 91' lang='lat' dir='ltr'><strong>de</strong></span> <span class='ocrx_word' id='word_1_197' title='bbox 1722 3950 1841 4037; x_wconf 85' lang='lat' dir='ltr'><strong>Luca,</strong></span> <span class='ocrx_word' id='word_1_198' title='bbox 1866 3978 1909 4025; x_wconf 84' lang='lat' dir='ltr'><strong>ex</strong></span> 
     </span>
     <span class='ocr_line' id='line_1_25' title="bbox 481 4065 1909 4183; baseline 0.001 -30"><span class='ocrx_word' id='word_1_199' title='bbox 481 4065 612 4163; x_wconf 81' lang='lat' dir='ltr'><strong>altera&#39;,</strong></span> <span class='ocrx_word' id='word_1_200' title='bbox 637 4075 841 4182; x_wconf 77' lang='lat' dir='ltr'><strong>aquodam</strong></span> <span class='ocrx_word' id='word_1_201' title='bbox 862 4074 1140 4152; x_wconf 88' lang='lat' dir='ltr'><strong>interlocutoria</strong></span> <span class='ocrx_word' id='word_1_202' title='bbox 1160 4104 1229 4182; x_wconf 91' lang='lat' dir='ltr'><strong>per</strong></span> <span class='ocrx_word' id='word_1_203' title='bbox 1251 4075 1395 4152; x_wconf 88' lang='lat' dir='ltr'><strong>dictum</strong></span> <span class='ocrx_word' id='word_1_204' title='bbox 1420 4078 1655 4183; x_wconf 85' lang='lat' dir='ltr'><strong>prepositum</strong></span> <span class='ocrx_word' id='word_1_205' title='bbox 1684 4078 1756 4156; x_wconf 85' lang='lat' dir='ltr'><strong>lata</strong></span> <span class='ocrx_word' id='word_1_206' title='bbox 1782 4098 1909 4157; x_wconf 86' lang='lat' dir='ltr'><strong>contra</strong></span> 
     </span>
     <span class='ocr_line' id='line_1_26' title="bbox 480 4204 1908 4318; baseline 0.003 -35"><span class='ocrx_word' id='word_1_207' title='bbox 480 4207 668 4314; x_wconf 86' lang='lat' dir='ltr'><strong>predictos</strong></span> <span class='ocrx_word' id='word_1_208' title='bbox 683 4204 924 4314; x_wconf 89' lang='lat' dir='ltr'><strong>Quinquenel</strong></span> <span class='ocrx_word' id='word_1_209' title='bbox 946 4225 983 4283; x_wconf 87' lang='lat' dir='ltr'><strong>et</strong></span> <span class='ocrx_word' id='word_1_210' title='bbox 1001 4206 1188 4297; x_wconf 89' lang='lat' dir='ltr'><strong>Tenaille,</strong></span> <span class='ocrx_word' id='word_1_211' title='bbox 1206 4234 1276 4312; x_wconf 92' lang='lat' dir='ltr'><strong>pro</strong></span> <span class='ocrx_word' id='word_1_212' title='bbox 1291 4224 1394 4312; x_wconf 87' lang='lat' dir='ltr'><strong>parte</strong></span> <span class='ocrx_word' id='word_1_213' title='bbox 1414 4208 1587 4297; x_wconf 86' lang='lat' dir='ltr'><strong>adversa,</strong></span> <span class='ocrx_word' id='word_1_214' title='bbox 1609 4209 1696 4317; x_wconf 91' lang='lat' dir='ltr'><strong>ipsi,</strong></span> <span class='ocrx_word' id='word_1_215' title='bbox 1716 4228 1908 4318; x_wconf 84' lang='lat' dir='ltr'><strong>tamquam</strong></span> 
     </span>
     <span class='ocr_line' id='line_1_27' title="bbox 480 4336 1908 4444; baseline 0.004 -30"><span class='ocrx_word' id='word_1_216' title='bbox 480 4339 607 4415; x_wconf 82' lang='lat' dir='ltr'><strong>afalsa</strong></span> <span class='ocrx_word' id='word_1_217' title='bbox 627 4356 665 4414; x_wconf 91' lang='lat' dir='ltr'><strong>et</strong></span> <span class='ocrx_word' id='word_1_218' title='bbox 679 4365 807 4443; x_wconf 87' lang='lat' dir='ltr'><strong>prava,</strong></span> <span class='ocrx_word' id='word_1_219' title='bbox 827 4336 875 4413; x_wconf 85' lang='lat' dir='ltr'><strong>ad</strong></span> <span class='ocrx_word' id='word_1_220' title='bbox 888 4353 1057 4414; x_wconf 84' lang='lat' dir='ltr'><strong>nostram</strong></span> <span class='ocrx_word' id='word_1_221' title='bbox 1077 4338 1220 4414; x_wconf 87' lang='lat' dir='ltr'><strong>curiam</strong></span> <span class='ocrx_word' id='word_1_222' title='bbox 1241 4338 1487 4444; x_wconf 83' lang='lat' dir='ltr'><strong>appellassent</strong></span> <span class='ocrx_word' id='word_1_223' title='bbox 1502 4370 1511 4416; x_wconf 77' lang='lat' dir='ltr'><strong>r</strong></span> <span class='ocrx_word' id='word_1_224' title='bbox 1528 4340 1717 4431; x_wconf 85' lang='lat' dir='ltr'><strong>Tandem,</strong></span> <span class='ocrx_word' id='word_1_225' title='bbox 1738 4342 1779 4417; x_wconf 91' lang='lat' dir='ltr'><strong>in</strong></span> <span class='ocrx_word' id='word_1_226' title='bbox 1800 4370 1908 4419; x_wconf 85' lang='lat' dir='ltr'><strong>causa</strong></span> 
     </span>
     <span class='ocr_line' id='line_1_28' title="bbox 481 4468 1907 4580; baseline 0.004 -35"><span class='ocrx_word' id='word_1_227' title='bbox 481 4469 580 4547; x_wconf 91' lang='lat' dir='ltr'><strong>dicte</strong></span> <span class='ocrx_word' id='word_1_228' title='bbox 600 4468 883 4576; x_wconf 86' lang='lat' dir='ltr'><strong>appellacionis,</strong></span> <span class='ocrx_word' id='word_1_229' title='bbox 904 4469 1082 4575; x_wconf 88' lang='lat' dir='ltr'><strong>predictis</strong></span> <span class='ocrx_word' id='word_1_230' title='bbox 1101 4469 1271 4575; x_wconf 89' lang='lat' dir='ltr'><strong>partibus</strong></span> <span class='ocrx_word' id='word_1_231' title='bbox 1291 4469 1445 4559; x_wconf 86' lang='lat' dir='ltr'><strong>auditis,</strong></span> <span class='ocrx_word' id='word_1_232' title='bbox 1468 4487 1506 4548; x_wconf 85' lang='lat' dir='ltr'><strong>et</strong></span> <span class='ocrx_word' id='word_1_233' title='bbox 1531 4472 1609 4549; x_wconf 81' lang='lat' dir='ltr'><strong>viso</strong></span> <span class='ocrx_word' id='word_1_234' title='bbox 1629 4502 1806 4580; x_wconf 90' lang='lat' dir='ltr'><strong>processu</strong></span> <span class='ocrx_word' id='word_1_235' title='bbox 1826 4502 1907 4580; x_wconf 87' lang='lat' dir='ltr'><strong>pre·</strong></span> 
     </span>
     <span class='ocr_line' id='line_1_29' title="bbox 480 4599 1905 4712; baseline 0.005 -39"><span class='ocrx_word' id='word_1_236' title='bbox 480 4600 597 4689; x_wconf 86' lang='lat' dir='ltr'><strong>dicto,</strong></span> <span class='ocrx_word' id='word_1_237' title='bbox 618 4630 686 4707; x_wconf 91' lang='lat' dir='ltr'><strong>per</strong></span> <span class='ocrx_word' id='word_1_238' title='bbox 708 4601 811 4678; x_wconf 89' lang='lat' dir='ltr'><strong>curie</strong></span> <span class='ocrx_word' id='word_1_239' title='bbox 832 4616 959 4678; x_wconf 87' lang='lat' dir='ltr'><strong>nostre</strong></span> <span class='ocrx_word' id='word_1_240' title='bbox 977 4599 1167 4709; x_wconf 87' lang='lat' dir='ltr'><strong>judicium</strong></span> <span class='ocrx_word' id='word_1_241' title='bbox 1190 4601 1333 4678; x_wconf 87' lang='lat' dir='ltr'><strong>dictum</strong></span> <span class='ocrx_word' id='word_1_242' title='bbox 1352 4599 1424 4679; x_wconf 86' lang='lat' dir='ltr'><strong>fuit</strong></span> <span class='ocrx_word' id='word_1_243' title='bbox 1441 4601 1654 4707; x_wconf 87' lang='lat' dir='ltr'><strong>predictum</strong></span> <span class='ocrx_word' id='word_1_244' title='bbox 1672 4604 1905 4712; x_wconf 87' lang='lat' dir='ltr'><strong>prepositum</strong></span> 
     </span>
     <span class='ocr_line' id='line_1_30' title="bbox 481 4730 1906 4841; baseline 0.005 -36"><span class='ocrx_word' id='word_1_245' title='bbox 481 4730 577 4805; x_wconf 87' lang='lat' dir='ltr'><strong>male</strong></span> <span class='ocrx_word' id='word_1_246' title='bbox 593 4731 797 4837; x_wconf 86' lang='lat' dir='ltr'><strong>judicasse,</strong></span> <span class='ocrx_word' id='word_1_247' title='bbox 816 4750 854 4808; x_wconf 90' lang='lat' dir='ltr'><strong>et</strong></span> <span class='ocrx_word' id='word_1_248' title='bbox 873 4732 994 4809; x_wconf 89' lang='lat' dir='ltr'><strong>dictos</strong></span> <span class='ocrx_word' id='word_1_249' title='bbox 1013 4732 1243 4838; x_wconf 83' lang='lat' dir='ltr'><strong>appellantes</strong></span> <span class='ocrx_word' id='word_1_250' title='bbox 1260 4732 1359 4811; x_wconf 89' lang='lat' dir='ltr'><strong>hene</strong></span> <span class='ocrx_word' id='word_1_251' title='bbox 1373 4730 1596 4840; x_wconf 83' lang='lat' dir='ltr'><strong>appellasse,</strong></span> <span class='ocrx_word' id='word_1_252' title='bbox 1621 4752 1658 4811; x_wconf 89' lang='lat' dir='ltr'><strong>et</strong></span> <span class='ocrx_word' id='word_1_253' title='bbox 1682 4736 1788 4841; x_wconf 91' lang='lat' dir='ltr'><strong>quod</strong></span> <span class='ocrx_word' id='word_1_254' title='bbox 1808 4736 1906 4814; x_wconf 88' lang='lat' dir='ltr'><strong>dicte</strong></span> 
     </span>
    </p>
   </div>
   <div class='ocr_carea' id='block_1_6' title="bbox 481 4860 1905 5066">
    <p class='ocr_par' dir='ltr' id='par_1_8' title="bbox 481 4860 1905 5066">
     <span class='ocr_line' id='line_1_31' title="bbox 481 4860 1905 4974; baseline 0.009 -41"><span class='ocrx_word' id='word_1_255' title='bbox 481 4877 603 4964; x_wconf 88' lang='lat' dir='ltr'><strong>partes</strong></span> <span class='ocrx_word' id='word_1_256' title='bbox 615 4860 654 4935; x_wconf 90' lang='lat' dir='ltr'><strong>in</strong></span> <span class='ocrx_word' id='word_1_257' title='bbox 672 4862 837 4966; x_wconf 81' lang='lat' dir='ltr'><strong>predicta</strong></span> <span class='ocrx_word' id='word_1_258' title='bbox 851 4891 982 4940; x_wconf 88' lang='lat' dir='ltr'><strong>eorum</strong></span> <span class='ocrx_word' id='word_1_259' title='bbox 1000 4863 1195 4969; x_wconf 88' lang='lat' dir='ltr'><strong>principali</strong></span> <span class='ocrx_word' id='word_1_260' title='bbox 1211 4890 1318 4940; x_wconf 82' lang='lat' dir='ltr'><strong>cause</strong></span> <span class='ocrx_word' id='word_1_261' title='bbox 1334 4862 1494 4941; x_wconf 88' lang='lat' dir='ltr'><strong>ulterius</strong></span> <span class='ocrx_word' id='word_1_262' title='bbox 1508 4864 1547 4940; x_wconf 94' lang='lat' dir='ltr'><strong>in</strong></span> <span class='ocrx_word' id='word_1_263' title='bbox 1562 4866 1664 4943; x_wconf 87' lang='lat' dir='ltr'><strong>curia</strong></span> <span class='ocrx_word' id='word_1_264' title='bbox 1680 4883 1807 4945; x_wconf 86' lang='lat' dir='ltr'><strong>nostra</strong></span> <span class='ocrx_word' id='word_1_265' title='bbox 1823 4896 1905 4974; x_wconf 91' lang='lat' dir='ltr'><strong>pro·</strong></span> 
     </span>
     <span class='ocr_line' id='line_1_32' title="bbox 482 4990 630 5066; baseline -0.007 0"><span class='ocrx_word' id='word_1_266' title='bbox 482 4990 630 5066; x_wconf 89' lang='lat' dir='ltr'><strong>cedent.</strong></span> 
     </span>
    </p>
   </div>
   <div class='ocr_carea' id='block_1_7' title="bbox 0 0 2237 6209">
    <p class='ocr_par' dir='ltr' id='par_1_9' title="bbox 0 0 2237 6209">
     <span class='ocr_line' id='line_1_33' title="bbox 0 0 2237 6209; baseline 0 0"><span class='ocrx_word' id='word_1_267' title='bbox 0 0 2237 6209; x_wconf 95' lang='lat' dir='ltr'><strong> </strong></span> 
     </span>
    </p>
   </div>
  </div>
 </body>
</html>
